1742 3006
536 85 855 131 EPISTOLA
883 86 1056 132 XCVI.
1455 84 1547 136 329

71 201 121 242 ut
148 202 194 242 et
222 213 364 242 meam
393 200 439 243 et
466 202 716 244 ceterorum
745 213 853 255 erga
880 202 925 242 te
957 199 1094 242 fidem
1118 201 1164 242 et
1190 198 1549 243 benevolentiam

71 258 228 297 absens
258 258 529 313 experirere.
599 257 669 299 Te
708 256 865 298 videre
905 260 952 298 et
992 257 1158 298 sentire
1196 257 1381 298 eandem
1410 257 1549 298 fidem

72 326 169 354 esse
199 312 429 354 hominum
457 313 503 353 in
533 316 611 354 tua
640 313 886 368 dignitate,
926 324 1058 366 quam
1087 326 1170 366 ego
1200 314 1248 354 in
1277 326 1375 355 mea
1402 314 1549 354 salute

73 382 169 409 sum
201 373 436 424 expertus,
467 382 526 409 ex
556 369 645 410 tuis
669 369 816 410 literis
839 368 1067 409 intellexi.
1126 368 1221 410 Nos
1248 383 1380 423 quum
1402 369 1549 410 maxi-

73 438 142 466 me
173 425 390 476 consilio,
430 424 604 477 studio,
647 425 826 476 labore,
855 424 1003 478 gratia
1033 423 1088 464 de
1118 438 1251 466 causa
1281 426 1406 479 regia
1434 426 1551 466 nite-

75 483 247 532 remur,
292 481 438 521 subito
478 485 640 521 exorta
679 485 747 521 est
786 480 961 521 nefaria
1000 479 1186 520 Catonis
1234 481 1551 535 promulgatio,

74 548 188 589 quae
218 540 372 577 nostra
410 536 563 577 studia
602 537 844 592 impediret
882 539 927 577 et
964 536 1136 576 animos
1178 548 1205 576 a
1239 537 1411 577 minore
1444 549 1553 577 cura

74 591 131 632 ad
161 605 377 632 summum
406 592 613 633 timorem
644 592 912 634 traduceret.
971 591 1060 633 Sed
1085 594 1233 632 tamen
1255 592 1302 631 in
1332 592 1553 632 eiusmodi

73 648 407 701 perturbatione
458 661 604 688 rerum
654 662 919 703 quamquam
965 648 1114 688 omnia
1161 650 1264 687 sunt
1300 648 1553 700 metuenda,

74 702 190 742 nihil
222 703 366 757 magis
396 717 529 758 quam
558 704 798 758 perfidiam
828 705 1056 745 timemus:
1088 707 1133 744 et
1163 702 1326 743 Catoni
1357 704 1554 757 quidem,

75 771 252 812 quoquo
294 759 428 800 modo
468 772 515 800 se
564 772 633 800 res
681 759 843 813 habet,
892 758 1096 814 profecto
1143 759 1415 800 resistemus.
1484 759 1554 800 De

72 813 383 856 Alexandrina
423 829 470 856 re
510 828 728 871 causaque
768 815 893 869 regia
932 819 1104 857 tantum
1143 813 1286 855 habeo
1328 815 1555 869 polliceri,

75 883 145 910 me
176 871 260 911 tibi
291 871 464 912 absenti
494 872 671 926 tuisque
701 872 1008 926 praesentibus
1039 871 1264 912 cumulate
1297 871 1556 912 satisfactu-

74 938 185 966 rum.
244 926 336 968 Sed
364 940 544 980 vereor,
574 941 630 967 ne
660 932 736 968 aut
764 929 985 982 eripiatur
1015 940 1149 968 causa
1169 926 1294 981 regia
1322 928 1451 968 nobis
1481 932 1558 969 aut

75 981 332 1023 deseratur:
364 996 552 1038 quorum
580 988 728 1024 utrum
757 984 904 1025 minus
922 983 1076 1035 velim,
1106 996 1194 1022 non
1217 982 1355 1023 facile
1378 996 1558 1037 possum

74 1038 351 1079 existimare.
418 1039 532 1091 Sed,
582 1039 621 1079 si
661 1052 732 1080 res
774 1044 929 1094 coget,
980 1042 1048 1078 est
1096 1038 1312 1093 quiddam
1362 1039 1560 1093 tertium,

74 1094 195 1148 quod
224 1108 368 1149 neque
398 1094 570 1136 Selicio
600 1108 684 1136 nec
702 1094 818 1136 mihi
837 1095 1133 1149 displicebat:
1166 1098 1215 1135 ut
1237 1108 1381 1149 neque
1410 1095 1560 1137 iacere

76 1163 225 1204 regem
255 1155 510 1204 pateremur
537 1163 645 1203 nec,
686 1152 815 1192 nobis
845 1151 1222 1205 repugnantibus,
1266 1151 1324 1191 ad
1355 1164 1452 1191 eum
1483 1151 1561 1192 de-

4 1246 7 1260 f
72 1203 210 1258 ferri,
240 1206 298 1247 ad
328 1219 458 1261 quem
489 1220 626 1261 prope
657 1206 746 1247 iam
777 1207 974 1248 delatum
1003 1206 1304 1248 existimatur.
1362 1207 1402 1248 A
1431 1208 1561 1248 nobis

5 1309 8 1314 ,
72 1267 262 1315 agentur
291 1262 441 1303 omnia
469 1262 736 1316 diligenter:
777 1266 828 1304 ut
855 1276 1021 1317 neque,
1052 1262 1090 1301 si
1122 1261 1231 1315 quid
1262 1261 1455 1302 obtineri
1482 1277 1561 1316 po-

74 1317 208 1368 terit,
237 1332 324 1358 non
355 1318 700 1367 contendamus3
738 1331 845 1370 nec,
891 1320 931 1359 si
961 1317 1070 1371 quid
1102 1331 1188 1357 non
1219 1317 1561 1370 obtinuerimus,

78 1373 248 1425 repulsi
278 1386 374 1414 esse
404 1373 653 1414 videamur.
712 1373 841 1414 Tuae
871 1373 1119 1428 sapientiae
1149 1373 1561 1428 magnitudinisque

76 1429 215 1469 animi
256 1432 324 1470 est
363 1442 538 1470 omnem
577 1429 922 1483 amplitudinem
966 1433 1011 1469 et
1049 1429 1318 1483 dignitatem
1354 1435 1476 1470 tuam
1515 1431 1562 1471 in

8 1612 9 1620 ἵ
79 1570 275 1605 ORELLI.
302 1590 349 1596 —
383 1573 598 1617 experirere
623 1572 649 1606 i.
673 1583 703 1606 e.
730 1577 773 1605 ut
804 1582 887 1605 mea
921 1578 958 1606 et
982 1572 1143 1606 aliorum
1170 1573 1244 1608 fide
1274 1580 1312 1608 et
1338 1574 1567 1609 benevolen-

8 1621 11 1660 ᾗ
74 1619 129 1653 tia
160 1619 231 1653 tibi
264 1620 383 1653 fuerit
414 1621 615 1660 utendum,
658 1620 759 1665 quod
794 1619 833 1652 in
866 1631 974 1653 causa
1018 1621 1062 1654 de
1100 1621 1317 1656 Ptolemaeo
1349 1623 1566 1657 reducendo

0 1678 2 1686 ⁸
78 1668 288 1701 multorum
314 1667 514 1702 hominum
539 1669 740 1714 perfidiam
767 1674 804 1701 et
819 1667 1057 1711 iniquitatem
1075 1675 1251 1714 expertus
1268 1670 1326 1703 sis.
1346 1665 1565 1705 SCHUTZ.

78 1734 123 1740 —
148 1716 186 1749 in
211 1720 272 1749 tua
297 1716 477 1758 dignitate
507 1717 658 1751 tuenda.
686 1733 730 1740 -
757 1717 874 1749 salute
898 1716 1122 1757 obtinenda,
1151 1723 1351 1762 antequam
1377 1719 1564 1763 abiissem,

79 1770 117 1798 et
142 1764 391 1805 restituenda,
420 1775 535 1809 quum
563 1765 602 1797 in
629 1764 802 1798 exsilium
830 1764 1089 1798 discessissem.

175 1826 208 1860 2.
237 1826 277 1860 C.
308 1825 458 1859 Catonis
483 1826 729 1860 adolescentis
763 1825 910 1859 tribuni
945 1826 1065 1871 plebis
1101 1827 1355 1871 promulgatio
1382 1827 1475 1868 (vid.
1503 1839 1564 1874 ep.

79 1873 253 1920 praeced.
282 1873 315 1916 ἓ.
346 1875 394 1915 1).
445 1875 759 1921 promulgaverat
784 1874 926 1918 legem,
954 1885 1026 1917 qua
1054 1874 1233 1908 Lentulus
1259 1886 1277 1908 e
1295 1876 1427 1910 Cilicia
1456 1888 1568 1910 revo-

80 1928 242 1956 caretur.
270 1922 328 1957 Cf.
356 1932 413 1966 ep.
438 1923 495 1957 99.
530 1941 573 1947 ·-
611 1923 659 1955 ad
682 1932 804 1955 summ.
831 1921 1014 1963 timorem,
1045 1933 1091 1955 ne
1118 1929 1195 1955 tota
1224 1923 1374 1956 Lentuli
1402 1924 1568 1969 dignitas

81 1970 288 2004 amittatur.
314 1987 362 1994 --
388 1980 445 2003 res
470 1968 586 2003 habet.
613 1970 673 2004 Sic
688 1970 766 2004 Md.
787 1969 909 2014 Neap.
930 1969 1012 2004 Asc.
1034 1973 1064 2005 1.
1097 1968 1194 2007 vict,
1212 1972 1244 2006 2.
1273 1972 1401 2004 Lamb.
1429 1973 1566 2006 Bened.

82 2019 189 2064 prob.
215 2017 360 2051 Dahne.
388 2028 419 2059 q.
437 2029 484 2051 m.
505 2029 580 2050 sese
598 2029 656 2051 res
675 2017 779 2051 habet
806 2018 909 2052 Vict.
932 2020 962 2052 1.
991 2029 1024 2062 q.
1053 2029 1095 2053 7n.
1122 2029 1161 2050 se
1188 2030 1246 2052 res
1270 2019 1401 2052 haheat
1428 2020 1567 2054 Graev.

82 2068 175 2101 Ern.
203 2065 501 2112 Martyni-Lag.
535 2065 624 2098 Sch.
651 2067 747 2100 Liin.
775 2065 973 2100 ORELLI.
1007 2084 1047 2092 —·
1088 2067 1309 2100 resistemus.
1340 2068 1402 2101 Sic
1427 2068 1509 2102 Asc.
1538 2071 1569 2102 1.

83 2115 167 2147 ΑΜ.
194 2115 292 2146 Crat.
319 2124 405 2146 cum
433 2113 523 2147 Cod.
550 2114 629 2147 Ciz.
654 2115 765 2159 prob.
800 2114 943 2148 D'ahne.
972 2115 1047 2147 cfr.
1076 2115 1146 2158 Ep.
1172 2117 1205 2149 5.
1232 2116 1286 2152 b..
1325 2117 1357 2150 2.
1390 2117 1570 2150 Necessa-

83 2162 140 2195 ria
166 2161 316 2195 videtur
343 2161 531 2195 correctio
556 2161 618 2196 vel
642 2168 799 2208 propter
824 2174 863 2199 v.
888 2163 1075 2206 profecw.
1109 2163 1208 2201 Cett.
1235 2174 1340 2197 meae
1375 2175 1462 2198 cum
1489 2165 1570 2199 Md.

84 2209 296 2243 resistimus,
333 2208 527 2242 ORELLI.

180 2271 214 2304 3.
244 2269 310 2302 tibi
336 2269 411 2302 abs.
440 2269 544 2313 tuisq.
572 2281 695 2314 praes,
723 2271 810 2319 Vgl.
839 2283 902 2317 ep.
930 2271 1043 2311 XCII,
1070 2270 1092 2304 4
1119 2281 1178 2303 am
1205 2270 1329 2310 Ende.
1357 2292 1402 2298 —-
1429 2274 1570 2316 eripia-

87 2322 169 2358 tur,
198 2328 235 2351 so
263 2318 342 2350 dass
367 2317 441 2350 also
478 2317 673 2362 Pompeius
700 2320 772 2353 den
797 2319 961 2365 Austrag
988 2318 1159 2352 erhalten
1193 2319 1306 2361 wird,
1343 2321 1413 2355 den
1449 2322 1573 2365 K‘o'nig

86 2364 434 2399 zuriickzufiihren.
484 2384 528 2389 —
578 2367 786 2409 deseratur,
814 2366 1050 2414 aufgegeben
1076 2367 1227 2406 werde,
1261 2379 1300 2402 so
1328 2370 1406 2402 dass
1433 2370 1574 2402 Keiner

87 2414 157 2446 den
185 2413 308 2460 K'onig
334 2412 620 2447 zuriickf'uhren
647 2415 737 2457 soll,
765 2415 835 2448 wie
861 2415 1042 2448 Servilius
1068 2415 1111 2457 (s.
1138 2426 1194 2460 ep.
1223 2416 1340 2455 XCII,
1367 2418 1407 2456 3)
1435 2428 1574 2461 vorge-

87 2460 265 2504 schlagen
293 2461 395 2495 hatte
422 2461 494 2494 und
520 2461 587 2494 der
622 2462 734 2496 Senat
771 2461 942 2496 naehher
975 2463 1174 2496 beschloss.
1210 2465 1243 2496 S.
1279 2475 1335 2509 ep.
1374 2465 1487 2498 CXII.
1526 2484 1573 2490 —-

88 2508 236 2541 Selicio.
263 2508 303 2549 Q.
330 2509 506 2549 Selicius,
540 2509 598 2542 ein
626 2511 774 2544 Freund
810 2511 873 2544 des
908 2512 1112 2551 Lentulus,
1151 2511 1198 2543 ist
1234 2511 1351 2545 sehon
1385 2523 1442 2556 ep.
1470 2513 1573 2556 xvl,

90 2558 121 2589 1.
150 2556 336 2593 erwaliut.
365 2577 407 2582 —
443 2567 577 2598 regem.
611 2558 907 2605 Martyni-Lag.
937 2560 1033 2591 coni.
1060 2560 1154 2592 Ern.
1181 2558 1334 2592 Schiitz.
1361 2561 1455 2593 Lim.
1485 2572 1572 2594 rem.

92 2602 287 2636 ORICLLI.
322 2623 360 2630 —
396 2604 445 2636 ad
477 2616 552 2637 eum
585 2605 608 2638 i.
642 2617 675 2640 e.
709 2607 755 2640 ad
791 2607 1006 2651 Pompeium
1042 2606 1182 2650 deferri
1215 2607 1292 2638 scil.
1322 2618 1392 2640 rem
1420 2610 1570 2651 regiam,

90 2651 282 2693 negotium
317 2652 483 2695 regium,
519 2654 618 2696 quod
650 2654 742 2688 latet
775 2654 813 2686 in
840 2665 921 2688 voc.
950 2665 1087 2695 regem.
1124 2673 1165 2678 -
1200 2654 1367 2688 delatum.
1395 2667 1414 2689 e
1442 2658 1569 2691 Guels.

92 2704 226 2741 quarto
270 2698 561 2745 Martyni—Lag.
596 2701 744 2735 Schiitz.
785 2703 881 2735 Liin.
916 2703 1046 2736 delata.
1081 2701 1173 2734 Cod-
1211 2702 1298 2746 aliq.
1338 2705 1489 2737 delatus.
1527 2726 1568 2732 —

93 2745 227 2790 repulsi
253 2746 277 2779 i.
305 2756 337 2783 e.
367 2748 556 2792 repulsam
581 2749 709 2784 tulisse
735 2749 953 2793 videamur,
980 2761 1021 2784 re
1047 2750 1091 2784 ad
1119 2749 1337 2795 Pompeium
1364 2752 1497 2787 delata.
