1742 3006
427 85 744 133 EPISTOLA
773 86 977 132 LXVII.
1006 87 1233 133 LXVIII.
1465 90 1558 139 259

66 205 170 245 loco
199 202 382 244 minime
407 201 616 256 apposito
645 198 705 241 ad
733 197 1014 242 tolerandam
1054 202 1101 242 in
1130 204 1258 243 tanto
1285 201 1408 243 luctu
1436 203 1557 245 cala-

64 260 279 300 mitatem.
335 258 391 299 In
419 256 612 311 Epirum
641 255 759 307 ideo,
789 260 839 296 ut
858 257 1143 311 scripseram,
1173 271 1262 300 non
1284 259 1404 310 veni,
1434 260 1556 314 quod

63 317 213 357 subito
242 313 358 356 mihi
386 312 587 354 universi
615 311 765 352 nuntii
793 316 1014 354 venerant
1042 316 1087 354 et
1116 315 1294 369 literae,
1324 327 1463 368 quare
1484 316 1556 356 ni-

63 371 133 412 hil
164 374 282 413 esset
309 381 490 411 necesse
519 381 652 423 quam
681 368 890 422 proxime
920 369 1102 409 Italiam
1132 383 1242 411 esse.
1310 369 1463 423 Hinc,
1514 372 1554 412 si

66 427 242 482 aliquid
271 439 297 468 a
326 425 527 467 comitiis
551 424 844 476 audierimus,
873 437 954 465 nos
976 425 1025 465 in
1047 424 1201 466 Asiam
1220 431 1554 468 convertemusz

64 497 207 540 neque
244 480 392 523 adhuc
420 481 591 532 stabat,
645 493 735 534 quo
776 479 1083 534 potissimum5
1130 480 1211 523 sed
1256 483 1388 526 scies.
1447 483 1553 524 Dat.

66 552 146 581 ΧΠ.
176 538 279 581 Kal.
309 537 439 580 Sext.
497 535 869 578 Thessalonicae.

312 755 630 798 EPISTOLA
660 755 889 798 LXVIII.
958 756 1070 806 (Att.
1101 755 1190 798 ΙΙΙ.
1221 756 1308 807 13.)

190 830 268 864 Ser.
296 831 593 865 Thessalonicae
617 832 711 865 Non.
738 830 837 864 sext.
862 829 905 863 A.
934 831 979 864 U.
1007 831 1050 866 c.
1078 831 1159 867 696.
1211 832 1262 874 (a.
1290 831 1330 866 c.
1356 832 1431 874 58.)

67 897 142 930 Cur
174 909 212 931 se
246 897 518 932 Thessalonica
550 909 626 930 non
663 897 935 939 commoverit,
965 897 1134 942 exponit.
1168 900 1198 932 1.
1252 899 1422 932 dolorem
1452 911 1557 934 suum

66 952 216 979 excusat
243 952 300 988 et,
343 947 519 992 quoniam
546 945 726 991 Cyzicum
751 946 824 979 sibi
850 944 1011 978 eundum
1036 946 1107 987 sit,
1147 945 1317 981 Atticum
1349 955 1481 992 rogat,
1516 955 1559 982 ut

192 995 410 1040 diligenter,
436 1005 530 1041 quae
557 1005 651 1040 opus
676 994 765 1036 sint,
792 995 954 1036 scribat3
981 1002 1019 1027 et
1044 992 1225 1036 Quintum
1250 995 1412 1029 fratrem

657 1042 911 1076 commendat.
940 1043 975 1076 2.

578 1116 765 1152 CICERO
790 1116 973 1152 ATTICO
1000 1115 1035 1151 S.

178 1179 313 1230 Quod
357 1179 414 1221 ad
445 1184 489 1221 te
519 1180 790 1233 scripseram
819 1192 890 1220 me
920 1179 968 1219 in
997 1179 1142 1234 Epiro
1172 1179 1400 1222 futurum:
1437 1185 1558 1237 post-

67 1248 120 1277 ea
148 1249 279 1292 quam
308 1237 540 1277 extenuari
570 1249 694 1290 spem
723 1239 924 1276 nostram
954 1238 1000 1275 et
1029 1248 1296 1277 evanescere
1321 1237 1435 1288 vidi,
1465 1251 1561 1277 mu-

67 1292 161 1333 tavi
191 1293 456 1342 consilium3
493 1304 578 1332 nec
606 1304 678 1332 me
707 1290 1043 1332 Thessalonica
1072 1293 1318 1344 commovi,
1356 1293 1432 1334 ubi
1463 1306 1561 1333 esse

68 1351 332 1400 statueram,
383 1348 531 1402 quoad
571 1346 748 1400 aliquid
788 1346 847 1387 ad
875 1360 946 1387 me
977 1346 1033 1387 de
1064 1360 1116 1388 eo
1146 1348 1393 1400 scriberes,
1441 1348 1562 1403 quod

72 1478 117 1512 ad
144 1478 276 1513 Famil.
304 1480 367 1520 VI,
395 1479 442 1514 20
470 1478 586 1522 (632).
624 1479 677 1512 Er
703 1477 855 1512 scheint
881 1479 961 1512 sein
987 1478 1089 1513 Exsil
1117 1481 1181 1513 auf
1206 1482 1374 1526 Corcyra
1408 1483 1563 1525 (Corfu)

70 1526 324 1570 hingebracht
356 1537 402 1559 zu
433 1526 568 1559 haben.
626 1526 663 1562 S.
702 1526 830 1560 Plane.
872 1538 905 1560 c.
933 1527 967 1561 8.
1043 1527 1115 1560 Die
1146 1528 1371 1563 Plancische
1404 1531 1563 1564 I-'amilie

72 1581 247 1609 stammte
279 1586 345 1607 aus
379 1575 443 1606 der
475 1574 584 1607 stadt
615 1574 728 1608 Atina
762 1575 802 1607 in
836 1574 1000 1609 Latium.
1035 1593 1078 1598 —
1114 1576 1232 1609 minus
1264 1578 1456 1621 apposito,
1495 1591 1564 1623 gar

72 1622 181 1657 nicht
206 1621 418 1667 geschickt,
444 1622 629 1665 geeignet,
655 1622 813 1668 passend
840 1633 964 1666 wegen
992 1623 1115 1656 seiner
1139 1625 1436 1670 Lebhaftigkeit.
1483 1628 1563 1672 vgl.

72 1682 129 1716 ep.
155 1671 307 1705 LXXIV
336 1677 373 1704 et
398 1671 493 1703 LXI.
521 1671 657 1704 Cicero
685 1671 752 1704 hat
777 1670 977 1716 Sophoklis
1003 1671 1127 1715 Autig.
1159 1671 1205 1708 V.
1235 1674 1304 1708 137
1330 1674 1370 1707 ff.
1399 1675 1562 1720 nachge-

72 1720 192 1753 ahmt.
244 1718 330 1763 Vgl.
364 1719 469 1753 Orat.
498 1718 605 1752 verr.
633 1721 664 1759 1,
694 1721 757 1753 11:
798 1730 946 1752 menses
979 1719 1026 1751 ad
1061 1720 1251 1764 agendum
1288 1724 1490 1766 appositos.
1518 1742 1563 1748 —-

72 1771 110 1801 ut
135 1766 353 1811 scripseram
378 1779 433 1813 ep.
462 1767 576 1804 LXV,
607 1770 639 1801 l.
666 1773 704 1799 et
730 1768 906 1807 LXVIII,
935 1767 1021 1801 init.
1068 1785 1111 1791 —
1165 1779 1265 1811 quam
1288 1772 1457 1813 proxime
1482 1772 1563 1805 Ila-

26 1849 30 1859 1
74 1816 159 1849 liam
184 1826 286 1859 esse,
329 1816 432 1848 mich
465 1815 505 1847 in
539 1815 606 1847 der
630 1814 886 1860 m'ogh'chsten
911 1815 1017 1849 Nahe
1042 1827 1112 1848 von
1140 1816 1279 1849 Italion
1306 1820 1565 1853 aufzulialten.

73 1864 106 1897 S.
133 1864 287 1898 Ramsh.
320 1864 357 1908 ᾖ.
388 1865 468 1906 156,
495 1864 528 1898 3.
556 1864 704 1896 Grotef.
733 1865 760 1907 §.
788 1865 871 1899 281.
897 1864 1006 1900 Anm,
1034 1883 1079 1888 -—
1119 1864 1154 1897 si
1179 1865 1325 1909 aliquid.
1379 1868 1441 1900 Sic
1471 1868 1562 1902 Cdd.

75 1917 112 1945 et
139 1918 264 1956 recte,
304 1919 345 1945 ut
380 1923 435 1956 sq.
464 1911 622 1956 epistola
650 1911 776 1949 docet.
804 1912 876 1945 nisi
901 1912 945 1944 de
970 1913 1122 1946 Manut.
1151 1914 1248 1946 coni.
1283 1913 1435 1950 Schiitz.
1470 1918 1566 1949 Ben-

74 1960 140 1993 τίν.
167 1962 239 1994 cfr.
265 1959 376 1993 Hand
402 1960 560 1993 Tursell.
592 1962 622 1994 l.
649 1971 683 2005 p.
714 1962 768 1994 17.
796 1959 998 1994 ORELLI.
1035 1979 1078 1984 --
1118 1971 1141 1994 α
1168 1961 1286 1994 comit.
1320 1976 1370 1993 Ξ
1392 1969 1475 2006 post
1502 1976 1566 1997 co-

75 2008 182 2041 mitia
208 2009 306 2054 quod
333 2015 458 2042 actum
484 2009 531 2040 sit
557 2008 602 2040 de
629 2008 751 2043 nobis.
779 2008 1017 2044 ERNESTI.
1068 2008 1104 2043 S.
1131 2009 1285 2042 Ramsh.
1310 2013 1340 2053 ᾖ.
1372 2013 1447 2046 150.
1475 2016 1566 2046 1.-

75 2056 222 2098 stabat,
264 2068 301 2089 es
327 2057 374 2089 ist
399 2057 473 2090 fest
499 2056 756 2094 beseblossen,
783 2057 997 2098 bestimmt3
1032 2057 1334 2101 impersonaliter
1359 2061 1433 2092 und
1460 2061 1568 2094 abso-

77 2105 169 2148 lute,
196 2105 272 2137 wie
297 2105 445 2140 Cornel.
473 2105 585 2146 XXV,
612 2106 679 2139 21:
708 2104 800 2137 mihi
827 2111 901 2138 stat
926 2106 1027 2137 alere
1053 2105 1229 2138 morbum
1257 2105 1448 2150 desinere3
1479 2107 1569 2141 vir-

78 2153 146 2197 gil.
187 2154 279 2187 Aen.
307 2154 364 2193 11,
397 2154 484 2188 750:
535 2158 607 2186 stat
642 2164 747 2185 casus
784 2164 966 2186 renovare
993 2164 1136 2185 omnes.
1198 2153 1261 2186 Sil.
1289 2155 1373 2189 Ital.
1402 2156 1474 2196 111,
1502 2158 1568 2192 68:

79 2212 170 2247 quos
196 2208 235 2234 ut
260 2201 388 2246 seponi
413 2202 539 2243 stetit5
566 2201 686 2235 Valer.
714 2202 839 2234 Flacc.
867 2202 917 2243 V,
944 2202 1033 2236 2:39:
1071 2206 1146 2233 stat
1172 2208 1328 2246 pectore
1354 2204 1473 2237 fixum
1500 2208 1570 2239 Ae-

79 2256 161 2283 etae
188 2252 332 2283 sociare
357 2261 498 2283 manus.
550 2248 658 2282 Sonst
682 2250 752 2283 mit
778 2249 976 2290 sententia,
1005 2249 1076 2281 wie
1102 2249 1182 2282 Liv.
1210 2250 1307 2292 XXI,
1334 2253 1399 2286 30:
1427 2253 1572 2286 Hanni-

9 2294 12 2346 }
78 2297 152 2331 bali
178 2299 359 2331 sententia
384 2298 487 2331 stetit
515 2309 670 2342 pergere
696 2301 777 2341 ire3
802 2299 956 2331 Terent.
986 2298 1079 2332 Eun.
1109 2297 1159 2338 ΙΙ,
1188 2299 1220 2338 l,
1249 2299 1316 2341 183
1349 2299 1459 2333 Ovid.
1488 2303 1573 2334 Me-

77 2352 170 2379 tam.
207 2347 317 2389 VIII,
353 2347 408 2382 67.
459 2346 539 2380 Cic.
572 2347 619 2379 ad
656 2347 742 2380 Div.
769 2346 833 2387 IX,
859 2347 901 2380 2:
931 2346 1041 2378 nobis
1068 2352 1140 2378 stet
1164 2345 1269 2386 illud,
1296 2347 1359 2379 das
1385 2349 1435 2381 sei
1462 2359 1574 2381 unser

81 2394 199 2427 fester
224 2396 398 2428 Vorsatz.
475 2394 518 2427 In
559 2394 624 2427 der
648 2395 755 2427 Rede
779 2405 849 2439 pro
876 2394 1032 2426 Plancio
1059 2393 1159 2426 lesen
1192 2394 1260 2426 wir
1287 2396 1448 2438 iedoch,
1491 2398 1573 2429 dass

82 2441 216 2476 Cicero
242 2443 340 2476 nach
364 2442 474 2476 Asien
500 2442 609 2475 nicht
636 2443 738 2487 ging,
768 2442 852 2475 weil
879 2441 948 2474 ihu
975 2442 1145 2475 Plancius
1173 2441 1290 2475 davon
1319 2443 1572 2482 zurnckhielt‚

84 2488 130 2521 da
150 2490 228 2523 ihm
250 2492 385 2525 Lucius
405 2492 568 2529 Tubero,
597 2491 761 2525 Cicero's
780 2489 940 2532 Freund,
968 2489 1032 2523 der
1059 2490 1150 2523 eben
1177 2502 1246 2522 von
1275 2490 1395 2523 daher
1422 2503 1465 2524 zu
1491 2493 1573 2526 ihm

84 2537 185 2569 nach
209 2539 465 2572 Macedonica
491 2539 590 2580 kam,
618 2539 677 2573 die
703 2538 1026 2584 Nachstellungen
1044 2536 1312 2571 hinterbracht
1336 2539 1454 2578 hatte,
1483 2541 1575 2574 wel-

87 2586 157 2617 che
185 2597 253 2618 von
281 2589 591 2620 verschworenen
617 2588 870 2620 Verbannten
897 2586 1063 2619 daselbst
1095 2596 1212 2631 gegen
1243 2586 1377 2620 Cicero
1404 2588 1575 2633 angele-‘gt

86 2636 219 2666 waren.
247 2652 291 2661 -
315 2635 410 2678 XII,
438 2635 528 2672 Kal,
554 2635 666 2677 Sext„
695 2636 764 2669 den
791 2636 913 2670 21sten
941 2635 1011 2680 Iul.

180 2702 212 2734 1.
242 2701 344 2734 Quod
369 2724 379 2734 .
408 2727 416 2734 .
441 2704 585 2746 scrips„
613 2715 685 2736 was
710 2703 832 2736 meino
858 2699 1073 2735 Nachricht
1099 2700 1258 2733 beu-isst.
1292 2719 1336 2725 —-
1371 2700 1408 2734 in
1441 2701 1573 2745 Ερῖνο.

14 2734 17 2785 ᾗ
85 2746 124 2783 S.
165 2759 224 2792 cp,
252 2749 414 2792 LXVII,
450 2751 482 2784 2.
519 2768 563 2775 —
606 2755 823 2791 statueram,
851 2751 948 2786 Icns,
977 2752 1058 2783 Asc.
1088 2751 1120 2782 1.
1149 2750 1250 2787 Crat.
1277 2750 1410 2783 Lamb.
1441 2751 1575 2782 consri-

1076 2799 1175 2843 17*
