1742 3006
571 81 892 126 EPISTOLA
923 80 1048 126 CIV.
1469 77 1565 128 347

79 209 187 250 nus,
229 200 279 239 ut
317 196 547 239 meliorem
587 207 673 237 non
709 193 911 248 viderim.
981 192 1094 235 Dies
1124 192 1367 236 comitiales
1396 194 1568 236 (exemit

80 267 256 296 omnes:
307 267 410 294 nam
439 253 572 294 etiam
600 250 787 292 Latinae
816 250 1135 290 instaurantur:
1177 263 1258 291 nec
1285 253 1436 291 tamen
1465 249 1567 291 dee-

81 314 183 351 rant
225 309 578 364 supplicationes.
646 306 723 348 Sic
762 306 931 361 legibus
959 305 1350 361 perniciosissimis
1380 305 1566 347 obsisti-

80 370 168 419 tur,
198 366 387 406 maxime
427 363 637 406 Catonisz
689 361 762 403 cui
797 367 947 403 tamen
987 361 1164 416 egregie
1202 361 1413 416 imposuit
1453 360 1568 403 Milo

81 424 241 464 noster.
325 419 441 461 Nam
488 420 564 461 ille
614 417 775 461 vindex
823 417 1120 473 gladiatorum
1166 421 1210 458 et
1253 417 1569 460 bestiariorum

80 479 250 519 emerat
278 475 334 517 de
364 476 584 518 Cosconio
615 477 659 516 et
687 474 938 528 Pomponio
967 472 1225 516 bestiariosx
1255 487 1335 514 nec
1365 475 1466 516 sine
1494 473 1566 515 his

81 533 263 574 armatis
292 545 480 586 unquam
509 532 556 573 in
587 531 761 585 publico
784 530 945 572 suerat.
1002 530 1100 571 Hos
1123 530 1239 570 alere
1259 542 1345 570 non
1365 533 1568 584 poterat:

79 590 227 643 itaque
254 587 329 629 vix
357 588 544 630 tenebat.
614 587 762 628 Sensit
790 586 919 628 Milo.
987 585 1131 628 Dedit
1168 584 1342 626 cuidam
1381 600 1473 627 non
1502 585 1569 627 fa-

80 643 247 686 miliari
275 645 515 699 negotium,
545 644 620 699 qui
649 644 744 684 sine
773 641 1023 697 suspicione
1050 645 1212 683 emeret
1235 655 1332 682 eam
1348 640 1571 684 familiam

80 713 108 741 a
136 699 326 741 Catone:
379 713 490 755 quae
519 700 649 740 simul
680 704 811 754 atque
851 698 1040 740 abducta
1068 701 1162 750 est,
1211 696 1442 751 Racilius,
1491 697 1568 752 qui

83 769 193 796 unus
224 759 291 797 est
317 755 405 797 hoc
433 760 631 811 tempore
658 757 860 796 tribunus
891 754 1053 808 plebis,
1096 767 1189 795 rem
1218 754 1435 808 patefecit:
1475 766 1570 795 eos-

79 825 162 865 que
190 810 389 853 homines
419 812 503 853 sibi
532 815 702 866 emptos
732 824 826 852 esse
856 810 968 851 dixit
995 832 1050 840 —
1089 810 1156 851 sic
1191 810 1310 850 'enim
1339 810 1571 864 placuerat

78 891 132 898 —
163 871 207 908 et
233 868 425 908 tabulam
453 868 740 923 proscripsit,
770 879 825 907 SE
853 878 1083 907 FAMILIAM
1113 865 1424 907 CATONIANAM
1459 878 1571 908 VEN-

83 935 308 966 mTURUM.
377 923 433 964 In
474 937 571 964 eam
609 923 803 964 tabulam
841 922 990 976 magni
1028 922 1144 963 risus
1175 923 1569 976 consequebantur.

80 978 211 1021 Nunc
246 980 384 1034 igitur
423 978 637 1021 Catonem
666 978 877 1019 Lentulus
909 991 935 1018 a
964 978 1132 1031 legibus
1173 979 1363 1019 removit
1402 981 1451 1018 et
1480 989 1572 1029 eos,

81 1036 156 1091 qui
195 1035 249 1076 de
290 1036 481 1077 Caesare
518 1039 718 1076 monstra
742 1035 1101 1088 promulgarunt,
1131 1033 1286 1088 quibus
1314 1032 1567 1075 intercede-

79 1096 148 1134 ret
185 1105 327 1134 nemo.
385 1090 527 1144 Nam,
565 1091 684 1147 quod
723 1091 779 1132 de
807 1090 1022 1145 Pompeio
1053 1090 1267 1132 Caninius
1299 1090 1419 1145 agit,
1467 1102 1574 1130 sane

78 1205 195 1252 lippo.
222 1225 270 1232 -—
296 1207 449 1251 exemit,
476 1207 624 1242 sustulit
649 1219 763 1254 quum
790 1208 874 1242 aliis
900 1207 1129 1250 rationibus,
1161 1214 1241 1242 turn
1267 1207 1371 1241 feriis
1396 1206 1576 1241 indicen-

80 1254 148 1288 dis.
198 1256 252 1289 Er
284 1256 352 1290 hat
378 1256 449 1289 den
476 1257 771 1304 Comitialtagen
799 1258 907 1289 einen
933 1257 1070 1302 Riegel
1103 1254 1410 1304 vorgeschoben,
1455 1255 1576 1289 damit

80 1303 147 1337 der
170 1304 318 1338 Tribun
345 1306 385 1339 C.
413 1305 507 1337 Cato
534 1305 638 1337 seine
669 1306 835 1349 Antr'age
869 1305 964 1337 iiber
1000 1306 1034 1338 P.
1070 1306 1248 1338 Lentulus
1281 1304 1464 1348 Spinthezr
1497 1303 1575 1337 und

80 1351 220 1385 Annius
243 1353 340 1386 Milo
362 1352 471 1385 nicht
496 1355 571 1385 an's
598 1353 696 1386 Volk
723 1353 884 1396 bringen
910 1352 988 1384 und
1013 1352 1259 1386 durchsetzen
1284 1352 1420 1389 kenne.
1446 1351 1487 1385 S.
1515 1363 1572 1396 ep.

80 1400 281 1434 LXXXIX.
308 1401 383 1434 bes.
412 1400 551 1441 XCIII,
581 1402 614 1434 4.
643 1400 779 1443 XCVI,
807 1402 840 1435 2.
868 1399 996 1443 XCIX,
1025 1402 1057 1438 1,
1083 1411 1118 1434 u.
1146 1401 1178 1434 4.
1207 1401 1248 1440 C,
1275 1401 1307 1435 2.
1331 1418 1379 1425 --
1413 1399 1576 1433 Latinae

80 1447 259 1492 instaur„
294 1448 392 1481 auch
419 1449 483 1482 das
509 1449 750 1482 Lateinische
775 1448 996 1481 Bundesfest
1021 1461 1118 1482 muss
1141 1460 1213 1482 von
1236 1449 1384 1483 Neuem
1410 1459 1452 1494 ge
1463 1448 1576 1482 feiert

81 1496 253 1537 werden,
293 1496 406 1537 „weil
438 1496 500 1531 bei
537 1496 646 1530 ihrer
677 1496 788 1531 Feier
828 1497 953 1530 Etwas
988 1497 1169 1530 versehen
1205 1498 1300 1534 sei.“
1356 1498 1414 1529 An
1448 1497 1575 1531 minem

79 1543 254 1588 Festtage
290 1544 433 1577 konnte
468 1545 532 1578 das
565 1545 664 1578 Volk
699 1545 781 1578 sich
815 1545 924 1577 nicht
957 1546 1223 1587 versannneln,
1262 1557 1326 1579 um
1361 1547 1492 1579 Etw.as
1530 1557 1577 1580 zu

80 1592 346 1626 beschliessen.
382 1593 469 1636 Vgl.
503 1603 561 1638 ep.
599 1594 680 1634 CII,
715 1595 738 1628 2
771 1605 830 1626 am
867 1592 983 1627 Ende.
1021 1594 1130 1627 etiam
1161 1594 1294 1628 weiset
1327 1593 1466 1627 daraull
1497 1594 1576 1637 hin,

81 1639 165 1673 dass
197 1639 266 1674 der
297 1641 440 1674 Consul
474 1641 576 1675 noch
614 1642 750 1675 andere
781 1641 912 1676 Mitte]
946 1642 1159 1689 gebraucht
1183 1641 1314 1684 hatte,
1354 1642 1416 1675 die
1443 1643 1577 1676 Volks-

22 1707 26 1711 -
82 1689 358 1735 versammlung
382 1701 424 1723 zu
449 1689 737 1723 hintertreiben.
775 1702 804 1724 z.
832 1690 873 1723 Β.
901 1689 1019 1724 durch
1047 1691 1110 1723 das
1137 1700 1286 1723 servare
1313 1690 1355 1723 de
1384 1691 1500 1726 caee'o.
1527 1709 1574 1716 —-

82 1747 146 1769 nec
171 1740 293 1771 tamen
320 1761 330 1770 .
361 1762 373 1775 .
401 1762 408 1769 .
436 1737 650 1782 supplicat„
676 1737 813 1772 iedoch
832 1737 954 1771 fehlte
974 1749 1010 1771 es
1036 1738 1138 1773 auch
1163 1738 1271 1773 nicht
1296 1749 1344 1771 an
1363 1739 1575 1784 Betfesten‚

83 1784 145 1818 die
170 1796 258 1818 man
285 1797 348 1818 aus
375 1786 590 1819 demselben
618 1787 774 1820 Grunde
801 1786 1015 1821 anordnete.

177 1834 210 1867 5.
238 1834 279 1868 C.
307 1834 480 1875 Catonis,
514 1835 763 1868 adolescentis
798 1834 945 1867 tribuni
979 1835 1111 1880 plebis.
1145 1853 1193 1860 —-—
1230 1834 1411 1879 imponere
1442 1835 1574 1877 alicui,

81 1879 216 1914 Einem
241 1882 334 1916 Eins
359 1888 573 1923 versetzen,
600 1884 721 1916 Einen
749 1883 948 1916 anfiiliren.
974 1884 1053 1929 Vgl.
1084 1884 1236 1917 Cornel.
1267 1885 1421 1918 Eumen.
1453 1896 1482 1920 s.
1511 1886 1575 1918 Pe-

83 1935 182 1963 tron.
210 1931 290 1964 102.
314 1948 362 1954 —-
386 1930 453 1964 ille
479 1931 610 1965 vindex
635 1932 662 1968 i.
691 1944 723 1966 e.
751 1932 874 1973 ultor,
902 1932 1111 1980 Ankla'ger,
1139 1934 1179 1968 G.
1209 1932 1322 1973 Cato,
1348 1933 1388 1965 in
1416 1943 1460 1965 so
1488 1934 1574 1966 fern

83 1987 124 2009 er
164 1978 228 2011 auf
262 1979 496 2023 Bestrafung
530 1980 593 2013 des
624 1981 722 2015 Milo
756 1987 989 2029 angetragen
1022 1981 1145 2019 hatte,
1191 1981 1277 2013 weil
1311 1992 1352 2014 er
1388 1981 1471 2014 sich
1509 1981 1577 2014 der

85 2024 338 2059 Gladiatoren
373 2038 410 2060 u.
438 2028 607 2061 bestiarii
643 2040 763 2076 gegen
798 2031 866 2061 den
902 2031 1006 2062 Stant
1041 2029 1196 2062 bedient
1232 2029 1340 2062 habe.
1390 2029 1578 2063 Bestz‘arii

83 2084 208 2105 waren
229 2085 313 2107 zum
331 2075 490 2120 Kampfe
507 2077 576 2109 mit
603 2078 736 2110 wilden
762 2077 927 2110 Thieren
955 2078 1214 2122 abgerichtete
1241 2078 1415 2119 Skiaven,
1445 2089 1575 2111 woran

84 2120 151 2154 der
175 2121 381 2155 Rtsmische
407 2124 516 2157 P'dbel
541 2125 622 2159 sich
658 2126 831 2159 weidete.
862 2144 910 2150 —
944 2126 1146 2169 Pomponio
1179 2125 1317 2158 Attico.
1353 2144 1400 2150 —
1437 2126 1500 2159 vix
1525 2130 1577 2159 le-

84 2169 211 2211 nebat‚
251 2181 324 2215 quo
360 2172 483 2205 minus
516 2171 637 2217 ipsum
673 2174 891 2208 desererent
925 2181 960 2206 et
1002 2175 1241 2221 aufugerent.
1278 2167 1496 2208 SCHUZI'Z.
1531 2193 1575 2198 —-

84 2226 155 2250 non
167 2219 379 2261 familiari,
406 2219 473 2253 der
489 2220 527 2253 in
548 2222 731 2256 keinerlei
751 2223 993 2267 Verbindung
1013 2223 1084 2255 mit
1110 2222 1191 2254 ihm
1219 2223 1339 2255 stand.
1365 2241 1415 2246 —
1442 2222 1504 2266 qui
1527 2235 1577 2253 z

85 2271 127 2298 ut
153 2271 299 2300 emeret.
324 2285 372 2291 —-
404 2279 492 2302 unus
516 2269 540 2302 i.
567 2281 599 2305 e.
627 2282 722 2304 unus
746 2271 849 2304 'inter
875 2281 1000 2304 omnes
1027 2271 1101 2303 hoc
1128 2270 1373 2317 magistratu,
1406 2270 1483 2303 hoc
1509 2282 1577 2302 no-

85 2313 211 2356 mine,
238 2316 383 2361 dignus.
407 2335 456 2341 —
487 2317 542 2350 sic
567 2318 659 2352 enim
680 2319 899 2362 placuerat,
927 2320 1019 2351 deun
1046 2331 1086 2352 so
1112 2317 1220 2351 hatte
1248 2330 1290 2352 er
1316 2331 1353 2351 es
1379 2320 1454 2351 mit
1478 2318 1575 2353 Milo

86 2363 318 2396 verabredet.
344 2382 392 2387 —
418 2364 490 2400 tab.
513 2368 754 2410 proscripsit,
783 2368 869 2401 liess
897 2368 1094 2400 offentlich
1124 2366 1369 2412 anschlagen.
1395 2385 1447 2392 -·-
1478 2367 1578 2399 Nunc

85 2410 205 2452 igilur
232 2411 313 2445 Cal.
342 2412 422 2445 Md.
450 2414 555 2447 Amb.
577 2417 631 2450 16.
658 2418 766 2450 Rom·
797 2416 895 2448 Vict.
926 2419 956 2449 l.
985 2418 1017 2451 2.
1045 2417 1130 2449 Sch.
1153 2416 1282 2451 inEd,
1311 2415 1395 2449 mai.
1427 2415 1576 2459 (probb.

87 2458 177 2491 Ern.
205 2466 243 2492 et
269 2460 394 2501 Bent.)
419 2462 515 2495 L‘tm.
542 2463 647 2496 Hunc
673 2464 726 2506 ig.
758 2463 797 2496 C.
828 2464 1025 2498 ORELLI.
1059 2483 1106 2488 —-
1143 2475 1164 2496 a
1193 2465 1302 2505 legib.
1330 2463 1574 2508 promulgan-

90 2506 145 2538 dis
170 2513 206 2539 et
231 2509 463 2552 perferendis
499 2512 668 2554 removit,
710 2525 749 2545 so
787 2512 850 2544 hat
886 2513 961 2545 also
999 2513 1065 2544 der
1103 2513 1240 2545 Consul
1275 2511 1457 2545 Lentulus
1492 2512 1575 2544 dem

90 2554 183 2588 Cato
212 2555 274 2588 das
299 2557 559 2591 Durchsetzen
595 2565 718 2593 seiner
751 2563 911 2604 Antriige
947 2561 1163 2605 unmoglich
1200 2559 1394 2607 gemacht.
1433 2578 1481 2584 —-
1516 2560 1578 2603 qui

90 2602 132 2634 (le
159 2603 261 2636 Cae-5·
288 2615 333 2637 ⁷²³·
360 2606 388 2641 i.
412 2617 441 2638 e·
477 2606 578 2654 leges
603 2616 855 2650 monstrosas,
893 2610 1088 2651 absurdas,
1124 2608 1177 2640 rei
1212 2608 1386 2651 publicae
1425 2609 1574 2652 pericu-

88 2649 186 2682 10838
211 2652 417 2695 promulg„
443 2653 502 2686 die
529 2668 573 2689 zu
600 2658 731 2692 essars
759 2657 927 2690 Gunsten
955 2658 1163 2690 monstrose
1189 2657 1351 2700 Antrage
1377 2658 1456 2689 a.u's
1475 2655 1576 2689 Volk

88 2698 347 2744 angek'uudjgt
372 2700 510 2736 hatten.
539 2722 581 2727 —
610 2705 737 2748 quibus
763 2730 774 2740 .
801 2729 809 2738 .
842 2728 850 2736 .
879 2716 996 2743 nemo,
1036 2705 1177 2742 denen,
1218 2704 1287 2736 wie
1312 2705 1364 2737 sie
1392 2705 1574 2743 meimet»,

91 2746 173 2780 sich
199 2746 336 2781 Keiner
362 2749 602 2785 widersetzen
630 2753 767 2786 w'urde.
806 2771 851 2777 —-
890 2753 1066 2787 Caninius
1093 2752 1324 2796 rogationem
1349 2753 1577 2798 promulga-
