1742 3006
183 92 278 142 446
465 95 528 138 M.
560 95 615 139 T.
647 91 991 138 CICERONIS
1020 80 1390 141 EPISTOLAE.

182 207 334 251 audeo.
403 205 641 262 Pompeius
679 205 853 259 fremit,
874 226 878 230 ²
897 206 1121 262 queritur,
1165 206 1334 253 Scauro
1372 205 1542 249 studet:
1588 209 1664 250 sed

182 269 328 306 utrum
354 263 529 315 fronte,
569 275 624 304 an
651 265 825 317 mente,
864 262 1101 305 dubitatur.
1167 262 1305 314 Ἐξοχή
1343 263 1389 304 in
1426 263 1546 305 nullo
1583 269 1663 308 est.

180 319 379 364 Pecunia
407 318 602 361 omnium
630 318 893 375 dignitatem
933 321 1158 374 exaequat.
1230 319 1428 361 Messala
1465 319 1664 374 languet:

178 391 267 419 non
295 388 380 431 quo
410 378 485 416 aut
513 374 684 417 animus
708 375 830 426 'desit
858 377 935 417 aut
965 375 1122 428 amici,
1161 374 1240 421 sed
1268 375 1405 418 coitio
1434 375 1665 417 consulum

180 436 226 474 et
250 431 491 486 Pompeius
520 431 690 474 obsunt.
749 429 820 473 Ea
848 430 1053 483 comitia,
1083 433 1188 485 puto
1213 430 1332 485 fore,
1364 434 1412 474 ut
1434 430 1664 481 ducantur.

179 487 434 530 Tribunicii
461 486 688 529 candidati
715 486 916 528 iurarunt
944 500 992 529 se
1021 485 1208 529 arbitrio
1229 486 1409 529 Catonis
1431 487 1663 543 petituros.

178 543 307 597 Apud
337 556 436 585 eum
464 543 544 585 HS
583 545 804 598 quingena
840 543 1158 598 deposuerunt3
1196 546 1270 595 ut,
1315 544 1391 598 qui
1428 556 1456 585 a
1495 544 1664 585 Catone

178 599 409 642 damnatus
439 602 580 653 esset,
609 598 657 642 id
685 599 890 656 perderet
919 603 963 640 et
989 598 1351 653 competitoribus
1379 600 1662 646 tribueretur.

116 652 142 693 8
179 655 303 698 Haec
332 669 414 711 ego
442 655 588 711 pridie
617 656 888 708 scribebam,
933 668 1064 710 quam
1094 653 1277 696 comitia
1316 655 1416 697 fore
1453 656 1664 710 putaban-

173 715 261 756 tur.
320 711 411 753 Sed
440 711 495 753 ad
524 715 568 753 te
597 711 655 753 V.
688 711 788 753 Kal.
819 711 943 753 Sext.
975 712 1015 753 si
1044 711 1167 751 facta
1196 713 1324 752 erunt
1343 714 1387 752 et
1405 711 1664 753 tabellarius

175 781 263 810 non
291 768 377 810 erit
403 767 655 824 profectus,
695 772 790 809 tota
818 767 999 809 comitia
1027 766 1328 821 perscribam:
1367 780 1479 820 quae
1509 768 1574 820 si,
1614 770 1664 808 ut

173 827 407 880 putantur,
436 824 629 879 gratuita
658 822 847 875 fuerint,
877 823 974 878 plus
1002 835 1111 863 unus
1141 822 1253 864 Cato
1283 822 1502 877 potuerit,
1532 835 1662 877 quam

110 887 138 928 9
176 883 336 922 omnes
357 880 536 936 quidem
564 879 750 923 iudices.
817 879 1010 922 Messius
1051 877 1371 925 defendebatur
1394 891 1421 920 a
1448 878 1598 931 nobis,
1639 892 1664 920 e

175 937 689 994 legatione‘revocatus:
738 948 839 977 nam
877 949 976 976 euni
1027 934 1214 976 Caesari
1260 935 1432 989 legarat
1477 934 1660 988 Appius.

174 992 389 1036 Servilius
422 992 595 1044 edixit,
633 996 683 1033 ut
721 992 906 1033 adesset.
977 991 1144 1032 Tribus
1184 990 1317 1033 habet
1359 991 1662 1045 Pomptinam,

173 1048 409 1103 vennam,
438 1047 673 1090 Maeciam.
743 1048 977 1101 Pugnatur
1019 1046 1206 1089 acriter:
1245 1047 1393 1102 agitur
1420 1052 1565 1088 tamen
1593 1059 1663 1088 sa-

165 1176 279 1212 Attic.
307 1176 375 1218 1V,
403 1177 459 1211 18.
485 1175 655 1218 (CLVII,
683 1175 732 1215 2).
784 1174 947 1209 Consuln
973 1183 1101 1207 waren
1126 1172 1270 1219 Appius
1296 1173 1473 1208 Claudius
1499 1175 1662 1209 Pulcher

167 1225 248 1259 und
273 1225 318 1261 L.
343 1223 535 1257 Domitius
559 1221 839 1257 Ahenobarbus.
890 1222 952 1256 Sie
978 1221 1109 1256 hatten
1134 1221 1269 1256 beiden
1291 1221 1522 1256 Candidaten
1548 1229 1662 1258 unter

170 1274 243 1308 den
270 1281 329 1318 ep.
359 1271 512 1313 CLVII,
538 1271 572 1306 2.
599 1270 864 1317 angegebenen
889 1270 1164 1317 Bedingungen
1191 1269 1253 1303 das
1280 1270 1459 1304 Consulat
1483 1281 1662 1316 verspro-

171 1320 281 1355 chen.
315 1339 362 1345 —
405 1319 601 1363 Pompeius
631 1325 704 1358 etc.
768 1318 823 1351 Er
860 1317 1123 1359 befiirchtete‚
1162 1317 1241 1350 dass
1266 1317 1489 1358 Memmius,
1527 1321 1661 1353 essars

172 1368 400 1416 Giinstling,
427 1368 500 1401 den
525 1367 712 1401 Domitius
738 1365 855 1400 dahin
881 1366 1058 1399 stimmen
1084 1364 1257 1408 miicffle,
1285 1367 1366 1399 dass
1391 1376 1433 1399 er
1457 1366 1529 1400 den
1547 1367 1660 1400 Scau-

171 1430 236 1452 rus
261 1429 326 1451 um
352 1416 452 1451 seine
485 1414 684 1464 Hoffnung
710 1425 793 1448 zum
830 1415 1031 1449 Consulate
1057 1412 1226 1448 br'achte.
1288 1413 1452 1447 Hierauf
1475 1415 1662 1459 griindete

171 1466 314 1500 Sch'utz
338 1475 399 1511 ep,
428 1464 553 1507 CXLI,
580 1464 613 1498 4.
639 1463 741 1498 seine
779 1461 1060 1506 Verbesserung
1091 1461 1266 1495 Scaurum
1298 1465 1338 1495 ut
1370 1461 1544 1496 vinceret.
1594 1463 1659 1497 Al-

171 1514 249 1548 lein
275 1514 397 1548 dieser
428 1511 542 1546 nahm
578 1511 615 1546 ia
646 1509 762 1546 'rhen
794 1521 841 1544 an
879 1510 952 1544 den
976 1508 1369 1544 Zusammenkiinften
1395 1509 1500 1544 iener
1524 1510 1660 1545 beiden

172 1572 297 1610 gegen
322 1561 482 1596 Messala
505 1560 559 1604 (S.
587 1571 649 1606 ep.
669 1556 832 1598 CXLVI,
853 1559 945 1602 16.);
972 1557 1123 1591 maehte
1149 1568 1186 1591 es
1212 1557 1303 1591 aber
1327 1569 1371 1591 zu
1397 1569 1466 1606 arg
1491 1559 1561 1592 mit
1587 1559 1659 1592 den

170 1610 459 1658 Bestechungen
489 1607 567 1642 und
606 1608 671 1642 fiel
696 1617 735 1642 so
762 1605 899 1641 durch.
933 1608 969 1644 S,
998 1607 1043 1640 ad
1069 1605 1109 1647 Q.
1135 1606 1258 1640 Fratr.
1286 1605 1356 1646 111,
1382 1606 1419 1640 8.
1470 1606 1659 1641 Domitius

171 1659 250 1693 und
275 1659 435 1693 Messala
462 1664 600 1701 trugen
628 1656 700 1690 den
725 1654 814 1700 Sieg
841 1655 971 1691 davon.
1005 1673 1052 1679 —-
1075 1654 1232 1697 fronte,
1259 1663 1305 1686 an
1330 1657 1460 1694 mente,
1498 1655 1544 1687 ob
1571 1666 1657 1688 zum

170 1706 310 1752 Schejn
337 1706 426 1740 oder
452 1705 505 1739 im
531 1705 683 1739 Ernste.
736 1702 935 1749 Pompeius
955 1703 1056 1737 hatte
1082 1702 1144 1735 die
1159 1700 1372 1736 Schwester
1396 1701 1458 1736 des
1483 1701 1658 1744 Scaurus,

172 1755 234 1789 die
260 1754 424 1795 Amssia,
450 1764 518 1787 zur
544 1752 775 1787 Gemahlinn
802 1751 943 1799 gehabt
967 1751 1045 1784 und
1070 1749 1232 1784 Scaurus
1258 1750 1373 1784 selbst
1397 1761 1476 1784 war
1500 1751 1555 1784 im
1581 1751 1658 1785 Mi-

171 1800 449 1838 thridatischen
483 1800 622 1849 Kriege
655 1799 733 1833 sein
766 1801 931 1846 Qu'a'stor
962 1808 1142 1844 gewesen.
1202 1796 1391 1831 Dennoeh
1424 1798 1511 1832 liess
1547 1799 1657 1833 Pom-

170 1851 277 1897 peius
308 1850 375 1884 ihn
401 1848 553 1883 endlich
580 1847 730 1882 fabren.
762 1847 796 1881 S.
824 1848 870 1881 ad
896 1846 936 1890 Q.
962 1850 1084 1881 Fratr.
1112 1845 1182 1887 111,
1211 1847 1245 1881 8.
1270 1846 1436 1886 (CLIX).
1485 1847 1657 1882 Warum

173 1910 216 1934 er
248 1899 320 1932 den
352 1898 512 1932 Messala
544 1895 651 1930 nicht
684 1896 946 1944 begiinstigte,
980 1895 1082 1941 zeigt
1114 1904 1172 1939 ep.
1201 1893 1368 1932 CLVIII,
1393 1895 1416 1928 3
1442 1904 1501 1927 am
1533 1894 1656 1932 Ende.

171 1966 219 1973 —
240 1944 395 1990 Ἐξοχὴ
422 1945 461 1979 in
485 1946 585 1979 nullo
612 1947 682 1984 est,
709 1950 823 1977 unter
848 1943 921 1976 den
938 1942 1168 1976 Candidaten
1194 1941 1311 1975 findet
1336 1941 1431 1975 eben
1457 1941 1545 1976 kein
1569 1953 1658 1987 per-

170 1994 364 2031 s‘dnlicher
390 1995 542 2042 Vorzug
567 1991 675 2026 Statt.
703 2012 745 2017 -—
774 1992 945 2034 languet,
973 1991 1025 2023 im
1043 1988 1270 2036 vorhergeh.
1297 1989 1425 2023 Briefe
1451 1988 1478 2031 ξ.
1505 1991 1539 2024 4.
1561 1990 1659 2030 flac-

170 2048 248 2086 cet,
275 2054 317 2078 er
342 2043 429 2078 l'zisst
454 2043 514 2076 die
540 2040 675 2088 Fliigel
701 2038 848 2074 sinken.
879 2059 919 2064 —
953 2049 1022 2072 non
1051 2048 1116 2081 quo
1143 2051 1192 2069 Ξ
1218 2038 1270 2070 als
1295 2048 1419 2071 wenn.
1444 2038 1479 2071 S.
1505 2037 1656 2073 Ramsh.

170 2094 199 2136 ἃ.
227 2094 307 2129 186.
335 2091 484 2126 Grotef.
513 2089 548 2134 §.
574 2089 657 2124 394.
686 2106 726 2113 —
756 2086 889 2128 coitio,
917 2087 1098 2133 Vertrag·
1127 2104 1171 2110 —-
1197 2085 1388 2126 ducantur,
1415 2085 1513 2127 „mit
1532 2086 1658 2120 diesen

169 2130 360 2176 LComitien
383 2139 483 2174 wird
508 2136 636 2176 sieh's‚
664 2134 778 2170 denk'
798 2133 876 2176 ich,
903 2135 1032 2169 wolin
1059 2133 1118 2167 die
1146 2133 1271 2181 Lange
1298 2132 1475 2170 ziehen.⁴‘
1523 2132 1657 2167 Wirk-

168 2189 251 2225 lich
283 2199 410 2222 waren
444 2188 483 2221 in
508 2187 648 2221 diesem
683 2183 795 2218 Iahre
826 2183 958 2224 lmine,
994 2182 1156 2217 sondern
1190 2182 1250 2215 die
1292 2182 1461 2216 consules
1492 2181 1560 2215 fiir
1592 2181 1657 2215 das

169 2238 321 2273 niichste
355 2236 447 2270 lahr
480 2234 636 2269 wurden
669 2243 716 2266 ex
747 2232 966 2280 interregno
1001 2229 1176 2277 gew‘zihlt.
1211 2248 1254 2254 —
1298 2229 1459 2264 arbitrio
1493 2229 1654 2272 Catonis,

170 2288 249 2322 also
276 2285 344 2320 auf
368 2283 649 2331 gesetzm'assige
675 2280 757 2314 Art.
784 2281 817 2313 S.
833 2290 891 2325 ep.
912 2279 1038 2313 cxm.
1055 2279 1076 2312 4
1103 2287 1226 2325 geg-en
1251 2277 1347 2313 End.
1365 2296 1408 2302 —
1435 2277 1503 2312 HS
1517 2277 1655 2322 quing„

170 2336 326 2378 500,000
353 2331 506 2366 Sestert.
534 2345 583 2362 z
608 2331 740 2371 50‚000
764 2329 847 2362 flor.

265 2383 297 2417 Β.
325 2380 489 2418 comitia,
518 2378 578 2412 die
605 2377 733 2412 Wahl
760 2376 828 2410 der
851 2373 1056 2410 Tribunen.
1083 2392 1127 2398 ——
1165 2373 1210 2407 V.
1237 2372 1324 2407 Kal.
1351 2372 1478 2414 δρᾶσι,
1514 2384 1573 2408 am
1597 2373 1653 2410 28.

169 2431 299 2466 Iulius.
329 2448 370 2454 —
398 2426 588 2471 gratuita,
615 2427 686 2459 wie
713 2436 771 2470 ep.
800 2423 926 2463 CXLI,
955 2423 988 2455 4.
1015 2433 1075 2454 am
1101 2421 1222 2455 Ende.

265 2480 299 2514 9.
328 2476 501 2511 Blessius.
528 2476 562 2509 S.
589 2474 631 2507 ad
658 2474 771 2507 Attio.
799 2472 868 2514 lv,
898 2474 915 2505 1
944 2469 1191 2512 (LXXXVII).
1216 2488 1260 2494 —
1296 2478 1314 2502 e
1341 2467 1546 2510 legatione,
1582 2477 1654 2502 von

172 2529 312 2562 seinem
341 2527 475 2559 Posten
500 2523 600 2556 eines
627 2521 759 2569 Legati
783 2519 843 2554 bei
870 2520 999 2557 C'asar,
1028 2528 1169 2560 revue„
1196 2527 1267 2551 vor
1293 2516 1455 2550 Gericht
1480 2515 1652 2564 geladen.

173 2596 214 2601 -—
245 2574 349 2608 Caes.
377 2573 451 2614 leg.
478 2571 596 2615 App„
623 2569 765 2615 Appius
799 2567 978 2603 Claudius
1004 2563 1163 2599 Pulcher
1187 2565 1291 2599 hatte
1317 2562 1397 2598 ihm
1423 2563 1508 2598 eine
1534 2563 1654 2610 Lega-

171 2623 345 2658 tenstelle
371 2621 472 2654 heim
499 2620 612 2654 Casan:
638 2615 848 2652 verschafft.
874 2634 920 2640 —
945 2613 1124 2649 Servilius
1149 2614 1298 2646 Praetor
1323 2622 1411 2645 eum
1436 2611 1483 2645 ad
1507 2621 1653 2645 causam

173 2670 373 2705 dicendam
399 2668 523 2701 adesse
549 2665 665 2700 iussit.
692 2665 799 2699 SCH.
828 2682 871 2689 —
897 2662 1014 2696 tribus
1040 2660 1142 2695 habet
1167 2675 1216 2692 z
1240 2671 1283 2695 er
1301 2659 1367 2694 hat
1392 2659 1444 2694 sie
1470 2660 1535 2693 fiir
1551 2659 1653 2699 sich;

173 2718 208 2753 ei
235 2719 364 2751 favent
391 2722 428 2749 et
453 2726 538 2749 eum
565 2714 804 2748 absoluturae
829 2716 928 2747 sunt.
957 2709 1065 2744 SCII.
1084 2728 1125 2733 —
1154 2708 1287 2751 agitur
1311 2712 1429 2742 tamen
1446 2707 1557 2745 satis,
1584 2707 1652 2740 ali-

175 2766 267 2811 quid
292 2771 416 2798 tamen
442 2762 660 2807 proficitur,
686 2760 756 2795 etsi
782 2770 884 2794 acres
909 2758 1091 2793 habemus
1107 2756 1350 2792 adversarios.
1378 2754 1580 2790 MANUT.
1608 2773 1650 2784 -ν-
