1742 3006
173 83 266 132 444
420 152 421 155 ¹
464 87 527 132 Μ.
558 87 614 132 Τ.
645 85 986 132 CICERONIS
1016 86 1388 133 EPISTOLAE.

174 199 364 252 XXII„
393 200 741 243 condemnarunt
759 200 987 243 XXVIII.
1044 199 1231 243 Publius
1254 213 1358 243 sane
1375 200 1542 243 diserto
1561 205 1652 259 epi-

172 256 275 311 logo
304 257 547 297 criminans
575 260 743 298 mentes
772 257 971 298 iudicum
999 259 1210 297 moverat.
1275 256 1493 299 Hortalus
1520 257 1568 299 in
1597 273 1651 302 ea

173 323 307 354 causa
335 311 447 364 fuit,
477 312 725 360 cuiusmodi
754 313 878 355 solet.
936 310 1036 352 Nos
1054 312 1234 354 verbum
1254 312 1433 353 nullum.
1492 314 1653 356 Verita

171 372 240 410 est
268 366 384 408 enim
412 367 595 422 pusilla,
624 381 734 423 quae
763 380 879 409 nunc
907 368 1100 419 laborat,
1129 381 1184 409 ne
1213 367 1405 409 animum
1426 369 1473 409 in
1491 369 1652 411 Publio

174 422 458 466 offenderem.
526 422 614 464 His
643 425 769 465 rebus
799 424 938 475 actis,
979 422 1161 465 Reatini
1200 436 1271 464 me
1309 423 1368 465 ad
1407 437 1486 466 sua
1522 427 1653 476 τέμπη

173 480 412 532 duxerunt,
458 482 508 520 ut
544 492 720 533 agerem
759 492 935 520 causam
984 482 1138 521 contra
1175 479 1496 523 Interamnates
1535 480 1651 536 apud

171 534 393 576 consulem
434 538 479 577 et
515 534 668 576 decem
707 535 901 590 legatos3
943 535 1059 588 quod
1098 535 1218 576 lacus
1257 535 1467 588 Velinus,
1506 549 1532 577 a
1570 536 1649 578 M’.

169 589 308 632 Curio
346 589 572 643 emissus‚'
606 590 815 632 interciso
853 594 1029 642 monte,
1068 590 1114 631 in
1155 589 1324 632 Narem
1365 591 1545 633 defluit:
1596 605 1651 633 ex

169 660 256 701 quo
284 650 351 687 est
377 645 455 687 illa
483 647 653 687 siccata
680 650 724 688 et
751 645 932 687 humida
960 650 1106 687 tamen
1128 645 1302 687 modice
1321 645 1481 689 Rosea.
1540 647 1651 689 Vixi

170 715 270 743 cum
299 701 434 742 Axio.
492 700 613 749 Quin
643 703 778 744 etiam
807 715 877 743 me
905 700 961 742 ad
990 701 1166 756 Septem
1201 713 1334 755 aquas
1363 702 1504 746 duxit.
1560 702 1650 744 Re-

169 758 234 798 dii
275 756 468 799 Romam
505 757 682 798 Fonteii
719 770 852 799 causa
891 769 928 798 a.
967 756 1011 799 d.
1052 756 1159 799 VII.
1189 756 1292 797 Idus
1322 755 1474 806 Quint.
1531 759 1651 801 Veni

167 815 217 854 in
245 813 541 867 spectaculum
551 827 564 862 3
593 814 809 867 primum,
838 825 999 867 magno
1028 815 1074 854 et
1103 813 1324 866 aequabili
1351 815 1526 867 plausu:
1567 815 1649 857 sed

168 868 256 911 hoc
283 882 338 910 ne
366 867 558 918 curaris3
589 882 670 924 ego
698 870 899 924 ineptus,
930 869 1005 924 qui
1033 868 1314 925 scripserim:
1344 868 1530 922 deinde,
1560 870 1649 912 An-

169 1027 285 1062 XXII.
318 1028 550 1063 absolverant
581 1026 807 1066 Procilium.
839 1026 950 1064 SGH.
991 1044 1030 1052 -
1068 1027 1220 1062 Publius
1253 1027 1405 1063 Clodius
1436 1033 1649 1071 accusator3

169 1076 251 1110 sine
285 1077 389 1110 cuius
420 1077 572 1122 epilogo
608 1078 764 1110 fortasse
797 1087 844 1110 ne
877 1076 943 1109 ille
979 1075 1145 1110 XXVIII.
1183 1075 1335 1121 quidem
1367 1076 1508 1110 iudices
1541 1087 1650 1111 reum

169 1124 491 1159 condemnassent.
516 1125 624 1159 SCH.
676 1125 860 1171 Prologus
879 1136 918 1160 u.
937 1123 1121 1171 Epilogus
1146 1123 1231 1158 sind
1253 1124 1496 1159 wesentliche
1516 1123 1650 1158 Theile
1706 1126 1714 1130 “
1739 1110 1742 1111 ⁷

169 1171 277 1205 einer
301 1171 623 1218 kunstgerechten
654 1172 776 1214 Rede3
811 1171 882 1205 mit
912 1171 1035 1205 ienem
1069 1171 1166 1205 wird
1201 1171 1253 1205 sie
1287 1173 1543 1219 angefangen,
1577 1172 1650 1206 mit

169 1219 311 1253 diesem
344 1219 592 1253 beschlossen.
626 1238 671 1244 -
709 1219 888 1253 Hortalus
918 1220 962 1261 (s.
996 1229 1053 1264 ep.
1086 1219 1152 1259 LI,
1186 1220 1237 1261 1.)
1269 1233 1318 1250 Ξ
1348 1221 1395 1265 Q.
1429 1220 1649 1254 Hortensius
1713 1233 1717 1237 ’

168 1268 306 1312 sprach
332 1267 371 1300 in
398 1268 520 1301 dieser
544 1267 682 1305 Sache,
717 1267 789 1300 wie
816 1278 858 1300 er
883 1266 1021 1300 immer
1045 1279 1093 1300 zu
1127 1267 1313 1312 sprechen
1346 1268 1480 1313 pflegt.
1508 1287 1553 1293 -—
1581 1279 1648 1312 pu-

167 1315 276 1356 silla,
311 1315 370 1350 die
402 1314 557 1357 Kleine,
591 1315 755 1351 Cicero's
784 1315 924 1348 Tullia.
959 1333 1002 1338 --
1036 1314 1201 1356 laborat,
1235 1315 1365 1349 morbo
1396 1315 1552 1358 affecta,
1588 1316 1648 1349 die

168 1362 280 1396 nicht
313 1361 418 1397 wohl
449 1363 509 1397 ist.
543 1382 586 1387 —
621 1373 665 1396 ne
692 1388 700 1396 .
728 1388 736 1396 .
763 1388 772 1397 .
800 1363 1034 1406 offenderem.
1085 1361 1148 1396 Sic
1173 1362 1303 1408 scripsi
1329 1363 1426 1399 coni.
1454 1363 1648 1398 ORELLI.

169 1421 212 1443 ne
236 1411 388 1445 animum
421 1411 542 1446 Publii
575 1412 792 1454 offenderem
830 1411 874 1444 de
909 1412 1014 1445 Man.
1041 1415 1200 1445 sentent.
1230 1411 1356 1444 bamb.
1383 1422 1426 1445 ne
1452 1411 1589 1456 aliquid
1610 1411 1650 1445 in

169 1458 299 1493 Publio
325 1459 545 1502 offenderem
569 1460 666 1501 (scil.
693 1459 861 1493 acerbius
886 1459 925 1492 in
952 1458 1127 1494 Clodium
1154 1457 1387 1501 invehendo,
1414 1459 1502 1494 dum
1524 1460 1648 1494 Proci-

167 1507 262 1541 lium
289 1507 465 1542 adversus
489 1507 568 1541 eius
594 1507 867 1541 accusationem
895 1506 1153 1549 defenderem)
1179 1518 1277 1552 susp.
1303 1507 1415 1541 SCH.

264 1556 300 1589 5.
329 1556 379 1589 ad
400 1565 466 1588 sua
490 1554 618 1600 τέμπη,
644 1556 743 1589 denn
759 1556 818 1589 die
837 1554 996 1602 Gegend
1011 1565 1083 1588 von
1100 1555 1223 1593 Reate,
1244 1555 1336 1588 ietzt
1350 1556 1462 1597 Rieti,
1489 1556 1527 1588 in
1543 1555 1647 1590 Sam—

165 1602 288 1645 nium,
305 1614 384 1636 war
396 1614 528 1648 wegen
545 1603 652 1637 ihrer
664 1602 830 1637 Amnuth
850 1603 911 1636 ein
929 1603 1075 1637 zweites
1090 1602 1243 1647 Tempe,
1271 1603 1354 1636 dem
1372 1604 1410 1636 in
1426 1603 1643 1638 Thessalien

165 1653 327 1685 {iusserst
337 1650 505 1685 &hnlicln
530 1651 564 1685 S.
575 1654 696 1685 Varro
707 1652 752 1685 de
764 1653 819 1684 Re
830 1652 931 1686 Rust.
945 1651 974 1693 1,
996 1651 1050 1685 14.
1063 1670 1103 1676 —
1114 1651 1389 1695 Interamnates,
1402 1651 1647 1686 dieEinwoh-

166 1709 238 1732 ner
271 1698 338 1732 der
370 1698 618 1733 Picenischen
652 1700 756 1733 Stadt
787 1701 1024 1741 Interamna,
1068 1698 1158 1731 ietzt
1194 1699 1376 1741 Teramo,
1418 1699 1485 1732 auf
1522 1700 1645 1733 einem

165 1746 295 1791 Hugel
312 1747 412 1780 beim
425 1748 592 1781 Einfalle
608 1747 670 1780 des
695 1747 851 1781 Velinus
870 1747 1049 1790 (Viziole)
1063 1747 1102 1778 in
1122 1747 1190 1780 den
1205 1746 1393 1780 Truentus
1411 1748 1647 1791 (Trontino);

166 1793 286 1827 daher
318 1794 387 1828 der
421 1795 542 1828 Name
575 1808 625 1826 z:
661 1796 916 1836 confluentia,
952 1795 1126 1830 Coblenz.
1161 1812 1205 1819 —-
1238 1794 1304 1829 M’.
1335 1794 1445 1829 Curio
1471 1797 1644 1837 Dentato,

167 1848 229 1876 ‘ter
249 1843 401 1876 consule
428 1844 528 1886 (a.U.
554 1854 588 1875 c.
617 1843 712 1884 480).
728 1860 771 1867 -
786 1843 959 1876 interciso
984 1846 1112 1885 monte,
1144 1842 1302 1876 mittelst
1325 1841 1646 1890 Durchstechung

166 1890 270 1923 eines
295 1891 442 1935 Berges.
469 1909 511 1914 —
537 1889 574 1923 in
601 1891 759 1931 Narem,
796 1890 888 1923 ietzt
912 1891 1024 1923 Nera.
1051 1908 1095 1914 —
1130 1891 1248 1923 Rosea
1276 1891 1392 1930 (nach
1417 1892 1544 1925 Festus
1571 1901 1645 1925 von

167 1948 251 1976 τος,
288 1936 456 1985 thauig).
504 1938 587 1971 eine
620 1937 842 1971 fruchtbare
869 1937 1027 1983 Gegencl
1053 1938 1116 1970 des
1143 1937 1394 1982 Stadtgebiets
1419 1949 1489 1972 von
1516 1940 1645 1980 Reate,

167 1986 292 2020 voller
315 1986 593 2021 Wiesewachs.
627 1985 663 2021 S.
691 1987 810 2018 Varro
837 1984 881 2018 de
908 1985 960 2018 Re
986 1986 1093 2017 Rust.
1121 1986 1150 2024 I,
1178 1989 1209 2020 7.
1236 1986 1286 2023 ΙΙ,
1315 1989 1347 2028 7,
1376 1987 1408 2020 6.
1436 1986 1465 2028 1,
1495 1989 1549 2023 16.
1578 1987 1646 2025 ΠΙ,

165 2035 202 2074 2,
231 2035 286 2068 10.
316 2035 368 2068 15.
398 2034 492 2069 Plin.
518 2035 565 2067 H.
592 2033 640 2066 N.
666 2033 787 2074 XVII,
813 2033 846 2066 4.
873 2032 976 2066 Serv.
1003 2033 1050 2066 ad
1070 2030 1206 2080 Virgil.
1225 2033 1314 2066 Aen.
1334 2034 1418 2075 Vll,
1444 2037 1526 2070 712.
1576 2035 1647 2068 Die

167 2080 405 2115 Einwohner
436 2093 510 2116 von
542 2083 654 2116 Reate
680 2081 905 2127 verlangten
931 2080 1101 2113 desshalb
1129 2082 1210 2114 eine
1235 2081 1545 2129 Entsch'zidigung
1570 2094 1645 2117 von

168 2129 240 2162 den
262 2129 524 2163 Einwohnern
542 2141 616 2162 von
633 2130 867 2170 Interamna,
909 2128 953 2160 da
979 2128 1029 2161 sie
1058 2128 1179 2161 durch
1205 2129 1304 2162 diese
1326 2130 1531 2174 Operation
1557 2142 1644 2164 ver·

168 2178 277 2210 loren
302 2177 447 2212 hatten.
475 2196 517 2201 —
550 2177 641 2211 Via-i
665 2188 741 2210 cum
767 2176 889 2215 Axio,
920 2176 1008 2217 „ich
1036 2175 1192 2210 brachte
1218 2178 1279 2211 ein
1306 2179 1399 2211 Paar
1414 2177 1516 2225 Tage
1543 2178 1643 2211 heim

167 2224 328 2258 Senator
351 2225 463 2258 Axius
491 2226 584 2265 zu,“
618 2225 686 2259 der
717 2224 804 2258 hier
834 2223 873 2256 in
899 2223 1025 2257 Roseis
1051 2224 1159 2257 einen
1186 2225 1362 2259 Landsitz
1386 2225 1498 2259 hatte.
1526 2225 1562 2260 S.
1589 2237 1643 2271 ep.

166 2273 279 2315 Lxx,
305 2274 338 2307 3.
365 2273 490 2306 Varro
518 2273 590 2313 111,
617 2274 649 2308 2.
698 2273 754 2305 An
789 2272 856 2305 ihn
891 2271 1036 2304 schrieb
1073 2272 1209 2306 Cicero
1243 2273 1295 2307 als
1335 2274 1538 2307 Proconsul
1569 2285 1642 2307 von
1708 2289 1715 2298 x

166 2320 344 2354 Cilicien.
372 2341 414 2346 —-
440 2321 489 2354 ad
512 2320 651 2364 Septem
677 2330 811 2365 aquas,
848 2319 894 2352 40
919 2318 1070 2352 Stadien
1096 2330 1183 2352 vom
1209 2319 1299 2362 See,
1332 2331 1388 2354 wo
1412 2320 1526 2355 Axius
1552 2321 1645 2356 viel—

165 2367 286 2402 leicht
312 2368 394 2401 eine
421 2368 549 2402 zweite
577 2367 677 2402 Villa
708 2369 839 2402 besass.
866 2368 900 2399 8.
928 2367 1083 2412 Dionys.
1111 2367 1233 2401 Halic.
1261 2369 1289 2408 Ι,
1318 2369 1372 2402 14.

264 2417 300 2451 6.
328 2416 483 2450 Fonteii.
544 2417 731 2451 Corradus
769 2414 1010 2449 vermutheto
1042 2415 1256 2457 I'omptinii‚
1296 2416 1364 2449 der
1399 2415 1538 2449 damals
1570 2416 1642 2448 tri-

167 2462 374 2509 umphiren
406 2464 551 2498 woute.
589 2464 625 2500 s.
655 2465 700 2498 aa
726 2465 838 2497 Attio.
864 2454 930 2504 lv,
970 2464 1023 2497 16.
1056 2463 1257 2505 (cmlx),
1283 2465 1316 2498 5.
1350 2482 1394 2487 -
1434 2474 1466 2495 a.
1494 2464 1526 2496 d.
1558 2464 1644 2497 1'11.

167 2513 224 2544 Id.
255 2513 390 2552 Quini,
419 2523 480 2545 am
506 2514 538 2547 8.
566 2511 699 2545 lulius.
723 2531 769 2536 —
795 2510 976 2554 aequabili
998 2511 1145 2553 plausu,
1185 2517 1296 2545 unter
1321 2510 1645 2558 durchg‘zingigem

168 2559 514 2593 H'a'ndeklatschen.
542 2560 628 2603 Vgl.
657 2571 716 2605 ep.
746 2560 870 2597 cxffl,
897 2561 930 2594 2.
959 2557 1094 2591 theatri
1118 2558 1416 2601 significationes.
1442 2577 1486 2582 —
1513 2559 1578 2593 Ιιοε
1604 2570 1646 2592 ne

169 2606 334 2648 ‹urm-is,
362 2607 475 2649 doch,
503 2607 579 2640 sieli
596 2608 692 2641 iiber
713 2609 787 2641 Das
813 2609 913 2650 weg!
944 2624 985 2629 —
1013 2607 1073 2649 qui
1098 2620 1145 2636 z
1171 2613 1212 2640 ut
1238 2606 1325 2651 qui,
1352 2613 1480 2651 utpote
1506 2608 1571 2651 qui
1597 2632 1603 2640 .
1636 2633 1641 2640 .

168 2654 388 2696 scripserim.
416 2652 454 2690 S.
481 2655 633 2689 Ramsh.
664 2658 696 2699 §.
727 2656 806 2696 194,
836 2657 869 2688 l.
897 2655 1047 2691 Grotef.
1075 2654 1103 2695 §.
1131 2655 1210 2688 403.
1246 2675 1286 2680 —
1323 2653 1537 2697 Antiphonti
1562 2665 1645 2698 ope-

171 2711 253 2733 ram
278 2702 384 2741 dedi,
414 2702 575 2736 richtete
601 2703 663 2735 ich
689 2703 812 2736 meine
838 2700 1182 2735 Aufmerksamkeit
1202 2703 1269 2735 auf
1283 2702 1352 2735 den
1370 2713 1487 2736 neuen
1505 2701 1645 2736 Sclnau-

171 2749 310 2794 spioler
337 2749 521 2796 Antipho,
550 2750 745 2786 vielleicht
770 2752 832 2785 ein
859 2750 1108 2795 heibeigeuer
1134 2750 1194 2784 des
1220 2750 1333 2793 Milo,
1369 2750 1437 2785 der
1463 2750 1514 2784 als
1539 2749 1647 2784 Aedil
