1742 3006
0 60 4 137 l
477 33 823 113 ‘EPISTOLA
851 68 1031 114 xxvi.
1431 68 1516 115 109

0 145 4 244 l
29 184 255 226 hominem
296 183 568 237 petulantem
607 181 854 222 modestum
885 181 1026 221 reddo
1066 194 1154 223 non
1183 181 1328 223 solum
1358 192 1513 235 perpe-

16 246 105 291 tua
143 240 366 294 gravitate
403 237 647 289 orationis,
692 237 770 278 sed
801 236 937 277 etiam
967 236 1055 277 hoc
1084 251 1245 292 genere
1276 237 1514 277 dictorum.

30 296 187 349 ltaque
218 297 306 336 iam
337 294 627 336 familiariter
657 307 755 333 cum
786 293 885 347 ipso
917 292 1052 333 etiam
1083 295 1275 336 cavillor
1305 306 1358 334 ac
1372 293 1513 334 iocor.

0 350 152 403 {Quin
192 352 326 392 etiam
367 363 499 404 quum
539 349 829 392 candidatum
859 348 1202 401 deduceremus,
1252 347 1427 403 quaer-it
1456 361 1517 388 ex

0 407 2 441 ἱ
30 422 123 459 me,
175 420 278 448 num
317 418 599 447 consuessem
630 405 799 446 Siculis
830 405 980 445 locum
1010 404 1340 459 gladiatoribus
1380 404 1515 446 dare?

0 462 216 517 ‚Negavi
286 463 347 503 At
377 475 483 516 ego,
521 461 691 515 inquit,
727 474 869 502 novus
900 464 1113 514 patronus
1143 462 1397 502 instituam:
1437 459 1517 501 sed

0 509 172 571 lsoror,
202 530 312 572 quae
341 521 514 558 tantum
544 516 706 558 habeat
735 516 984 558 consularis
1015 517 1122 568 loci,
1151 530 1282 557 unum
1312 516 1427 557 mihi
1447 529 1518 557 so-

0 556 6 628 l
30 575 122 615 lum
150 574 307 628 pedem
338 573 427 615 dat.
488 573 613 625 Noli,
643 574 840 627 inquam,
870 572 925 613 de
955 585 1043 613 uno
1075 572 1187 627 pede
1217 573 1387 614 sororis
1411 585 1518 626 que-

2 629 7 643 ”
31 631 92 671 ri:
144 630 254 671 licet
293 630 428 671 etiam
468 631 660 670 alterum
698 631 847 671 tollas.
905 628 1008 670 Non
1039 629 1297 681 consulare,
1327 629 1519 683 inquies,

0 717 6 745 1
31 686 224 735 dictum3
256 684 424 727 fateor:
454 686 534 726 sed
560 699 642 741 ego
674 686 803 727 illam
833 684 910 725 odi
940 685 1057 725 male
1099 685 1391 726 consularem.
1450 683 1520 724 Ea

0 747 7 794 ζ
30 745 97 782 est
126 743 241 783 enim
272 742 511 784 seditiosa:
542 755 595 782 ea
623 756 723 782 cum
744 743 844 783 viro
864 741 1034 782 bellum
1056 742 1188 795 gerit,
1210 755 1353 795 neque
1375 740 1520 781 solum

0 800 6 841 ἒ
31 811 130 839 cum
159 798 372 849 Metello,
411 798 490 839 sed
521 799 656 839 etiam
689 811 788 838 cum
818 798 988 849 Fabio,
1018 796 1138 851 quod
1170 811 1245 838 eos
1274 796 1391 838 mihi
1421 808 1518 837 esse

0 851 1 854 '
30 854 198 895 amicos
228 855 415 895 moleste
445 853 546 895 fert.
607 854 741 903 Quod
772 854 828 895 de
858 854 1038 909 agraria
1069 854 1166 908 lege
1187 853 1380 908 quaeris,
1410 864 1517 895 sane

3 984 144 1037 lcausa
176 980 213 1006 et
250 972 447 1006 resistendi
483 983 599 1008 causa.
652 972 770 1006 Orelli
795 973 896 1018 fragt
921 985 983 1016 an,
1026 974 1073 1008 ob
1106 973 1215 1006 nicht
1241 972 1403 1007 debuerit
1428 978 1520 1006 statt

32 1022 152 1055 debuit
177 1033 219 1054 zu
243 1022 455 1055 verbessern
482 1021 560 1054 sei?
588 1040 631 1045 —-
656 1026 793 1065 perpet.
821 1033 884 1064 gr.
912 1026 1005 1055 orat.
1039 1028 1130 1055 statt
1154 1025 1411 1066 perpetuarmn
1436 1031 1518 1054 ora-

4 1106 9 1116 ι
31 1070 166 1103 tionum
189 1070 387 1112 gravilate,
414 1069 534 1102 durch
562 1069 623 1102 die
646 1070 982 1115 Ernsthaftigkeit‚
1024 1069 1143 1104 durch
1168 1070 1240 1103 den
1265 1071 1377 1103 Ernst
1401 1081 1521 1102 unun-

4 1123 7 1150 ξι
30 1119 304 1151 tei-brochener
323 1118 452 1151 Reden
473 1118 525 1150 im
549 1118 671 1151 Senat.
707 1119 767 1152 Sie
778 1120 926 1153 werden
940 1123 1137 1163 perpetuae
1155 1119 1207 1152 im
1226 1118 1436 1164 Gegensatz
1454 1118 1520 1150 der

3 1167 9 1215 ξ
32 1167 315 1206 ἎόιῚπνΕεΙιΞΘΙ,
331 1166 609 1209 altercationes,
624 1175 799 1211 genennt,
824 1167 944 1200 wobei
963 1167 1279 1212 ganzvorziiglich
1293 1167 1354 1201 die
1374 1167 1520 1212 anspie-

5 1251 9 1260 ,
33 1214 166 1248 lenden
181 1216 274 1249 bons
291 1221 400 1258 mots‚
419 1215 536 1257 dicta,
564 1216 833 1261 vorfielen.Vgl
854 1217 991 1256 XXLS.
1015 1235 1058 1241 -
1086 1215 1234 1258 Siculis,
1258 1214 1350 1250 meis
1368 1215 1519 1248 clienti-

33 1263 113 1307 bus,
133 1265 259 1297 locum
278 1263 379 1303 dare,
408 1264 473 1298 ubi
488 1264 740 1308 gladiatorum
758 1264 965 1297 certamina
982 1270 1153 1310 spectare
1168 1271 1329 1309 possent.
1379 1263 1520 1298 Amicis

5 1332 10 1353 9
33 1312 131 1345 enim
165 1319 202 1345 et
239 1313 440 1346 tribulibus
475 1313 519 1345 ad
546 1314 758 1356 spectacula
784 1313 889 1346 locus
916 1313 1086 1354 dabatur,
1121 1319 1164 1346 ut
1189 1312 1227 1345 in
1254 1312 1423 1346 oratione
1448 1323 1518 1357 pro

30 1361 211 1394 Muraena
245 1372 276 1394 c.
313 1361 376 1396 34.
427 1360 626 1394 MANU'J‘.
677 1379 719 1386 -
771 1361 1041 1403 gladiatoribus
1073 1361 1097 1393 i.
1124 1372 1153 1392 e.
1188 1371 1302 1405 quum
1334 1360 1414 1395 ludi
1439 1361 1521 1405 gla-

6 1409 187 1467 Qdiatorii
222 1409 397 1444 eduntur.
457 1409 514 1443 Cf.
548 1408 711 1454 Philipp.
739 1409 811 1450 IX,
845 1412 877 1443 7.
928 1409 1167 1443 Gladiatores
1194 1415 1316 1442 autem
1342 1409 1398 1442 his
1423 1416 1520 1444 tem-

34 1457 189 1503 poribus
225 1457 328 1490 dedit
359 1459 512 1490 Faustus
545 1457 664 1490 Sullae
697 1460 737 1492 F.
772 1458 860 1492 Vid.
896 1464 990 1491 orat.
1023 1467 1092 1503 pro
1131 1457 1231 1490 Sulla
1265 1464 1301 1490 et
1325 1457 1398 1491 Dio
1432 1459 1518 1492 libr.

31 1506 178 1540 XXXV.
230 1505 417 1539 GRAEV.
454 1523 499 1530 --
530 1515 640 1538 not-us
663 1511 852 1549 patronus,
881 1506 1054 1551 obgleicb
1079 1505 1142 1538 ich
1167 1504 1239 1538 seit
1265 1506 1417 1539 kurzem
1444 1513 1521 1540 erst

33 1555 92 1588 ihr
119 1556 255 1587 Patron
282 1555 358 1587 bin.
389 1573 431 1578 -
458 1553 640 1587 instituam
666 1555 692 1586 i.
723 1565 753 1590 e,
781 1555 958 1599 incipiam
985 1556 1111 1588 locum
1138 1553 1228 1587 dare
1254 1566 1280 1588 s.
1311 1555 1410 1588 hunc
1437 1565 1519 1588 mo-

32 1614 109 1636 rem
135 1602 355 1637 inducan1.“
408 1599 470 1634 Sic
498 1601 541 1634 de
566 1602 679 1635 Lollii
706 1603 802 1637 coni.
830 1603 902 1647 leg.
930 1603 1062 1639 Lamb.
1088 1605 1175 1637 Bos.
1203 1602 1292 1647 Sqq.
1319 1613 1429 1636 novos
1453 1614 1520 1646 pa—

33 1656 156 1685 cronos
180 1651 361 1684 instituam
382 1650 527 1684 Priores
555 1657 590 1683 et
609 1651 706 1684 vict.
733 1652 766 1685 2.
794 1662 881 1685 cum
907 1651 1014 1686 Med.
1042 1652 1160 1684 Oxon.
1190 1650 1220 1687 1,
1248 1652 1281 1687 2.
1321 1651 1520 1685 ORELLI.

7 1707 13 1727 ε
34 1719 78 1724 -
104 1710 191 1743 quae
214 1699 242 1735 i.
272 1711 302 1732 e.
330 1711 447 1744 quum
472 1710 513 1731 ea
541 1703 673 1732 tantum
699 1698 832 1732 habeat
858 1701 965 1740 (Ex-n.
983 1700 1139 1734 Schiitz.
1158 1697 1281 1740 habet)
1308 1710 1405 1732 cons.
1435 1700 1520 1740 loci,

34 1750 80 1781 da
106 1748 159 1780 sie
187 1747 285 1781 doch
312 1748 365 1780 als
395 1748 622 1780 Gemahlinn
651 1747 715 1780 des
739 1749 899 1781 Consuls
926 1750 1023 1782 iiber
1048 1749 1155 1781 einen
1181 1759 1221 1781 so
1247 1758 1397 1792 grossen
1421 1748 1522 1781 Platz

32 1797 84 1830 im
107 1795 393 1841 Amphitheater
417 1808 461 1830 zu
490 1796 664 1841 gebieten
690 1797 769 1830 liat.
825 1797 899 1830 Die
924 1796 1220 1830 Anverwandten
1245 1797 1414 1841 pflegten
1449 1797 1522 1829 den

34 1844 260 1880 Candidaten
302 1845 394 1878 oder
434 1845 841 1889 Magistratspersonen
878 1846 998 1880 Platze
1040 1846 1328 1885 einzura'umen,
1380 1844 1522 1879 welche

33 1892 132 1926 diese
158 1906 205 1927 zu
231 1894 334 1927 ihrer
363 1893 619 1939 Empfehlung
646 1904 690 1926 an
716 1893 801 1928 ihre
826 1894 1002 1928 Klienteu
1033 1905 1069 1927 u.
1097 1894 1395 1938 Zunstgenossen
1424 1894 1522 1926 dann

33 1942 204 1975 abtreten
237 1943 414 1976 konnten.
472 1942 623 1978 Clodius
659 1940 766 1975 hatte
797 1942 879 1975 drei
913 1943 1174 1984 Schwestern3
1225 1942 1307 1976 hier
1342 1941 1436 1976 wird
1461 1941 1522 1975 die

33 1989 176 2033 Clodia,
204 1991 263 2024 die
291 1989 515 2024 Gemahlinn
542 1991 605 2023 des
633 1991 792 2026 consuls
818 1992 1015 2033 Metellus,
1042 1991 1216 2036 gemeint.
1252 2009 1294 2016 —-
1339 2001 1448 2025 unum
1473 2015 1481 2024 .
1507 1993 1520 2026 ¹.

31 2039 154 2084 pedem
189 2039 409 2084 quadratum
426 2063 436 2081 ,
463 2039 527 2072 ubi
555 2040 670 2073 homo
698 2039 842 2073 duobus
866 2041 1024 2086 pedibus
1050 2041 1223 2074 insistere
1249 2041 1376 2085 possit.
1429 2039 1519 2072 vid.

12 2087 229 2134 3Columell.
266 2089 321 2127 ΙΙ,
357 2090 411 2122 10.
465 2090 507 2130 V,
536 2090 567 2122 1.
620 2108 662 2113 -
711 2088 840 2122 Noli.
869 2114 878 2122 .
905 2114 913 2123 .
949 2090 1064 2134 queri.
1112 2088 1151 2122 S.
1190 2088 1340 2125 Grotef.
1374 2090 1403 2133 §.
1441 2089 1519 2124 186.

34 2134 184 2170 Ranish.
211 2138 238 2180 §.
271 2137 348 2171 167.
387 2137 473 2170 Not.
501 2139 535 2173 1.
596 2137 734 2182 Zumpt
759 2137 788 2178 ἕ.
815 2138 900 2175 586.
934 2157 978 2162 —
1014 2138 1103 2171 licet
1128 2161 1137 2171 .
1166 2163 1173 2169 .
1199 2163 1209 2171 .
1238 2137 1361 2171 tollas.
1413 2138 1521 2171 Iocus

34 2184 188 2218 lascivus
215 2190 251 2217 et
279 2186 477 2232 obscenus;
519 2185 606 2230 quia
633 2185 785 2219 Clodius
822 2186 870 2219 ob
899 2192 1070 2232 stuprum
1097 2196 1182 2219 cum
1208 2186 1399 2219 sororibus
1423 2185 1522 2218 infa-

34 2233 103 2266 mis
144 2238 233 2265 erat.
284 2227 500 2267 SCIIUTZ.
558 2252 603 2258 —
660 2235 750 2268 male
783 2236 917 2267 consul.
951 2236 976 2269 i.
1013 2246 1043 2269 e.
1088 2234 1250 2268 consulis
1282 2244 1449 2267 uxorem.
1476 2252 1517 2258 --

33 2281 219 2324 seditiosa,
246 2282 386 2323 rixosa,
414 2293 507 2326 qnae
533 2293 681 2327 semper
704 2283 954 2316 tumultuatur
979 2282 1082 2316 domi
1110 2289 1148 2316 et
1173 2294 1260 2316 cum
1285 2283 1368 2317 viro
1394 2288 1432 2315 et
1456 2292 1522 2315 ne-

35 2329 203 2362 cessariis
236 2330 370 2375 litigat.
431 2331 514 2364 Csr.
551 2331 702 2364 Terent.
727 2331 842 2364 Andr.
876 2333 919 2373 V,
949 2334 979 2373 l,
1007 2334 1063 2366 11.
1118 2331 1240 2367 Plaut.
1266 2330 1454 2375 Amphitr.
1490 2332 1520 2367 l,

39 2379 93 2416 11,
123 2379 176 2412 16.
224 2379 297 2411 Die
323 2377 623 2424 lViedm-holung
651 2379 713 2413 des
740 2379 1102 2413 nachdrucksvollen
1131 2390 1173 2413 ea
1199 2380 1352 2413 missfiel
1369 2378 1519 2412 Schiitz,

36 2425 100 2457 der
127 2425 296 2460 desshalb
323 2428 571 2461 verbesserte:
605 2429 836 2461 consularem.
877 2428 942 2461 Est
968 2429 1056 2462 enim
1081 2429 1169 2468 sed„
1195 2432 1228 2461 et
1254 2439 1284 2462 c.
1313 2439 1344 2461 r.
1375 2444 1417 2449 -
1445 2437 1521 2459 cum

14 2472 159 2516 {Fabia
184 2474 308 2509 ihrem
335 2475 597 2519 ehemahligen
625 2477 811 2510 Galan.--
837 2477 933 2519 qnod
954 2503 962 2512 .
984 2502 991 2509 .
1008 2502 1015 2510 .
1042 2478 1188 2511 moleste
1203 2477 1300 2518 fert.
1347 2474 1410 2508 Sic
1435 2477 1522 2509 Asc.

14 2517 71 2566 21.
127 2522 178 2553 In.
204 2524 303 2557 Crat.
337 2526 446 2558 Horv.
483 2525 613 2558 Lamb.
649 2526 758 2570 prob.
794 2525 884 2558 Ern.
912 2526 1063 2559 Schiitz.
1112 2524 1264 2558 Nullam
1291 2523 1519 2556 sententiam

15 2569 191 2636 {praebet
216 2572 346 2606 Lectio
372 2574 472 2610 Vict.
500 2575 593 2616 quod
616 2584 676 2606 eos
700 2574 738 2606 in
764 2573 831 2606 lioc
856 2584 932 2607 esse
958 2585 1002 2606 m.
1019 2575 1116 2615 sert,
1143 2572 1213 2605 etsi
1241 2571 1423 2616 explicare
1441 2578 1519 2605 stu-

16 2618 218 2662 ?duerunt:
266 2621 335 2661 „in
369 2620 452 2663 boc,
499 2628 539 2654 nt
565 2623 644 2656 eius
669 2621 932 2656 transitionem
969 2623 1015 2655 ad
1037 2622 1187 2667 plebem
1213 2622 1518 2666 tribunatumque

34 2667 282 2748 gzssgilfftf‘
332 2670 392 2703 Sic
442 2669 554 2703 etiam
603 2672 685 2704 Bos.
739 2670 874 2703 Gracv.
927 2672 1015 2704 Ern.
1072 2669 1198 2713 sicque
1248 2669 1391 2707 Medic.
1444 2675 1515 2702 etc.

131 2765 165 2798 6.
195 2765 236 2796 de
264 2774 345 2806 agr.
375 2766 455 2808 lege
481 2778 499 2799 a
528 2768 570 2802 [ι.
598 2767 723 2800 Flavio
751 2768 901 2800 tribuno
928 2766 1049 2811 plebis
1076 2765 1326 2811 promulgata.
1394 2767 1427 2799 S.
1458 2765 1517 2798 die

18 2925 22 2987 k
