1742 3006
172 72 256 120 18}
453 73 515 115 M.
548 72 605 115 Τ.
640 72 981 116 CICERONIS
1015 71 1387 117 EPISTOLAE.

171 188 287 228 ciam
328 174 610 240 publicanis;
664 186 699 224 εἰ
726 186 768 225 δὲ
795 190 871 236 μή,
910 210 963 216 -
992 199 1096 227 vere
1126 189 1269 227 tecum
1300 186 1482 239 loquar,
1511 202 1562 215 —
1594 188 1638 228 in
1698 183 1701 186 ⁴

173 243 258 284 hac
288 254 334 282 re
364 241 482 280 malo
513 239 746 283 universae
776 242 911 283 Asiae
942 245 987 281 et
1016 242 1390 295 negotiatoribus:
1437 253 1538 281 nam
1567 255 1639 283 eo-

172 312 268 338 rum
299 308 475 350 quoque
505 294 793 337 vehementer
823 299 1022 338 interest.
1092 297 1191 338 Hoc
1220 311 1302 351 ego
1332 297 1478 337 sentio
1508 297 1638 339 valde

172 353 302 394 nobis
341 364 452 405 opus
481 364 589 392 esse.
648 351 734 393 Sed
767 356 814 393 tu
844 352 891 392 id
923 352 1109 393 videbis.
1177 354 1450 402 Quaestores
1479 355 1635 400 autem,

173 419 360 462 quaeso,
416 419 519 446 num
561 407 697 448 etiam
735 407 790 448 de
841 407 1102 462 cistophoro
1152 408 1382 450 dubitant?
1440 406 1554 448 Nam
1603 409 1638 448 si

173 462 298 503 aliud
327 460 442 501 nihil
473 462 584 513 erit,
629 477 760 517 quum
790 464 954 503 erimus
985 464 1134 505 omnia
1162 464 1356 519 experti,
1387 476 1469 516 ego
1499 476 1554 502 ne
1584 462 1635 502 il-

174 517 251 557 lud
281 516 462 570 quidem
492 522 784 569 contemnam,
814 519 934 572 quod
965 524 1212 560 extremum
1242 524 1321 561 est.
1381 518 1451 559 Te
1483 518 1527 558 in
1557 518 1636 558 Ar—

172 573 315 626 pinati
344 572 594 613 videb'nnus
626 578 670 614 et
700 573 899 627 hospitio
925 576 1091 629 agresti
1116 577 1403 630 accipiemus,
1434 574 1638 628 quoniam

172 628 444 669 maritimum
476 628 563 668 hoc
594 630 915 683 contempsisti.

463 831 777 875 EPISTOLA
810 832 990 873 XLIII.
1050 833 1165 881 (Att.
1198 832 1257 872 11.
1289 832 1374 883 17.)

229 905 306 937 scr.
332 905 369 937 in
397 905 597 939 Formiano
623 906 731 940 initio
759 907 894 940 mensis
920 907 1015 941 Maii
1042 906 1081 940 Α.
1109 908 1151 941 υ.
1181 908 1220 941 c.
1247 908 1328 942 695.
1379 908 1425 948 (a.
1457 909 1495 940 c.
1523 907 1598 947 59.)

174 972 396 1016 Pompeium
423 971 476 1004 ait
501 981 629 1017 aperte
653 974 891 1019 tyrannidem
919 975 1118 1016 affectare,
1162 985 1200 1007 se
1224 973 1389 1007 Atticum
1416 974 1453 1007 in
1483 973 1649 1018 Arpinati

175 1020 408 1063 praestolari,
434 1027 474 1053 nt
503 1022 547 1053 de
574 1021 633 1055 his
660 1023 767 1067 plura
794 1034 920 1055 coram
947 1035 1031 1055 cum
1058 1035 1101 1055 eo
1124 1023 1306 1055 conferat.
1335 1024 1423 1057 1-2.
1474 1024 1512 1056 Si
1526 1029 1647 1055 tamen

175 1069 318 1100 Romae
351 1069 459 1101 malit
493 1070 697 1103 adventum
731 1083 838 1113 sulum
873 1078 1098 1115 exspectare,
1125 1082 1160 1103 se
1190 1070 1283 1103 nihil
1309 1071 1515 1116 impedire;
1553 1070 1649 1113 petit

177 1121 322 1158 autem,
368 1116 397 1149 si
425 1118 585 1160 venerit,
626 1126 664 1152 ut
699 1130 719 1151 a
755 1120 984 1164 Theophane
1017 1119 1242 1164 expiscetur,
1285 1130 1356 1164 quo
1390 1119 1514 1152 animo
1546 1120 1583 1151 in
1616 1128 1651 1150 se

739 1168 933 1213 Pompeius
959 1168 1018 1201 sit.
1043 1169 1076 1201 3.

694 1233 875 1268 CICERO
902 1233 1081 1268 ATTICO
1109 1230 1143 1266 S.

290 1299 510 1349 Prorsus,
539 1299 588 1336 ut
617 1294 804 1347 scribis,
835 1296 900 1335 ita
929 1294 1089 1334 sentio.
1149 1293 1326 1335 Turbat
1355 1293 1655 1349 Sampsicera-

181 1369 290 1398 mus.
362 1352 493 1396 Nihil
526 1354 617 1402 est,
657 1350 777 1404 'quod
808 1363 895 1390 non
927 1348 1172 1390 timendum
1202 1350 1289 1390 sit:
1348 1347 1658 1399 ὁμολογουμένως
1721 1351 1726 1356 ’

181 1498 486 1544 Staatsp'eichtern
515 1497 621 1531 nicht
647 1504 835 1541 entgegen
863 1496 955 1535 sein,
984 1495 1101 1529 damit
1127 1495 1185 1529 die
1210 1494 1328 1529 Sache
1354 1495 1421 1530 der
1441 1496 1657 1542 Optimaten

181 1549 309 1589 (causa
335 1547 494 1591 optima.
537 1545 573 1579 S.
601 1557 658 1591 ep.
687 1545 802 1585 XXV,
828 1545 850 1578 3
873 1544 929 1578 via
956 1545 1127 1588 optimas.
1172 1544 1302 1585 XXVI,
1330 1545 1352 1579 6
1378 1545 1521 1589 optima
1546 1546 1660 1589 ratio)

181 1596 305 1629 durch
331 1593 586 1638 abermahlige
612 1593 854 1636 Beleidigung
880 1593 943 1625 des
969 1592 1247 1625 Ritterstandes
1273 1591 1528 1626 bei’mo'enate
1555 1594 1660 1628 nicht

182 1655 276 1688 ganz
310 1655 355 1676 zu
381 1643 534 1676 Grande
561 1641 681 1686 gehe‚
731 1640 891 1673 sondern
929 1639 994 1672 der
1020 1640 1204 1672 Freistaat
1229 1639 1346 1672 durch
1375 1640 1438 1673 das
1463 1642 1568 1674 Band
1594 1642 1659 1675 der

182 1689 388 1726 Eintracht
413 1690 600 1723 zwischen
634 1689 745 1721 Senat
781 1687 855 1721 und
881 1688 1032 1720 Rittern
1061 1699 1116 1719 wo
1143 1686 1311 1730 moglich
1339 1688 1513 1722 aufrecht
1539 1689 1662 1723 ethal-

183 1746 247 1772 ten
273 1738 414 1771 werde:
464 1737 559 1770 kann
596 1737 658 1769 ich
692 1737 781 1769 aber
813 1747 880 1769 von
908 1736 1011 1768 iener
1036 1735 1177 1768 meiner
1203 1736 1388 1780 Meinung
1416 1737 1524 1770 nicht
1547 1737 1659 1782 abge-

185 1788 277 1829 hen,
325 1798 365 1820 so
402 1785 480 1818 will
514 1785 578 1818 ich
613 1785 734 1818 lieber
759 1795 792 1816 u.
819 1796 846 1817 s.
874 1784 901 1816 f.
952 1785 987 1816 S.
1014 1795 1072 1828 ep.
1099 1783 1241 1824 XXVI,
1270 1786 1303 1819 8.
1354 1784 1472 1827 XXII,
1499 1786 1533 1820 9.
1583 1787 1660 1819 Der
1722 1813 1726 1816 .

188 1846 299 1869 causa
326 1834 469 1878 optima
494 1833 594 1866 steht
620 1833 679 1866 die
706 1843 817 1866 causa
843 1831 1080 1877 popularium
1108 1838 1304 1875 entgegen.
1340 1850 1384 1856 —
1417 1833 1659 1875 negotiatori-

188 1884 250 1917 bus
276 1883 357 1916 scil.
385 1882 612 1915 satisfacere.
641 1899 686 1906 --
723 1891 848 1913 eorum
874 1880 950 1913 scil.
979 1880 1257 1921 Romanorum,
1286 1880 1347 1924 qui
1374 1880 1412 1912 in
1439 1881 1522 1914 Asia
1547 1893 1663 1926 nego-

188 1933 350 1971 tiantur,
392 1929 529 1965 vehem.
564 1929 714 1962 interest
751 1939 813 1960 eos
851 1939 869 1959 a
912 1928 1081 1972 portorio
1123 1927 1450 1961 circumvectiom's
1493 1929 1662 1963 liberari.

189 1973 296 2013 Uber
323 1978 470 2012 interese
497 1990 533 2011 c.
560 1978 671 2022 genit.
699 1988 725 2009 s.
747 1974 899 2011 Ramsh.
929 1978 959 2018 §.
989 1977 1071 2017 114,
1097 1977 1128 2009 1.
1156 1975 1301 2008 Grotef.
1331 1975 1362 2019 ᾖ.
1390 1977 1470 2011 246.
1498 1997 1539 2002 -
1586 1978 1666 2011 Hoc

190 2038 260 2070 ego
288 2051 294 2058 .
325 2052 332 2059 .
362 2052 369 2059 .
397 2037 486 2070 opus
511 2035 601 2059 esse.
659 2025 792 2058 Dieser
829 2024 1090 2067 Gegeustand„
1130 2023 1227 2056 denk
1253 2023 1340 2064 ich,
1367 2035 1466 2058 nuiss
1491 2036 1556 2058 uns
1583 2025 1668 2059 sehr

190 2075 353 2118 wichtig
380 2075 482 2113 sein,
524 2085 561 2107 es
586 2085 684 2107 muss
711 2084 776 2105 uns
803 2071 888 2105 sehr
915 2071 1045 2104 darum
1071 2082 1115 2104 zu
1139 2071 1235 2105 thun
1262 2072 1351 2104 sein.
1413 2073 1494 2106 Wir
1519 2077 1665 2107 miissen

192 2123 262 2156 ihu
290 2123 343 2156 als
369 2133 479 2155 unser
507 2133 597 2167 opus
621 2119 805 2155 πολιτικὸν
831 2120 873 2162 (s.
899 2119 945 2152 ad
969 2119 1083 2152 Attio.
1113 2120 1173 2162 IX,
1204 2121 1287 2159 11),
1328 2121 1382 2153 als
1408 2122 1489 2153 eine
1515 2133 1573 2155 res
1598 2134 1664 2156 no—

193 2171 260 2204 stri
298 2171 422 2216 operis
455 2171 624 2203 ansehen.
684 2168 719 2203 S.
753 2169 831 2203 Liv.
859 2169 916 2210 36,
943 2168 999 2202 34.
1046 2168 1105 2209 38,
1132 2170 1164 2202 9.
1232 2168 1342 2201 Doch
1369 2168 1431 2201 ich
1459 2170 1665 2204 iiberlassse

193 2219 265 2252 Dir
293 2219 354 2252 die
380 2218 510 2251 Sache.
539 2236 582 2243 -—
633 2218 676 2251 de
701 2215 852 2260 cis-toph.
878 2216 1002 2255 dubit,
1029 2227 1155 2259 wegen
1183 2216 1247 2249 der
1272 2216 1502 2250 Asiatischen
1528 2220 1668 2252 Mi'mze
1706 2214 1709 2221 “

195 2267 531 2310 Schwicrigkeiten
558 2267 732 2299 macheu.
783 2264 820 2300 S.
847 2275 903 2309 ep.
931 2263 1085 2302 xxxn,
1111 2275 1223 2309 gegen
1249 2265 1352 2298 Ende
1378 2265 1451 2298 und
1477 2267 1612 2308 LXIII,
1630 2269 1662 2301 7.

197 2333 240 2340 —
265 2316 299 2348 si
325 2315 427 2348 aliud
451 2313 542 2360 nibil
566 2315 656 2354 erit,
684 2314 714 2346 si
742 2323 814 2346 non
841 2313 1085 2357 impetramus
1111 2324 1131 2344 a
1158 2313 1424 2358 quaestoribus,
1449 2320 1492 2346 ut
1517 2314 1668 2348 denario

196 2363 350 2397 solvant.
377 2361 595 2396 SCHUTZ.
624 2380 666 2386 -—
703 2371 744 2393 ne
775 2361 871 2394 illmi
902 2361 1044 2404 quidem
1077 2360 1140 2405 de,
1158 2363 1266 2397 Corr.
1293 2362 1420 2394 Lamb.
1448 2362 1596 2396 sehiitz.
1623 2363 1670 2396 il-

196 2412 260 2445 lud
283 2421 326 2444 ne
359 2410 497 2455 quidem
522 2412 617 2442 cett.
641 2421 726 2442 cuin
754 2409 854 2442 Med.
881 2407 1073 2442 ORELLI.
1125 2402 1226 2442 Uber
1260 2409 1320 2442 die
1343 2410 1509 2455 Stellung
1534 2423 1604 2445 von
1629 2422 1672 2446 ne

198 2459 334 2502 quidem
360 2471 387 2491 s.
413 2458 565 2492 Ramsh.
592 2457 628 2500 §-
660 2459 739 2497 191,
768 2459 810 2490 N.
839 2458 873 2500 3,
902 2457 935 2490 b.
964 2456 1112 2491 Grotef.
1139 2459 1257 2501 §.336
1289 2477 1329 2481 —
1357 2462 1562 2501 extremum,
1589 2459 1670 2494 dass

198 2509 249 2540 sie
276 2509 312 2540 in
349 2506 596 2551 Cistoplioren
632 2505 820 2539 bezahlen.
867 2523 913 2530 —
962 2504 1179 2538 maritimum
1205 2507 1243 2538 in
1271 2506 1472 2540 Formiano
1499 2507 1545 2542 ad
1570 2519 1672 2542 mare

199 2556 283 2596 sito,
311 2567 366 2589 wo
394 2567 434 2588 er
459 2555 529 2588 mit
554 2554 770 2587 Seefischen
797 2553 1001 2586 aufwarten
1028 2553 1181 2586 konnte.

302 2624 329 2655 1.
360 2621 642 2655 Turbaezruit
667 2622 733 2667 (im
751 2621 806 2655 40.
829 2622 888 2654 Br.
915 2621 950 2664 ς.
966 2623 982 2655 1
1012 2620 1082 2654 und
1109 2621 1158 2654 im
1176 2623 1232 2663 41,
1254 2624 1280 2665 ζ).
1308 2625 1357 2664 2.)
1383 2635 1423 2656 er
1439 2624 1590 2657 vei-liert
1601 2591 1669 2655 de'n

202 2670 310 2714 Kops.
339 2669 414 2702 Md.
444 2670 619 2703 turbatur.
673 2670 776 2703 Uber
803 2669 980 2712 Sampsic.
1007 2681 1031 2702 s.
1060 2681 1116 2713 ep.
1145 2672 1220 2710 XL,
1251 2673 1280 2704 1.
1307 2672 1473 2713 XL11,2.
1498 2690 1540 2696 ——
1568 2669 1673 2705 Niln'l

243 2743 247 2748 .
278 2743 283 2750 .
311 2717 385 2751 tim.
414 2719 461 2750 sit
489 2718 513 2754 i.
543 2729 576 2754 e⁴
610 2719 731 2752 omnin
769 2719 814 2751 ab
849 2729 892 2752 eo
920 2718 1146 2764 reipublicae
1176 2718 1338 2753 timenda
1365 2726 1461 2757 suut.
1488 2739 1529 2746 --
1566 2715 1672 2760 ὁμο·
1732 2751 1737 2753 .
