1742 3006
1458 65 1542 112 117

327 199 643 245 EPISTOLA
674 198 911 243 xxvln.
970 203 1081 251 (Aa.
1114 204 1176 257 11,
1205 207 1263 255 3.)

190 278 270 314 Ser.
298 279 442 314 Romae
467 279 509 313 A.
539 279 579 312 U.
608 278 650 313 C.
679 278 760 314 694.
788 289 917 312 mense
945 278 1145 315 Decembr.
1173 280 1220 325 (a.
1249 283 1289 317 C.
1317 282 1393 324 60.)

12 338 16 382 “,
43 341 238 376 Valerium
263 340 472 375 absolutum
497 349 573 373 esse
599 339 756 373 nuntiat.
787 341 818 374 1.
843 341 1108 374 Fenestrarum
1125 341 1310 391 angustias
1324 344 1423 377 malo
1440 345 1535 378 Atti-

13 395 15 399 “
42 402 128 424 cum
153 387 450 435 reprehendisse.
480 389 514 423 2.
550 387 595 420 de
621 388 788 422 consiliis
821 388 894 422 suis
920 389 1095 433 proximo
1121 391 1318 425 consulatu
1344 392 1535 437 capiendi·

11 437 13 439 ,
43 449 86 472 ac
112 438 344 484 potissimum
371 435 415 469 de
441 436 524 479 lege
551 435 715 481 agraria,
743 447 790 468 an
816 437 1067 484 oppugnanda
1093 447 1138 470 an
1172 437 1432 474 defendenda?
1466 440 1534 475 At-

13 487 18 552 i
218 484 336 518 ticum
362 488 403 518 ut
429 483 551 529 pridie
578 484 805 529 Compitalia
831 484 988 518 Romam
1015 485 1142 519 veniat
1169 492 1289 533 rogat.
1318 488 1350 522 3.

14 557 17 570 Ι

14 590 17 610 Ι

14 673 15 693 1

11 118 17 187 ἆ,

12 203 17 242 1

11 252 16 329 ἓ

556 572 740 607 CICERO
771 573 959 607 ATTICO
985 571 1021 610 S.

147 639 366 692 Primum,
396 643 446 682 ut·
474 639 649 694 opinor,
679 640 897 690 εὐαγγέλια.
943 640 1159 682 Valerius
1190 642 1419 683 absolutus
1450 648 1532 696 est,

14 696 286 738 {Hortensio
316 694 598 737 defendente.
656 695 711 736 Id
733 696 952 737 iudiciuin
974 697 1082 738 Auli
1107 696 1207 737 filio
1232 697 1532 740 condonatum

14 753 300 808 2putabatur:
351 755 396 793 et
425 753 688 808 Epicratem
726 753 952 808 suspicor,
996 756 1047 794 ut
1086 754 1272 806 scribis,
1313 754 1531 796 lascivum

14 803 190 849 ‘fuisse
248 808 432 848 Etenim
461 807 575 849 mihi
605 808 779 862 caligae
810 809 905 850 eius
936 812 982 849 et
1011 808 1179 850 fasciae
1210 813 1408 851 cretatae
1444 824 1530 851 non

13 853 288 919 iplacebant.
349 864 472 913 Quid
502 865 582 917 sit,
623 865 839 915 sciemus,
869 878 1004 920 quum
1042 866 1234 906 veneris.
1292 866 1531 907 Fenestra-

16 934 134 961 ,rum
163 919 390 974 angustias
419 920 538 975 quod
569 918 887 974 reprehendis,
939 921 1056 961 scito
1094 925 1140 962 te
1176 918 1314 970 Κύρου
1351 924 1534 962 παιδείαν

15 992 20 1035 Ι

15 1050 19 1080 ,1

16 1107 17 1110 Ἴ
132 1067 163 1098 1.
189 1059 477 1108 Εὐαγγέλια,
511 1061 602 1096 laeti
640 1063 762 1097 nuntii
796 1061 822 1097 i.
851 1074 884 1101 e.
914 1063 1084 1097 Primum
1119 1075 1138 1096 a
1170 1064 1270 1098 laeto
1296 1065 1452 1107 nuntio,
1489 1071 1532 1099 ut

36 1112 191 1158 opinor,
217 1111 489 1156 incipiendum.
540 1109 697 1144 Schiitz.
747 1112 882 1146 Dieser
907 1112 1018 1145 Brief
1039 1112 1087 1145 ist
1113 1111 1201 1146 bald
1226 1111 1325 1146 nach
1353 1113 1438 1146 dem
1465 1123 1532 1146 vo-

16 1162 143 1206 2rigen
168 1170 242 1194 von
268 1161 363 1193 Rom
390 1170 453 1192 aus
478 1170 524 1192 an
551 1159 623 1192 den
638 1158 787 1194 Attikus
813 1158 1075 1207 geschrieben,
1104 1160 1172 1194 der
1197 1159 1314 1194 sehon
1340 1161 1380 1194 in
1396 1161 1531 1196 ltalien

17 1212 124 1248 {wan
150 1227 195 1233 —
225 1207 412 1242 Valerius.
440 1207 658 1241 Welcher?
686 1208 774 1242 lasst
801 1207 881 1242 sich
907 1207 1016 1242 nicht
1041 1208 1269 1242 ausmitteln.
1310 1209 1367 1243 Er
1392 1215 1530 1243 musste

17 1251 171 1300 Jiedoch
196 1256 281 1289 dem
307 1254 454 1289 Attikus
479 1254 588 1288 nicht
614 1256 867 1305 gleichgiiltig
898 1256 988 1290 scin.
1027 1275 1071 1280 -—
1104 1256 1194 1290 Auli
1213 1255 1322 1299 filio,
1356 1256 1529 1299 Afranio,

17 1302 134 1350 {apud
176 1304 393 1348 Pompeium
435 1303 718 1350 gratiosissimo.
769 1304 804 1337 S.
839 1304 976 1344 xxm,
1009 1304 1031 1338 5
1057 1316 1093 1338 u.
1119 1317 1144 1338 s.
1173 1306 1201 1338 f.
1229 1305 1321 1340 cdd.
1347 1305 1528 1342 Tornaes.

17 1353 185 1388 §decurh
221 1353 302 1384 Bos.
335 1352 472 1385 Graev.
510 1352 598 1384 Ern.
634 1351 682 1384 Κ.
716 1351 853 1386 Atilio.
880 1353 953 1385 csr.
981 1351 1064 1385 Lib.
1091 1353 1122 1394 1,
1149 1354 1183 1386 1.
1219 1371 1264 1377 -
1291 1354 1529 1387 condonatum

18 1389 75 1438 lh.
102 1410 134 1433 e.
164 1399 363 1432 Valerium
388 1399 428 1432 in
454 1398 532 1432 eius
558 1400 722 1446 gratiam
747 1400 970 1433 absolutum.
1019 1399 1127 1433 Eben
1153 1410 1192 1433 so
1218 1401 1264 1434 ad
1299 1400 1446 1435 Divers.
1481 1402 1530 1443 V,

18 1443 103 1495 ilfi:
129 1447 354 1492 supplicium
381 1445 579 1489 (hominis)
605 1447 674 1480 tibi
701 1448 887 1489 condono,
923 1448 957 1481 d.
992 1447 1019 1484 i.
1054 1447 1121 1480 ich
1152 1447 1318 1482 schenke
1351 1448 1433 1482 ihm
1468 1449 1529 1482 die

38 1495 161 1530 Strafe
189 1495 474 1538 deinetwegen3
516 1494 682 1540 Philipp.
716 1496 765 1536 V,
794 1497 855 1530 18:
889 1495 1107 1529 inimicitias
1132 1496 1362 1542 reipublicae
1389 1497 1527 1531 condo·

38 1555 140 1585 nare,
167 1543 252 1576 dem
278 1543 401 1575 Stante
426 1554 474 1575 zu
501 1543 677 1576 Gefallen
703 1544 952 1585 unterlassen3
990 1545 1092 1578 Caes.
1120 1544 1160 1578 B.
1188 1546 1235 1580 G.
1265 1547 1296 1585 1,
1325 1547 1387 1580 20:
1429 1545 1527 1578 iniu-

19 1592 134 1630 {riam
172 1591 268 1636 reip.
303 1596 340 1623 et
373 1590 542 1623 dolorem
578 1603 684 1624 suum
717 1591 875 1624 alicuius
900 1591 1087 1636 precibus,
1123 1611 1166 1616 —
1201 1593 1416 1636 Epicratem
1442 1617 1450 1625 .
1482 1619 1489 1627 .

18 1639 126 1693 {lasa
153 1639 292 1680 fuisse.
324 1637 524 1682 Pompeius
550 1638 723 1673 lasciviae
750 1638 943 1672 cuiusdam
978 1640 1134 1684 proprie
1159 1640 1211 1673 sic
1237 1641 1356 1675 dictae
1382 1651 1530 1686 suspeca

19 1694 96 1723 .tus
131 1693 212 1720 tuin
248 1687 360 1719 fuisse
386 1686 558 1729 videtur,
587 1692 746 1732 propter
772 1698 883 1731 quam
911 1698 991 1721 rein
1019 1688 1261 1727 amatoriam,
1292 1695 1331 1722 nt
1358 1689 1532 1722 Valerius

19 1733 312 1779 ,absolve-eretur,
339 1734 405 1767 ille
432 1744 584 1779 operam
611 1746 712 1768 suam
738 1734 1024 1780 interposuerit.
1075 1736 1174 1781 Quid
1201 1737 1230 1770 si
1255 1747 1325 1782 pro
1345 1737 1391 1770 K.
1411 1736 1531 1770 Atilio

21 1783 98 1817 'vel
124 1783 215 1816 Auli
233 1783 270 1825 f.
298 1784 466 1827 legamus
487 1783 541 1815 rei
559 1781 670 1830 fiQ'He
696 1783 755 1817 vel
772 1784 927 1823 Atiliae,
953 1784 1063 1817 uxori
1082 1786 1208 1818 forsan
1237 1785 1389 1827 Valerii,
1417 1795 1530 1829 quam

19 1790 232 1876 iPompeius
259 1829 460 1864 amaverit?
485 1830 699 1865 SC'HUTZ.
727 1832 847 1865 Unter
869 1829 1096 1877 Ἐπικραῑὴς,
1123 1833 1191 1866 der
1211 1833 1528 1880 Obergewaltige,

19 1872 86 1927 [ist
113 1880 308 1923 Pompeius
340 1879 575 1912 verstanden.
610 1899 654 1904 —
680 1880 827 1922 caligae
853 1880 931 1913 eius
954 1891 1171 1925 purpureae
1197 1886 1231 1914 et
1246 1882 1413 1924 fasciae,
1446 1881 1530 1925 qui-

38 1928 104 1960 bus
132 1927 327 1971 Pompeius
358 1927 404 1960 ad
429 1927 538 1960 ulcus
572 1928 612 1960 in
639 1938 750 1961 crure
776 1928 982 1975 tegendum
1010 1929 1186 1963 utebatur
1211 1928 1314 1972 (Vid.
1342 1929 1529 1963 Ammian.

40 1976 254 2010 Marcellin.
283 1975 369 2008 libr.
397 1973 521 2008 XVII.
549 1981 587 2009 et
614 1974 741 2011 Valer.
769 1976 870 2009 Max.
903 1977 971 2013 VI,
1001 1979 1050 2019 2),
1087 1977 1363 2010 CRETATAE
1396 1983 1529 2010 notan-

38 2028 101 2057 tur
125 2023 162 2056 in
189 2033 247 2064 eo,
273 2023 378 2066 quasi
404 2023 544 2070 cultum
572 2029 608 2057 et
633 2024 810 2058 vestitum
836 2024 1116 2066 delicatiorem,
1141 2031 1182 2058 ut
1209 2025 1372 2058 feminae
1397 2026 1530 2070 place—

22 2077 116 2111 ret,
143 2076 354 2115 usurpante.
379 2070 597 2106 SGHUTZ.
626 2072 793 2106 Gallicae
818 2072 1021 2117 (crepidae.
1048 2074 1146 2108 Gen.
1166 2074 1270 2116 XIII,
1295 2075 1369 2116 21.)
1394 2073 1532 2120 Margo

22 2115 145 2157 {155-1.
181 2119 316 2152 Placet.
352 2118 493 2152 Eadem
526 2120 699 2153 confusio
736 2119 895 2166 Philipp.
924 2122 957 2158 2,
983 2123 1039 2156 31.
1074 2125 1109 2154 el
1146 2122 1278 2166 scripsi
1306 2121 1466 2155 conieet.
1495 2124 1531 2153 ut

21 2156 154 2211 lectt„
182 2178 275 2211 quae
301 2167 508 2200 sexcenties
524 2168 823 2203 confunduntur.
853 2169 1049 2203 ORELLJ.
1079 2170 1161 2216 vgi.
1185 2170 1328 2211 xxiii,
1353 2171 1391 2205 6:
1419 2170 1531 2202 Pom-

22 2215 144 2260 lpeius
175 2216 343 2261 togulam
375 2215 481 2248 illam
514 2216 655 2260 pictam
688 2216 837 2261 silentio
878 2222 1008 2250 tuetur
1047 2229 1165 2254 suam.
1215 2217 1362 2251 Andere
1395 2217 1532 2251 deuten

22 2257 168 2297 ldiesen
207 2264 342 2310 Anzug
380 2263 456 2296 und
497 2263 670 2297 lascivum
703 2265 769 2298 auf
792 2264 1028 2308 Ubermuffl,
1068 2261 1188 2310 ὕβρις,
1228 2266 1439 2303 insolentia,
1479 2265 1532 2297 als

22 2310 150 2358 {wenn
176 2310 373 2355 Pompeius
405 2310 487 2343 sich
524 2311 592 2344 der
623 2310 849 2346 schlimmen
875 2312 993 2346 Sache
1026 2314 1089 2346 des
1127 2314 1298 2347 Valerius
1336 2324 1375 2347 so
1416 2312 1532 2357 eifrig

23 2365 317 2405 gangehommen
343 2358 457 2401 habe,
498 2359 595 2393 bloss
621 2371 684 2393 um
711 2372 754 2394 zu
779 2356 922 2407 zeigeii,
956 2361 1037 2394 (lass
1063 2360 1142 2394 ihm
1168 2363 1269 2396 Alles
1295 2361 1439 2395 erlaubt
1465 2360 1529 2393 sei.

23 2405 164 2487 ξΑΙΙείη
190 2407 336 2450 etenim,
362 2418 438 2441 was
464 2408 532 2440 auf
554 2408 729 2442 lascivum
754 2407 958 2450 liinweis’t‚
985 2410 1068 2444 lasst
1095 2410 1194 2445 diese
1220 2412 1401 2457 Deutung
1426 2406 1546 2445 nicht,

43 2465 101 2487 zu.

137 2503 170 2536 2.
196 2502 450 2536 Fenestrccrum
481 2503 550 2536 auf
579 2503 701 2538 einem
737 2504 803 2538 der
828 2505 1049 2553 Landgiiter
1074 2506 1255 2547 Cicero's‚
1290 2516 1364 2537 was
1388 2502 1534 2537 Attikus

25 2549 101 2587 :bei
126 2549 193 2583 der
216 2549 426 2585 Riickkehr
451 2562 514 2584 aus
540 2552 678 2596 Epirus
704 2553 768 2586 aut
794 2553 916 2586 seiner
939 2555 1044 2589 Reise
1071 2554 1190 2588 durch
1213 2553 1343 2586 Italion
1372 2551 1532 2585 beschen

25 2594 160 2631 ihatte.
189 2616 231 2620 —
258 2594 410 2642 Κύρου
440 2597 682 2642 παιδείαν,
718 2601 808 2645 Cyri
838 2601 1036 2636 architecti
1065 2602 1289 2636 doctrinam.
1331 2601 1450 2633 Simul
1478 2600 1531 2633 ul-

26 2644 143 2679 :ludit
185 2645 230 2678 ad
270 2646 527 2692 Xenophontis
561 2648 714 2683 librum.
781 2647 865 2683 Vid.
900 2651 944 2684 ad
972 2651 1100 2684 Famil.
1136 2649 1227 2687 Vll,
1263 2659 1319 2693 ep.
1357 2649 1407 2682 Η.
1462 2649 1535 2682 Der

20 2686 29 2742 'j
50 2703 164 2773 §ame
196 2691 336 2726 Schcrz
367 2695 463 2743 liegt
496 2695 626 2737 dario,
671 2698 751 2731 dass
784 2697 932 2731 Attikus
968 2700 1032 2732 auf
1065 2698 1173 2730 einen
1202 2696 1439 2741 Augenblick
1466 2706 1538 2728 von

26 2746 29 2788 1
52 2750 117 2774 ter
143 2739 417 2786 Ungcwissheit
444 2744 667 2780 aberrascht
695 2745 806 2786 wit-d,
836 2746 880 2779 ob
906 2747 967 2780 das
995 2745 1212 2791 &Vorlspicl
1239 2745 1297 2778 dic
1332 2744 1540 2788 Cyrop'adie

27 2859 30 2891 3
