1742 3006
202 93 298 142 332
474 98 537 140 Μ.
570 98 627 141 Τ.
659 97 1004 142 CICERONIS
1042 99 1415 146 EPISTOLAE.
1449 119 1453 121 ·

201 208 261 262 ci,
289 209 591 263 periculosum
621 210 687 251 rei
716 213 925 266 publicae
954 213 1116 256 videri.
1181 212 1380 268 Reliqua
1408 228 1541 270 quum
1569 222 1687 260 esset

200 266 247 306 in
277 272 434 307 senatu
465 268 718 320 contentio,
759 269 1036 310 Lentulusne
1066 282 1123 309 an
1150 268 1394 324 Pompeius
1424 272 1686 323 reduceret3

199 321 402 363 obtinere
433 334 613 363 causam
632 323 851 366 Lentulus
871 325 1122 366 videbatur.
1181 324 1236 366 In
1265 340 1318 368 ea
1345 340 1426 368 nos
1455 332 1501 368 et
1529 326 1686 370 officio

198 390 307 431 erga
345 377 586 419 Lentulum
623 380 817 422 mirifice
856 386 902 421 et
940 381 1164 423 voluntati
1204 381 1415 437 Pompeii
1443 384 1685 437 ,praeclare

197 432 517 476 satisfecimus.
586 434 675 477 Sed
719 450 800 491 per
839 438 1165 478 obtrectatores
1194 437 1380 479 Lentuli
1412 452 1483 479 res
1513 440 1684 480 calum-

195 489 271 528 nia
310 493 518 530 extracta
558 495 640 532 est.
727 493 970 533 Consecuti
999 497 1103 534 sunt
1141 494 1239 534 dies
1269 495 1552 547 comitiales,
1602 509 1685 551 per

195 557 306 598 quos
337 549 515 586 senatus
545 545 702 588 haberi
733 562 821 588 non
846 554 849 559 '
861 553 1052 602 poterat.
1121 548 1246 598 Quid
1283 549 1481 591 futurum
1518 552 1580 592 sit
1617 551 1683 592 la-

195 600 392 641 trocinio
424 602 718 656 tribunorum,
748 618 836 644 non
867 604 1043 645 divino:
1083 605 1161 645 sed
1192 609 1340 646 tamen
1369 607 1574 661 suspicor
1602 621 1685 662 per

193 655 287 696 vim
316 658 596 710 rogationem
627 658 866 699 Caninium
897 660 1185 714 perlaturum.
1246 661 1302 702 In
1331 675 1385 703 ea
1415 676 1461 703 re
1490 663 1685 717 Pompe-

193 711 265 752 ius
304 712 413 766 quid
452 714 593 765 velit,
640 727 727 755 non
768 715 979 769 dispicio.
1037 716 1307 757 Familiares
1338 718 1433 758 eius
1464 719 1575 773 quid
1605 732 1681 759 cu-

192 767 334 821 piant,
365 781 515 809 omnes
544 769 714 811 vident.
783 771 1045 812 Creditores
1074 785 1183 813 vero
1215 773 1334 826 regis
1364 780 1519 827 aperte
1547 788 1681 829 pecu-

191 823 291 863 nias
329 825 618 879 suppeditant
668 831 827 868 contra
870 826 1124 869 Lentulum.
1203 827 1308 870 Sine
1359 829 1494 870 dubio
1544 843 1614 871 res
1654 843 1682 872 a

190 878 389 920 Lentulo
433 886 603 922 remota
631 882 815 923 videtur
842 897 963 935 esse,
1014 896 1115 924 cum
1154 897 1316 939 magno
1352 898 1452 926 meo
1493 884 1680 926 dolore:

190 948 460 989 quamquam
488 938 630 978 multa
658 937 786 991 fecit,
816 952 978 993 quare,
1019 939 1057 979 si
1085 938 1154 980 fas
1185 945 1327 992 esset,
1379 942 1478 981 iure
1508 941 1551 981 ei
1580 954 1680 983 suc-

191 1004 373 1032 censere
411 1006 652 1046 possemus.
720 995 816 1048 Tu,
846 996 885 1036 si
915 996 980 1036 ita
1009 995 1219 1049 expedit,
1258 997 1397 1038 velim
1427 1010 1558 1051 quam
1588 997 1681 1052 pri-

189 1060 307 1088 mum
337 1048 453 1088 bona
483 1054 529 1090 et
557 1054 681 1090 certa
710 1053 975 1104 tempestate
1006 1052 1281 1093 conscendas
1319 1052 1374 1093 ad
1415 1065 1574 1107 meque
1603 1067 1681 1094 ve-

188 1103 299 1144 nias.
357 1104 713 1147 Innumerabiles
743 1107 861 1147 enim
891 1120 962 1148 res
992 1111 1110 1159 sunt,
1139 1107 1186 1148 in
1217 1109 1377 1163 quibus
1398 1112 1444 1151 te
1473 1109 1680 1164 quotidie

284 1317 319 1351 3.
343 1316 589 1360 periculosum
620 1317 680 1352 rei
710 1319 881 1364 publicae
912 1318 947 1352 S.
981 1329 1040 1364 ep.
1073 1319 1188 1358 XCII,
1221 1319 1255 1353 3.
1291 1319 1425 1352 XCIII.
1460 1330 1534 1353 cum
1569 1320 1675 1356 mult.

187 1370 353 1407 armata,
395 1377 483 1399 cum
509 1367 689 1401 exercitu.
715 1386 762 1393 —
788 1367 954 1401 obtinere
986 1376 1152 1408 causam,
1181 1378 1209 1401 s.
1237 1378 1296 1411 ep,
1323 1367 1438 1410 XCV,
1468 1368 1498 1400 1.
1525 1386 1569 1393 -
1604 1368 1676 1401 rol.

186 1412 337 1456 Pomp.,
379 1425 420 1447 so
454 1415 537 1448 dass
568 1416 634 1448 ich
669 1415 738 1448 ihn
772 1416 886 1449 nicht
919 1414 1139 1459 beleidigte.
1176 1433 1224 1439 —
1272 1415 1421 1448 obtrect.
1461 1414 1559 1449 Levat.
1607 1415 1678 1449 Die

184 1461 457 1495 Widersacher
481 1462 544 1497 des
568 1464 766 1504 Lentulus,
793 1464 868 1498 bes.
896 1463 956 1496 die
980 1463 1176 1496 Tribunen
1204 1463 1376 1496 Caninius
1400 1474 1439 1498 u.
1465 1464 1582 1505 Cato,
1609 1462 1679 1496 ha-

185 1509 259 1543 hen
293 1510 355 1543 die
386 1510 508 1544 sache
545 1512 667 1545 durch
704 1513 788 1545 ihre
812 1512 938 1545 Kniffe
964 1512 1022 1545 bis
1049 1523 1096 1544 zu
1122 1512 1194 1545 den
1224 1512 1515 1557 Comitialtagen
1541 1512 1677 1555 hinge-

185 1558 326 1600 balteo,
354 1571 414 1592 wo
440 1560 551 1593 keine
576 1561 986 1604 Senatsversammlung
1010 1561 1108 1593 Statt
1133 1559 1260 1593 finden
1287 1560 1382 1593 darf.
1433 1559 1468 1594 S.
1488 1571 1547 1605 ep.
1565 1559 1677 1602 XCV,

184 1608 218 1641 l.
244 1607 373 1646 XCVI,
400 1610 431 1643 2.
459 1609 665 1643 Fenestella
692 1610 752 1643 bei
777 1610 932 1645 Nonius.
962 1609 1148 1642 Plutarch.
1175 1607 1227 1641 im
1253 1608 1449 1653 Pompeius
1483 1608 1561 1641 und
1591 1608 1677 1642 hier

186 1665 246 1701 ep.
273 1656 404 1697 CXIII,
431 1659 472 1691 3:
508 1657 606 1700 „Qui
632 1657 730 1690 mihi
755 1669 902 1701 semper
928 1656 1034 1689 etc.“
1061 1674 1105 1680 —
1139 1656 1337 1689 latrocinio
1356 1656 1453 1697 trib„
1480 1656 1563 1689 weil
1579 1656 1676 1691 Cato

183 1702 259 1736 und
292 1705 470 1739 Caninius
504 1706 586 1739 dem
618 1706 798 1740 Lentulus
833 1706 893 1738 die
926 1704 1247 1749 Zuriickfiihrung
1282 1704 1345 1737 des
1379 1704 1519 1749 Konigs
1544 1705 1675 1738 Ptole-

183 1754 288 1785 maus
314 1753 624 1787 wideri-echtlich
650 1766 692 1787 zu
719 1753 926 1786 entreissen
953 1752 1123 1786 suchten.
1175 1754 1211 1787 S.
1238 1764 1295 1797 ep.
1324 1751 1438 1795 XCV,
1465 1754 1499 1787 2.
1534 1771 1578 1777 -
1608 1763 1675 1796 per

183 1799 256 1833 vim
282 1824 291 1834 .
318 1825 326 1833 .
356 1827 364 1835 .
390 1802 538 1845 perlat„
565 1802 647 1834 dass
673 1801 850 1834 Caninius
875 1802 1004 1835 seinen
1031 1801 1175 1845 Anti-ag
1208 1812 1253 1834 zu
1279 1800 1444 1834 Gunsten
1473 1800 1536 1834 des
1563 1802 1675 1834 Pom-

183 1848 291 1893 peius
324 1849 395 1882 mit
431 1850 576 1883 Gewalt
610 1850 859 1883 durchsetzen
893 1850 1033 1885 werde,
1090 1849 1223 1882 Dieser
1259 1848 1400 1892 Antrag
1425 1849 1583 1882 lautete:
1632 1855 1674 1883 ut

183 1897 384 1942 Pompeius
411 1909 494 1931 cum
521 1898 661 1931 duobus
687 1898 883 1931 lictoribus
908 1909 1034 1940 regem
1058 1898 1317 1932 Ptolemaeum
1343 1897 1574 1930 restitueret.
1610 1897 1675 1930 Al-

183 1944 259 1978 lein
287 1946 466 1980 Caninius
498 1952 617 1980 setzte
648 1946 712 1979 ihn
745 1947 852 1979 nicht
884 1947 1021 1979 durch.
1082 1945 1265 1979 Gabinius
1299 1945 1428 1978 f'uhrte
1461 1946 1530 1977 den
1556 1946 1676 1990 Konig

183 1994 343 2026 zuriick.
378 2013 421 2018 —
471 2005 542 2027 non
567 1994 736 2037 dispicio.
787 1995 874 2041 Vgl.
904 2005 961 2038 ep.
990 1994 1128 2035 XCIII,
1155 1994 1189 2027 3.
1215 1993 1286 2026 mit
1311 1993 1428 2035 XCII,
1454 1994 1489 2027 3.
1518 2004 1551 2025 u.
1579 1994 1674 2027 iiber

184 2041 256 2074 den
282 2042 517 2075 versteckten
548 2042 758 2076 Charakter
785 2043 849 2075 des
876 2043 1072 2087 Pompeius
1101 2044 1139 2076 C.
1169 2042 1260 2076 CIX.
1290 2039 1436 2075 CXXV.
1464 2042 1609 2084 CXCII,
1627 2043 1671 2077 33

184 2091 271 2128 „Tu
303 2092 333 2123 si
369 2091 587 2136 Pompeium
622 2093 721 2124 cet.“
757 2110 799 2115 —
823 2091 1059 2133 familiares,
1085 2090 1300 2130 Volcatius,
1329 2090 1462 2134 Lupus,
1488 2090 1673 2132 Afranius,

182 2138 304 2179 Libo,
340 2140 555 2183 Hypsaeus,
585 2139 772 2176 Caninius.
800 2158 844 2163 —
874 2138 1084 2171 creditores
1109 2165 1117 2172 .
1139 2163 1147 2171 .
1169 2139 1272 2180 regis
1298 2138 1422 2179 (Rom.
1450 2138 1584 2181 regii),
1612 2138 1673 2170 die

182 2185 354 2234 Agenten
381 2188 443 2220 des
469 2188 623 2233 K'cinigs.
682 2187 717 2221 S.
744 2199 802 2232 ep.
830 2187 948 2227 XCII,
987 2189 1027 2221 1:
1068 2186 1339 2227 ‚,Amnxonius‚
1380 2186 1481 2230 regis
1513 2186 1671 2229 legatus,

183 2241 312 2279 aperte
345 2237 502 2280 pecunia
533 2248 600 2269 nos
636 2241 835 2282 oppugnat.
892 2237 967 2268 Res
1005 2235 1131 2281 agitur
1164 2246 1233 2281 per
1266 2234 1418 2267 eosdem
1461 2234 1670 2267 creditores

184 2284 289 2316 cet.“
325 2302 369 2307 —-
419 2295 480 2316 res
505 2296 528 2317 a
554 2284 659 2320 Leni.
687 2288 829 2317 remota
866 2283 891 2319 i.
928 2294 958 2316 e.
985 2283 1164 2315 Lentulus
1199 2283 1383 2326 repulsam
1417 2282 1559 2315 laturus
1594 2293 1670 2315 esse

183 2330 339 2365 videtur.
368 2350 411 2356 —
438 2332 471 2364 si
488 2333 560 2372 sas
586 2336 689 2373 esset,
718 2332 816 2365 deun
835 2332 971 2365 Cicero
997 2332 1203 2364 verdankte
1230 2331 1308 2363 ihm
1334 2331 1434 2362 seine
1451 2330 1670 2363 Zuriickbe·

183 2381 338 2423 rufung‚
366 2379 444 2412 sein
474 2381 712 2425 Biirgerheil.
741 2399 788 2404 ——
813 2391 1033 2413 succensere.
1084 2379 1262 2412 Lentulus
1289 2390 1364 2411 war
1390 2378 1442 2411 als
1458 2378 1591 2412 Consul
1617 2379 1670 2410 im

183 2429 338 2472 vorigen
365 2427 474 2460 Iahre
500 2428 580 2461 ihm
607 2440 649 2461 zu
677 2429 810 2461 keiner
836 2427 1129 2461 ausreichenden
1156 2427 1464 2470 Entschiidigung
1499 2426 1565 2459 fiir
1597 2425 1669 2458 sei-

183 2488 253 2509 nen
289 2475 405 2509 durch
442 2476 590 2508 Clodius
624 2477 823 2509 erlittenen
857 2488 1010 2522 grossen
1047 2475 1193 2509 verlust
1231 2473 1446 2509 behiilflich
1487 2484 1671 2522 gewesen.

182 2524 220 2559 S.
248 2535 307 2569 ep.
334 2523 573 2566 LXXXVIII,
598 2525 631 2559 5.

281 2613 314 2645 4.
342 2611 376 2644 si
402 2611 456 2644 ita
482 2611 638 2655 espetlit.
688 2611 749 2644 Sic
775 2612 855 2645 Md.
886 2623 905 2644 a
932 2622 1005 2643 sec.
1032 2621 1084 2643 m.
1115 2611 1205 2645 O2x.
1242 2609 1331 2649 (etsi
1357 2609 1475 2643 Oxon.
1503 2607 1561 2648 1.)
1586 2606 1668 2640 Asc.

189 2660 224 2693 1.
253 2660 355 2692 Crat.
391 2660 488 2693 Vict.
519 2662 549 2694 1.
577 2661 614 2695 2.
647 2660 754 2693 Mun.
790 2661 879 2693 Ern.
912 2659 946 2691 si
979 2659 1053 2692 ista
1086 2658 1226 2701 mpedic
1262 2657 1340 2690 Md.
1369 2668 1387 2690 n
1414 2668 1468 2701 pr.
1497 2667 1545 2691 m.
1572 2654 1668 2695 Alii,

187 2707 284 2740 unde
317 2709 417 2740 sorte
456 2708 600 2752 legend.
638 2707 671 2740 si
702 2707 774 2740 isla
808 2708 985 2750 esperlt'm.
1021 2706 1092 2739 Cld
1118 2708 1211 2750 neg.
1238 2706 1328 2739 Lau.
1355 2704 1388 2737 si
1413 2704 1485 2737 isla
1512 2702 1665 2746 expedis.

191 2755 255 2790 ed.
274 2756 418 2799 Falerni,
435 2757 507 2790 Pal.
534 2762 655 2802 quart.
682 2756 812 2789 Lamb.
841 2756 926 2790 Sch.
953 2756 1048 2789 hun.
1075 2754 1109 2788 si
1136 2754 1207 2788 ista
1235 2752 1420 2799 expedisti.
1449 2752 1521 2785 ΘΚ.
1556 2750 1667 2784 Sinn:
