1742 3006
0 66 8 152 J
546 86 866 133 EPISTOLA
902 85 1108 132 LXXX.
1479 83 1575 133 285

90 206 157 249 tia
184 204 377 262 posthac
405 217 432 248 a
460 201 589 245 novis
618 200 957 256 magistratibus
998 199 1306 242 defendamur.
1364 198 1483 242 Nam
1520 214 1576 245 ea
1609 208 1640 251 2

89 268 291 305 veterum
330 263 609 304 tribunorum
650 259 795 313 plebis
835 257 1013 309 rogatio
1062 258 1153 298 tria
1192 258 1342 310 capita
1388 255 1575 309 habuit3

90 333 227 360 unum
251 321 307 360 (le
328 318 478 359 reditu
499 329 598 355 meo
612 346 623 366 ‚
654 315 872 368 scriptum
893 315 1085 354 incaute.
1143 313 1275 354 Nihil
1302 312 1422 353 enim
1441 315 1576 355 resti-

91 376 236 416 tuitur
264 378 442 430 praeter
471 370 700 413 civitatem
731 375 775 411 et
804 369 1030 410 ordinem:
1069 369 1189 422 quod
1219 367 1334 409 mihi
1363 381 1445 423 pro
1473 383 1577 412 meo

91 444 199 472 casu
228 432 338 472 satis
366 432 462 478 est3
502 426 605 478 sed,
647 439 760 481 quae
790 425 990 467 cavenda
1019 423 1191 465 suerint
1223 430 1269 466 et
1308 438 1398 478 quo
1425 425 1577 479 modo,

92 491 137 528 te
168 500 254 528 non
283 486 413 539 sugit.
472 484 679 525 Alterum
718 485 851 536 caput
890 485 959 522 est
987 481 1265 521 tralaticium
1296 480 1353 521 de
1382 480 1579 535 impuni-

93 546 209 595 tate,
253 542 292 583 si
322 540 432 595 quid
463 543 623 580 contra
650 539 762 579 alias
801 538 924 592 leges
964 537 1061 578 eius
1100 536 1216 590 legis
1255 549 1366 590 ergo
1406 535 1581 579 factum

91 599 166 640 sit.
223 598 431 639 Tertium
462 599 618 650 caput,
647 596 709 635 mi
739 593 986 648 Pomponi,
1015 605 1104 647 quo
1134 593 1330 633 consilio
1360 595 1406 633 et
1433 605 1462 634 a
1489 607 1581 649 quo

90 656 153 695 sit
180 654 483 703 inculcatum,
522 651 643 692 vide.
713 650 813 691 Scis
855 650 974 690 enim
1003 647 1219 690 Clodium
1256 649 1489 704 sanxisse,
1529 652 1582 691 ut

89 710 173 750 vix
202 713 279 751 aut
308 709 488 750 omnino
518 720 607 747 non
639 710 789 760 posset
817 718 900 746 nec
929 718 1009 760 per
1037 709 1239 746 senatum
1279 717 1363 746 nec
1391 719 1474 760 per
1500 718 1582 760 po-

90 765 245 820 pulum
275 764 499 805 infirmari
528 776 608 804 sua
636 763 729 804 lex.
788 761 877 804 Sed
896 761 1024 803 vides
1045 774 1269 816 nunquam
1298 774 1397 802 esse
1426 761 1582 803 obser-

92 825 219 863 vatas
249 821 505 862 sanctiones
536 832 689 860 earum
718 819 891 872 legum,
921 830 1035 872 quae
1056 818 1391 872 abrogarentur.
1448 817 1582 871 Nam,

91 877 132 918 si
171 877 221 917 id
252 880 395 928 esset,
435 875 561 916 nulla
599 874 697 915 sere
737 875 947 928 abrogari
987 877 1163 928 posset:
1194 895 1249 902 —
1278 886 1420 928 neque
1459 874 1583 915 enim

92 933 189 974 ulla
217 938 311 985 est,
342 945 456 986 quae
485 944 574 972 non
603 931 704 984 ipsa
732 943 780 971 se
810 930 985 984 saepiat
1014 929 1293 970 difficultate
1322 931 1583 984 abrogatio-

91 989 187 1030 nisz
216 1011 272 1018 —-
299 988 404 1039 sed,
435 1001 566 1042 quum
597 987 675 1028 lex
704 987 969 1040 abrogatur,
999 985 1118 1026 illud
1149 985 1294 1039 ipsum
1323 985 1583 1040 abrogatur,

93 1058 183 1098 quo
212 1058 300 1086 non
330 1057 427 1086 eam
457 1042 667 1096 abrogari
697 1046 917 1097 oporteat.
975 1041 1079 1082 Hoc
1107 1054 1243 1096 quum
1281 1054 1330 1083 re
1367 1054 1477 1084 vera
1515 1043 1583 1085 ita
1619 1047 1650 1091 3

94 1101 176 1152 sit,
225 1114 360 1155 quum
410 1112 585 1154 semper
623 1099 689 1140 ita
729 1098 962 1151 habitum,
1013 1099 1299 1139 observatum
1341 1098 1427 1152 sit,
1475 1101 1583 1140 octo

93 1157 239 1196 nostri
278 1156 447 1197 tribuni
487 1155 632 1211 plebis
674 1159 809 1210 caput
848 1157 1094 1210 posuerunt
1134 1152 1246 1195 hoc:
1295 1151 1344 1196 S1
1383 1167 1496 1202 mm)
1535 1167 1587 1197 IN

93 1224 180 1252 ime
217 1225 474 1253 nooATioNE
513 1224 736 1253 scmPTUM
765 1223 868 1264 EST,
906 1224 1029 1257 QUOD
1074 1223 1163 1251 PER
1192 1223 1336 1252 LEGES
1364 1223 1585 1253 PLEmst

95 1278 220 1308 scin
248 1291 302 1297 —
331 1267 421 1308 hoc
459 1272 554 1320 est,
595 1266 715 1321 quod
761 1280 842 1321 per
871 1265 1018 1321 legem
1048 1265 1260 1307 Clodiam
1287 1291 1344 1297 —
1371 1280 1583 1309 PROMUL·

95 1336 241 1374 cmm,
293 1336 560 1375 ABnoGAnE,
611 1335 879 1373 DEROGARE,
930 1335 1170 1364 OBROGARE
1209 1334 1243 1363 S.
1284 1335 1323 1364 p,
1364 1336 1453 1366 stJA
1488 1335 1584 1365 NON

190 1442 224 1476 2.
253 1441 449 1486 scriptum,
477 1441 679 1486 abgefasst.
706 1459 751 1466 —-
777 1441 878 1482 ord,
906 1443 1025 1488 Rang.
1052 1460 1100 1467 -—
1125 1451 1218 1487 quae
1242 1442 1401 1476 carenda
1419 1440 1585 1487 suerint,

95 1501 169 1523 was
184 1492 247 1523 fiir
266 1491 454 1532 Cautelen‚
482 1489 801 1534 Vei-wahrungen,
828 1490 1454 1537 Vorsiclits-Sicherheitspuncte‚
1479 1490 1586 1525 noch.

95 1539 329 1582 beizufiigen
354 1549 503 1571 waren:
540 1537 709 1571 niimlich
736 1549 772 1571 es
798 1545 935 1573 musste
960 1540 1132 1584 zugleich
1158 1540 1224 1573 auf
1248 1540 1310 1573 die
1331 1540 1585 1586 Zuriickgabe

95 1585 161 1619 des
192 1588 330 1619 Hauses
363 1586 436 1619 und
471 1586 538 1619 der
569 1586 712 1620 andern
758 1586 882 1620 Giiter
922 1587 1028 1620 dax-in
1064 1595 1295 1634 angetragen
1334 1588 1499 1622 werden.
1534 1606 1584 1614 —-

96 1634 263 1667 Alterum
289 1638 399 1678 caput
424 1640 517 1674 cet.,
545 1633 609 1667 der
634 1635 762 1667 zweite
788 1635 1006 1680 Paragraph
1031 1636 1093 1670 des
1118 1636 1282 1680 Antrags
1304 1636 1456 1670 besteht
1482 1637 1586 1671 bloss

95 1694 159 1715 aus
191 1682 258 1715 der
291 1681 572 1728 gew'ohnlichen
606 1682 859 1728 Verwahrung
893 1695 1012 1728 gegen
1054 1686 1299 1729 Bestrafung‚
1340 1685 1424 1718 falls
1454 1686 1586 1720 Etwas

95 1731 212 1763 alteru
240 1731 425 1764 Gesetzen
450 1731 617 1764 zuwirler
640 1731 836 1764 laufendes
862 1734 1019 1774 verfiigt
1045 1733 1122 1766 sein
1150 1733 1267 1767 sollte.
1294 1733 1584 1776 translaticium,

97 1779 223 1812 durch
249 1780 310 1813 (lie
337 1778 588 1813 Gewolmheit
613 1779 884 1822 hergebraclit,
920 1773 1171 1827 geu—lohulich.
1224 1781 1272 1815 So
1306 1782 1474 1816 edictum
1500 1782 1585 1816 tral-

96 1827 158 1860 bei
192 1828 270 1865 Cic,
298 1828 345 1862 ad
370 1827 487 1860 Attic.
515 1828 562 1867 V,
589 1829 645 1862 21.
681 1829 832 1864 verrin.
860 1830 890 1869 Ι,
917 1830 975 1863 44.
1005 1830 1106 1866 Gell.
1132 1830 1201 1870 III,
1231 1831 1285 1865 18.
1313 1831 1373 1864 ius
1396 1833 1444 1865 tr.
1478 1829 1587 1869 Suet.

101 1876 190 1919 Aug.
208 1878 261 1910 10.
286 1895 333 1900 —
358 1877 516 1917 incultu,
542 1876 819 1920 eingeschaltet.
845 1895 893 1900 —
918 1878 1012 1919 risle,
1039 1878 1191 1912 forsche
1208 1879 1319 1912 nach.
1345 1897 1393 1903 -—-
1416 1879 1588 1914 sanxisse

98 1935 203 1957 suam
229 1923 274 1957 de
309 1936 369 1958 me
403 1924 539 1969 legem.
565 1926 729 1965 sancire,
763 1925 906 1958 schwer
939 1929 1150 1972 verponeu3
1182 1927 1404 1968 sanctiones,
1442 1929 1588 1973 Verp'd-

21 1986 23 2014 4
96 1983 258 2016 nungen.
290 1990 338 1996 —
372 1984 459 2016 quae
484 1983 552 2006 ηοη
578 1998 586 2006 .
615 1998 623 2006 .
651 1998 662 2008 .
690 1973 968 2016 abu-aganonis,
1007 1975 1069 2008 das
1102 1973 1188 2008 sich
1224 1975 1340 2009 selbst
1371 1973 1480 2009 nicht
1512 1975 1587 2010 mit

7 2033 24 2071 ,ς
97 2020 250 2053 solchen
269 2021 437 2053 Clauseln
462 2031 580 2065 gegen
598 2020 854 2065 Abschaffung
881 2022 1101 2057 verwahren
1130 2023 1250 2056 sollte.
1277 2042 1325 2048 -—
1349 2023 1446 2056 illud
1467 2024 1586 2068 ipsum

22 2064 23 2070 ¹
96 2069 211 2102 etiam
237 2068 441 2111 abrogatur
467 2076 561 2111 cet.,
595 2081 635 2102 so
671 2070 762 2103 wird
796 2069 893 2103 auch
928 2071 1005 2105 Das
1039 2072 1216 2116 zugleich
1240 2072 1310 2106 mit
1336 2073 1585 2118 abgeschafft,

97 2116 281 2150 wodurch
308 2128 346 2149 cs
372 2127 490 2162 gegen
516 2117 768 2163 Abscliassung
794 2119 1008 2152 verwaliret
1032 2132 1118 2154 war.

192 2184 226 2218 3.
254 2194 380 2226 quum,
409 2185 606 2226 wiewohl,
636 2184 867 2230 ungeachtet.
895 2205 942 2211 —
969 2198 1009 2221 re
1033 2198 1133 2224 sera.
1160 2187 1250 2222 Ern.
1279 2188 1386 2222 uncis
1409 2189 1583 2230 inclusit;

99 2231 184 2264 sch.
211 2238 248 2264 et
274 2233 430 2265 Lunem.
459 2234 584 2275 omis„
613 2235 700 2278 quia
726 2244 765 2268 re
791 2245 878 2267 vera
904 2247 1094 2280 nunquam
1120 2236 1286 2274 dicatur,
1313 2237 1385 2270 nisi
1412 2239 1475 2271 ubi
1500 2249 1584 2271 rer-

101 2280 175 2319 bis,
202 2279 319 2323 specie
345 2286 407 2313 aut
432 2281 552 2313 simile
577 2282 718 2326 aliquid
756 2285 1014 2327 praecesserit.
1047 2302 1095 2308 —
1128 2283 1306 2326 habitum,
1340 2286 1583 2330 obserratnm,

100 2328 294 2372 gelmhen,
335 2328 573 2363 beobaclitet.
625 2332 759 2364 Nostra
801 2332 915 2364 lectio
958 2339 1014 2365 est
1049 2343 1070 2365 a
1106 2334 1208 2369 vict,
1241 2335 1343 2366 Man.
1377 2336 1462 2369 Bos.
1492 2336 1583 2380 Sqq.

102 2375 298 2409 ORELLI.
330 2394 378 2400 —
415 2382 608 2421 posuerunt
642 2385 782 2412 tamen.
819 2398 866 2403 —-
903 2390 974 2423 per
1006 2380 1108 2422 leges
1134 2389 1229 2421 cet.,
1262 2382 1359 2415 nach
1393 2382 1464 2414 den
1509 2384 1585 2416 Ge-

101 2429 225 2457 setzen
251 2436 288 2457 u.
318 2435 349 2457 s.
378 2437 422 2459 w.
456 2443 503 2449 —-
537 2425 605 2458 lzoc
631 2432 700 2465 est,
736 2427 828 2470 quod
855 2439 890 2471 p.
929 2428 951 2460 l.
982 2427 1160 2465 Clodiam.
1210 2430 1313 2462 Haec
1348 2442 1369 2463 a
1397 2431 1583 2466 Cicerone

98 2471 180 2515 ipso
211 2472 521 2517 interponuntur,
557 2486 628 2519 quo
662 2476 779 2519 magis
811 2475 1063 2518 demonstret,
1097 2489 1208 2522 quam
1242 2479 1369 2523 inepte
1402 2486 1586 2525 concepta

100 2519 149 2552 sit
172 2519 244 2552 ista
268 2521 430 2554 formula
453 2523 633 2564 (Clausel)
660 2535 679 2556 a
706 2524 887 2557 Tribunis
913 2524 1025 2569 plebi.
1078 2526 1170 2560 Ern.
1195 2532 1319 2559 tumen
1347 2526 1392 2559 de
1419 2528 1584 2564 Brisson.

98 2578 192 2611 susp.
220 2573 407 2613 tamquam
446 2581 466 2602 a
500 2570 716 2613 glossatoris
751 2583 864 2605 manu
889 2573 1063 2616 profecta
1087 2574 1193 2606 uncis
1220 2574 1388 2614 inclusit,
1427 2576 1582 2611 Schiitz.

99 2616 196 2648 Lim.
225 2615 299 2648 del.
331 2617 526 2654 ORELLI.
552 2638 598 2643 —
623 2631 834 2659 nexos-,mm
862 2621 1004 2666 aliquid
1031 2622 1074 2654 de
1103 2622 1203 2665 lege,
1230 2622 1354 2655 Etwas
1381 2634 1427 2656 an
1456 2626 1582 2660 eiuem

105 2663 258 2696 Gesetze
283 2664 492 2705 abzindem,
524 2668 649 2701 Etwas
681 2668 798 2700 davou
830 2670 1088 2712 wegnehmen.
1128 2672 1162 2703 5.
1193 2671 1238 2702 de
1265 2671 1344 2705 Iuv.
1372 2671 1421 2713 11,
1447 2674 1505 2709 45,
1533 2675 1582 2708 ad

102 2711 266 2744 Herenn.
294 2712 344 2751 11,
373 2715 425 2747 10.
452 2715 632 2752 pandect.
660 2717 701 2750 L.
731 2718 788 2757 16,
816 2719 894 2752 102.
929 2735 977 2741 —
1010 2729 1218 2758 OBROGARE,
1255 2718 1354 2752 heim
1383 2717 1501 2756 Volke
1527 2724 1581 2756 ei-

102 2770 174 2792 nen
199 2761 340 2804 Antrag
369 2760 481 2794 wider
506 2763 628 2797 Etwas
659 2764 842 2806 macheu,
884 2765 942 2798 ein
970 2765 1107 2798 Gesetz
1138 2776 1229 2810 ganz
1270 2767 1330 2801 od.
1357 2779 1443 2804 zum
1469 2771 1580 2806 Theil
