1742 3006
112 496 166 537 26

179 95 272 144 498
451 96 511 137 Μ.
543 94 599 136 Τ.
634 89 975 135 CICERONIS
1005 89 1376 134 EPISTOLAE.

180 209 355 251 tissime
387 207 476 247 frui
505 206 669 258 solere,
697 204 937 261 pertinere,
980 207 1025 244 te
1063 204 1163 244 sine
1192 203 1288 245 ulla
1326 216 1452 245 mora
1480 204 1659 258 provin-

180 267 295 306 ciam
325 261 577 305 successori
606 261 869 313 concedere,
898 259 1161 315 praesertim
1190 273 1325 314 quum
1354 260 1449 302 sine
1471 260 1660 314 suspici-

180 335 263 362 one
294 324 392 361 tuae
422 317 686 372 cupiditatis
725 330 814 357 non
854 314 1000 370 possis
1039 315 1165 356 illius
1204 315 1496 370 cupiditatem
1537 315 1657 356 refun

179 381 286 418 tare.
345 375 445 428 Ego
476 377 711 427 utrumque
748 386 895 413 meum
933 374 1040 425 puto
1069 383 1182 424 esse,
1223 376 1267 412 et
1306 371 1419 426 quid
1456 372 1660 423 sentiam,

177 431 430 483 ostendere,
461 432 506 471 et
534 429 656 484 quod
684 427 865 482 feceris,
896 425 1154 468 defendere.

288 486 466 541 Scripta
494 485 583 525 iam
612 484 806 539 epistola
834 481 1079 537 superiore,
1110 482 1263 538 accepi
1293 485 1392 524 tuas
1421 482 1577 524 literas
1603 483 1661 524 de

178 542 454 597 publicanis:
505 540 666 596 quibus
708 539 978 594 aequitatem
1005 540 1126 579 tuam
1166 552 1255 580 non
1285 537 1411 594 potui
1440 552 1528 580 non
1556 553 1659 594 pro-

175 601 304 648 bare3
353 595 573 638 facilitate
625 596 808 650 quidem
854 594 1019 636 vellem
1057 594 1274 648 consequi
1313 595 1564 649 potuisses,
1602 609 1659 636 ne

175 654 272 695 eius
302 653 491 704 ordinis,
531 664 663 704 quem
692 664 868 705 semper
907 650 1092 702 ornasti,
1133 662 1226 691 rem
1265 654 1340 690 aut
1384 651 1661 692 voluntatem

175 709 447 750 offenderes.
519 707 744 761 Equidem
795 720 880 747 non
920 704 1120 747 desinam
1168 709 1245 745 tua
1283 705 1468 747 decreta
1505 706 1661 748 defen-

175 766 305 817 dere;
358 764 439 805 sed
487 762 607 804 nosti
646 761 1019 804 consuetudinem
1071 760 1326 802 hominum:
1374 762 1479 811 scis,
1528 776 1661 816 quam

174 821 373 876 graviter
402 817 577 860 inimici
607 819 696 873 ipsi
725 818 799 859 illi
840 818 896 867 Q.
928 817 1172 859 Scaevolae
1212 816 1390 858 fuerint.
1448 818 1557 860 Tibi
1595 823 1659 858 ta-

175 890 273 918 men
304 890 402 918 sum
433 879 603 926 auctor,
634 878 698 925 ut,
730 874 769 915 si
799 873 963 928 quibus
994 874 1126 914 rebus
1155 872 1316 927 possis,
1346 886 1446 914 eum
1475 873 1557 915 tibi
1588 887 1659 914 or-

172 1093 243 1121 tem
270 1087 428 1132 reliquit.
475 1085 670 1121 ORELLI.
718 1105 760 1111 —
805 1095 873 1129 qua
970 1083 1062 1127 frui
1082 1084 1212 1126 solere,
1246 1083 1362 1122 deren
1387 1083 1555 1118 Genusse
1580 1085 1653 1122 Du.

171 1137 246 1171 wie
272 1135 338 1169 ich
363 1137 469 1176 πρῖε,
494 1134 596 1169 Dieh
623 1144 663 1167 so
689 1144 809 1180 gerne
836 1133 1079 1181 hinzugeben
1105 1133 1256 1180 pflegst.
1285 1150 1327 1156 —
1354 1132 1431 1166 sine
1454 1143 1550 1177 susp.
1570 1137 1653 1166 tuac

169 1195 261 1229 cup„
295 1183 395 1218 ohne
420 1183 494 1216 den
519 1183 707 1216 Vorwurf
739 1181 895 1229 eigener
920 1180 1215 1214 Herrschsucht.
1252 1199 1299 1205 —-
1345 1181 1527 1223 refictare,
1566 1191 1650 1215 vor-

170 1234 330 1270 werfen,
357 1230 586 1264 vorriicken.
614 1250 656 1256 -
691 1240 805 1262 meum
833 1239 908 1262 esse
933 1229 1011 1262 scil.
1039 1229 1220 1262 officium.
1262 1227 1297 1262 S.
1325 1227 1481 1262 Ramsh.
1515 1230 1544 1271 §.
1572 1231 1652 1273 108,

172 1281 219 1314 N.
244 1281 277 1314 4.
307 1297 348 1303 -—
378 1283 413 1312 et
440 1303 447 1310 .
464 1303 491 1312 ..
518 1282 563 1319 et,
589 1278 696 1311 einer
721 1277 819 1310 Seits
844 1288 951 1310 zwar
1055 1277 1196 1310 andrei·
1221 1276 1319 1310 Seits
1343 1276 1433 1310 aber
1457 1276 1568 1312 doch.

266 1329 323 1363 26.
371 1327 525 1370 Scripta
550 1331 588 1359 et
612 1337 642 1359 c.
694 1325 785 1358 Also
820 1325 881 1358 ein
907 1325 1136 1370 Postscript!
1177 1325 1220 1358 de
1255 1324 1402 1368 publia,
1436 1325 1559 1367 „iiber
1589 1324 1650 1359 (lie

170 1374 450 1410 Beschwerden
482 1374 623 1408 Deiner
656 1373 818 1407 Provinz
856 1384 981 1420 geg-en
1014 1372 1074 1405 die
1113 1371 1491 1417 Generalp'aichter,“
1527 1384 1649 1422 gegen

170 1422 319 1458 welche
344 1422 526 1456 Lentulus
553 1434 600 1455 zu
627 1421 798 1456 Gunsten
823 1420 892 1455 der
916 1420 1155 1455 Einwohner
1183 1420 1251 1454 der
1277 1420 1439 1454 Provinz
1465 1420 1650 1455 decretirt

170 1471 288 1509 hatte.
333 1470 467 1518 Vergl.
493 1480 551 1514 ep.
578 1469 753 1503 CCLVII.
789 1488 831 1493 —
867 1469 994 1514 quibus
1026 1468 1105 1502 scil.
1141 1468 1275 1512 literis,
1311 1467 1499 1502 welchem
1524 1468 1652 1503 Briefe

169 1521 312 1566 gemass
340 1518 375 1552 d.
403 1518 427 1551 i.
453 1518 549 1551 nach
574 1519 684 1559 Dem,
711 1529 789 1552 was
815 1518 875 1551 Du
900 1516 1098 1551 schreibst.
1149 1516 1186 1551 S.
1223 1515 1376 1551 Ramsh.
1422 1515 1453 1559 §.
1488 1518 1567 1552 142.
1606 1538 1648 1543 -

169 1578 242 1601 non
272 1566 377 1610 potui
412 1577 494 1600 non.
536 1565 572 1599 S.
601 1567 742 1610 Zumpt
768 1565 798 1608 §.
826 1566 906 1600 755.
936 1565 1083 1599 Grotef.
1110 1564 1139 1606 §.
1164 1566 1246 1600 337.
1273 1564 1424 1598 Ramsh.
1452 1563 1480 1606 ξ.
1508 1567 1589 1608 173,
1615 1568 1648 1600 3.

171 1634 214 1640 -
232 1614 438 1658 facilitate.
473 1613 517 1647 Id
544 1620 618 1647 est:
654 1613 806 1647 Vellem
832 1613 901 1646 illa
935 1620 997 1647 tua
1025 1612 1184 1646 facilitas
1210 1612 1363 1646 efficere
1389 1612 1584 1658 potuisset,
1609 1619 1650 1647 ut

167 1664 209 1696 in
236 1662 304 1696 illa
342 1673 450 1696 causa
487 1662 748 1709 cognoscenda
784 1667 820 1694 et
853 1661 1111 1706 componenda
1143 1661 1343 1695 cessissent
1375 1660 1448 1694 sibi
1481 1660 1648 1695 invicem

168 1717 306 1756 partes,
348 1716 390 1743 ut
422 1716 463 1744 tu
487 1709 682 1743 offendere
721 1709 942 1754 publicanos
975 1715 1106 1743 contra
1138 1719 1201 1743 eos
1234 1708 1438 1742 iudicando
1471 1719 1544 1743 non
1579 1720 1648 1744 ne—

166 1769 268 1792 cesse
291 1757 494 1791 habuisses.
521 1758 635 1791 ERN.
685 1758 745 1790 Ex
770 1758 923 1801 antiqua
956 1757 1190 1791 correctione
1223 1763 1327 1791 recte
1359 1758 1476 1802 Neap.
1504 1758 1588 1794 Asc.
1615 1760 1649 1793 1.

164 1806 251 1839 Ald.
280 1806 408 1839 Lamb.
446 1805 583 1839 Bened.
622 1805 857 1850 Mart.-Lag.
892 1804 980 1838 Sch.
1016 1806 1112 1838 Liin.
1144 1805 1335 1847 felicitate
1367 1805 1481 1839 solito
1516 1816 1648 1840 errore

165 1853 238 1887 Md.
273 1853 372 1886 Vict.
411 1854 443 1886 l.
471 1854 503 1887 2.
537 1852 675 1886 Graev.
716 1853 811 1886 Ern.
858 1852 1055 1887 ORELLI.
1104 1852 1262 1886 Videtur
1293 1852 1429 1885 durum
1463 1853 1648 1888 felicitate

165 1901 357 1944 consequi,
383 1911 430 1934 ne
456 1899 679 1940 offenderes,
715 1911 830 1943 quum
867 1907 964 1934 esset
998 1900 1038 1933 in
1064 1900 1142 1933 eius
1168 1906 1360 1944 potestate.
1415 1900 1488 1934 Sed
1522 1908 1647 1946 potest

166 1948 337 1995 intelligi
363 1948 529 1982 felicitas
556 1948 595 1981 in
621 1959 676 1990 eo,
702 1949 734 1980 si
760 1949 845 1981 talis
872 1960 934 1994 res
958 1959 1034 1981 non
1061 1947 1265 1987 incidisset,
1291 1959 1361 1993 per
1387 1960 1498 1992 quam
1525 1950 1647 1983 offen-

166 1996 281 2031 dendi
306 1996 509 2030 necessitas
535 2001 639 2029 esset.
695 1996 921 2029 ERNESTI.
959 1995 1062 2038 „und
1086 1995 1187 2028 doch
1213 1995 1413 2030 wiinschte
1439 1996 1516 2038 ioh,
1550 1998 1646 2032 Dein

168 2051 275 2091 gutes
312 2043 438 2087 Gliick
463 2043 567 2078 hatte
593 2043 690 2077 Dich
717 2045 778 2077 nie
814 2044 853 2075 in
888 2043 960 2076 den
987 2043 1074 2076 Fall
1106 2042 1280 2077 kommen
1307 2044 1429 2078 lassen
1461 2058 1496 2078 u.
1533 2057 1561 2079 s.
1592 2058 1643 2080 w.

177 2091 436 2126 trVIElAND.
475 2110 517 2118 -
560 2095 621 2124 tua
653 2092 811 2135 decreta,
854 2091 973 2125 Deine
1006 2091 1361 2134 Rechtsbescheide,
1395 2092 1435 2125 in
1469 2093 1642 2127 iurisdic-

167 2140 269 2173 tione
297 2140 456 2173 Ciliciae
482 2145 518 2172 et
544 2139 584 2172 in
610 2140 729 2172 causis
755 2139 1054 2184 publicanorum.
1101 2140 1223 2173 Erant
1248 2146 1372 2174 autem
1397 2139 1451 2173 ibi
1475 2142 1557 2176 fere
1584 2142 1642 2174 in-

167 2187 398 2221 solentiores.
450 2187 640 2232 Expertus
668 2193 722 2220 est
748 2187 879 2221 Cicero
906 2187 985 2231 ipse
1022 2187 1063 2220 in
1101 2199 1142 2221 ea
1168 2187 1376 2232 provincia,
1412 2194 1454 2221 ut
1485 2199 1529 2223 ex
1561 2190 1644 2235 epi-

165 2235 274 2269 stolis
300 2235 345 2268 ad
370 2235 539 2268 Atticum
565 2235 759 2270 discimus.
796 2235 1025 2269 ERNESTI.
1067 2253 1109 2259 —
1151 2235 1222 2279 ipsi
1245 2235 1316 2278 illi,
1349 2235 1554 2281 publicani.
1605 2237 1641 2272 S.

165 2283 265 2317 Orat.
304 2293 373 2328 pro
407 2283 533 2316 Plane.
567 2294 598 2315 c.
637 2285 691 2318 13.
736 2283 774 2325 Q.
813 2283 953 2316 Mucius
987 2282 1188 2326 Scaevola,
1222 2282 1285 2317 des
1317 2285 1459 2318 weisen
1494 2285 1641 2319 Laelius

162 2330 483 2377 Schwiegersohn
509 2343 543 2363 u.
567 2329 901 2378 Schwiegervater
925 2330 987 2364 des
1013 2331 1055 2363 Ι..
1083 2331 1251 2365 Licinius
1271 2330 1421 2366 Crassus
1449 2339 1577 2367 orator
1595 2336 1638 2376 (s.

164 2390 223 2424 ep.
251 2390 327 2422 seq.
362 2378 393 2421 ἕ.
423 2379 485 2421 2.),
524 2377 628 2412 hatte
660 2378 744 2411 sich
776 2378 834 2411 die
862 2378 1081 2412 Publicaner
1122 2380 1160 2412 in
1187 2379 1301 2413 Asien
1326 2380 1380 2414 als
1415 2380 1642 2426 Propraetor

165 2427 257 2460 oder
282 2425 509 2459 Statthalter
533 2427 602 2462 655
628 2439 674 2458 zu
700 2426 869 2460 Feinden
895 2426 1086 2472 gemacht,
1127 2427 1219 2461 weil
1246 2438 1288 2460 er
1312 2427 1372 2461 die
1397 2427 1548 2462 Asiaten
1574 2441 1640 2477 ge-

164 2485 239 2520 geu
264 2473 380 2506 deren
406 2473 537 2507 Druck
564 2475 603 2506 in
630 2473 771 2507 Schutz
804 2473 930 2508 nahm.
986 2474 1022 2507 S.
1057 2474 1102 2507 ad
1134 2475 1250 2509 Αῑῑίο.
1276 2475 1319 2516 V,
1344 2478 1397 2510 17.
1437 2476 1520 2510 Div.
1548 2477 1577 2518 1,
1604 2479 1638 2512 9.

162 2522 287 2554 Plane.
329 2523 382 2555 13.
418 2521 554 2555 caecil.
584 2523 637 2556 17.
700 2522 756 2554 Er
786 2533 869 2556 war
902 2522 962 2555 ein
997 2521 1247 2570 geschickter
1279 2523 1355 2555 und
1387 2522 1479 2556 sehr
1511 2524 1637 2558 recht-

164 2568 379 2601 schaffener
405 2569 522 2602 lurist
546 2569 622 2602 und
646 2568 808 2603 Redner.
848 2569 883 2603 S.
919 2571 1025 2603 Brut.
1052 2571 1110 2604 39.
1145 2570 1275 2603 Officc.
1311 2571 1379 2608 ΙΙΙ,
1409 2573 1464 2605 11.
1514 2572 1570 2605 Im
1609 2573 1635 2606 1.

161 2617 233 2651 659
258 2616 482 2651 verwaltete
507 2628 546 2650 er
571 2617 634 2650 das
663 2616 854 2650 Consulat.
910 2618 975 2650 Bei
1011 2617 1096 2651 dem
1129 2617 1542 2665 Leichenbega'ngnisse
1576 2619 1639 2653 des
1704 2654 1708 2661 ,

163 2663 302 2696 Marius
329 2664 435 2698 ward
467 2676 509 2698 er
546 2675 620 2698 von
656 2664 695 2697 C.
729 2663 895 2698 Fimbria
927 2664 1152 2698 verwundet
1185 2666 1287 2707 (Nat.
1318 2667 1430 2700 Deor.
1455 2667 1525 2708 111,
1551 2668 1639 2711 32),

164 2711 203 2743 in
236 2710 305 2744 det·
342 2712 448 2744 curia
484 2712 644 2746 Hostilia
681 2722 749 2744 vor
780 2713 863 2745 dem
899 2713 1086 2746 Bildnisse
1123 2712 1191 2745 der·
1224 2713 1332 2746 Vesta
1364 2724 1451 2747 vom
1487 2715 1639 2749 Praetor

160 2758 408 2803 Damasippus
436 2761 637 2796 ermordet.
692 2760 825 2795 Vellei.
855 2760 903 2797 11.
931 2763 985 2796 26.
1017 2779 1055 2785 -
1085 2760 1117 2794 si
1142 2760 1267 2803 quihus
1293 2768 1380 2795 statt
1400 2761 1524 2805 quibu-5
1538 2763 1636 2797 sorte
