1742 3006
587 56 904 101 EPISTOLA
932 58 1102 102 CLXI.

1491 62 1554 110 s

1563 61 1582 107 β

307 188 622 233 EPISTOLA
653 187 818 230 CLXI.
879 189 955 239 (ad
986 189 1087 231 Div.
1120 188 1256 231 XIII.
1289 192 1380 239 73.)

32 317 33 328 ἵ
383 265 530 310 Scripta
555 264 700 296 Romae
725 265 768 299 A.
798 264 839 296 U.
867 264 907 297 C.
936 265 1015 298 700.
1065 265 1111 306 (8,
1140 266 1182 299 C.
1211 266 1292 307 54.)

32 333 33 337 ’
100 335 248 366 salvum
283 332 497 378 Philippum
541 340 584 363 ex
631 330 821 374 provincia
857 329 1054 363 revertisse
1092 332 1323 376 gratulatur3
1361 331 1512 376 Egnatii
1545 340 1581 364 ct

31 412 35 432 ξ
98 382 213 427 Oppii
247 392 355 415 eausa
387 379 527 426 gratias
564 378 651 422 agit.
688 374 718 412 1.
755 384 803 418 et,
837 385 876 412 ut
909 378 1097 423 Antipatri
1134 380 1233 413 filios.
1270 381 1340 414 sibi
1378 380 1580 420 condonet,

736 434 859 475 rogat.
893 428 927 463 2.

380 516 435 551 M.
470 513 654 550 CICERO
686 515 730 559 Q.
766 512 1000 547 PHIhIPPO
1025 514 1228 548 PROCOS.
1255 515 1287 549 S.

29 625 34 639 ‹
205 585 423 625 Gratulor
454 583 552 635 tibi,
598 583 718 636 quod
750 596 807 624 ex
837 584 1074 637 provincia
1103 584 1276 624 salvum
1308 587 1350 632 te
1389 582 1445 623 ad
1478 585 1576 623 tuos

28 662 33 693 ,ὴ
94 640 320 694 recepisti,
353 639 568 680 incolumi
598 638 717 679 fama
746 642 792 679 et
821 653 868 680 re
898 640 1090 693 publiea„
1149 637 1281 688 Quod
1312 639 1350 678 si
1382 638 1575 679 Romae.-

27 694 33 740 ’ἶ
93 701 136 737 te
163 696 377 737 vidissem
406 708 646 748 coramque
675 695 846 748 gratias
877 695 1090 748 egissem,
1131 695 1252 748 quod
1282 695 1365 734 tibi
1398 693 1448 733 L.
1480 694 1572 748 Eg-

27 762 29 768 ⁴
92 752 256 803 natius,
288 751 667 792 familiarissimus
688 763 826 802 meus,
849 752 1020 804 absens,
1050 751 1104 791 L.
1130 751 1320 805 Oppius,
1351 763 1574 804 praesens,

25 819 29 862 j
89 820 224 848 curae
253 806 428 848 fuisset.
504 806 617 847 Cum
657 806 898 860 Antipatro
928 806 1129 848 Derbete
1166 805 1280 847 mihi
1310 819 1398 846 non
1427 805 1572 847 solum
1611 824 1617 835 ι

25 868 30 894 t
89 862 364 917 hospitium,
404 875 561 903 verum
602 861 739 902 etiam
779 874 950 903 summa
980 862 1271 903 familiaritas
1310 860 1568 902 intercedit.

88 919 149 959 Ei
181 923 224 959 te
263 917 553 959 vehementer
592 917 901 958 succensuisse
940 918 1095 959 audivi
1146 921 1193 958 et
1242 917 1431 957 moleste
1472 917 1571 957 tuli.

88 974 160 1015 De
191 987 238 1015 re
267 973 384 1014 nihil
416 985 594 1028 possum
624 972 852 1025 iudicare,
900 973 990 1013 nisi
1020 973 1135 1014 illud
1164 972 1279 1013 mihi
1309 972 1572 1026 persuade0‚

24 1030 29 1070 5*
87 1034 158 1081 te,
189 1030 326 1070 talem
353 1030 522 1081 virum,
552 1027 669 1069 nihil
701 1031 867 1069 temere
897 1027 1074 1070 fecisse.
1142 1027 1179 1069 A
1219 1032 1263 1069 te
1302 1031 1450 1069 autem
1490 1041 1572 1082 pro

24 1093 28 1138 ξ
85 1088 240 1126 vetere
278 1088 432 1127 nostra
469 1083 803 1126 necessitudine
842 1084 979 1125 etiam
1018 1088 1152 1140 atque
1181 1084 1320 1125 etiam
1349 1086 1479 1138 peto,
1522 1085 1572 1122 ut

22 1151 28 1196 ς’
85 1141 181 1182 eius
219 1140 365 1194 filios,
413 1142 490 1196 qui
521 1141 567 1181 in
597 1144 675 1181 tua
703 1143 926 1195 potestate
955 1144 1083 1194 sunt,
1134 1139 1249 1181 mihi
1288 1139 1569 1194 potissimum

180 1304 437 1339 PHILIPPO.
487 1305 523 1340 S.
554 1316 597 1337 zu
625 1315 679 1350 ep.
710 1304 897 1339 CXXVII,
957 1305 1091 1339 Dieser
1123 1306 1231 1340 Bn'ef
1261 1306 1309 1339 ist
1341 1318 1386 1339 an
1419 1305 1485 1339 ihn
1510 1316 1569 1350 ge-

82 1353 297 1395 schrieben,
320 1353 372 1387 als
397 1364 438 1386 er
463 1354 582 1386 sehon
609 1365 671 1386 aus
697 1353 764 1386 der
793 1354 955 1387 Provinz
978 1353 1088 1387 Asien
1115 1355 1209 1388 nach
1236 1356 1335 1388 Rom
1361 1354 1567 1398 zuriickge—

19 1412 25 1438 ἕ
81 1404 260 1437 kommen
286 1414 370 1436 war.
422 1402 473 1434 Er
507 1402 648 1435 konnte
680 1402 838 1447 folglich
867 1402 937 1434 den
966 1402 1071 1436 Titel
1095 1402 1300 1437 Proconsul
1325 1403 1434 1436 nicht
1458 1402 1569 1435 mehr

82 1451 240 1495 fiihren3
289 1449 475 1485 wesshalb
507 1449 699 1484 Manutius
730 1449 791 1482 die
823 1443 1068 1484 Uberschrift
1099 1450 1303 1486 PROGOS.
1338 1452 1404 1484 fiir
1428 1450 1567 1483 unecht

19 1518 22 1526 ν
81 1499 176 1534 halt.
225 1518 271 1524 —
321 1498 586 1540 iuml-sama,
638 1499 709 1531 mit
741 1498 1013 1532 unverletztem
1046 1499 1141 1542 Ruf3
1182 1511 1257 1532 was
1283 1498 1450 1532 damahls
1483 1498 1567 1532 eine

82 1559 212 1593 grosse
236 1546 441 1580 Seltenheit
464 1558 553 1579 war.
604 1546 767 1591 Klagen,
811 1546 884 1579 wie
908 1546 954 1579 de
979 1546 1216 1592 repetundis,
1259 1547 1408 1592 folgten
1444 1547 1567 1580 ciuem

81 1594 440 1630 zur'uckkehrenden
467 1593 693 1628 Statthaltcr
719 1594 960 1639 gew'obnlich
998 1596 1065 1628 auf
1098 1595 1169 1628 den
1195 1596 1286 1630 Fuss
1319 1595 1429 1628 nach.
1456 1614 1501 1620 -
1529 1606 1570 1627 re

70 1644 180 1691 publ.
220 1644 244 1677 i.
270 1654 301 1676 e.
336 1653 379 1676 ea
411 1643 465 1676 rei
493 1643 668 1687 publicae
693 1649 822 1688 parte,
849 1654 964 1687 quam
990 1643 1189 1688 Philippus
1216 1643 1569 1686 adniinistraverat3

83 1703 160 1726 non
193 1690 363 1725 universa
394 1702 436 1723 re
472 1691 635 1736 publica.
668 1710 714 1716 -
755 1691 887 1724 Romae
921 1691 1001 1728 scil.
1028 1692 1181 1726 fuissem
1209 1703 1253 1725 eo
1278 1692 1459 1736 temporis
1485 1702 1567 1724 mo—

82 1746 224 1780 mento,
264 1751 339 1785 qno
377 1738 572 1775 advenisti.
622 1738 683 1772 Sic
717 1739 797 1773 Md.
832 1741 915 1772 Bas.
948 1741 1029 1773 Asc.
1064 1743 1096 1775 1.
1133 1740 1231 1773 Vict.
1261 1742 1291 1774 l.
1325 1741 1407 1774 Bos.
1434 1739 1569 1774 Quodsi

82 1789 216 1822 Romae
242 1791 276 1821 te
301 1787 492 1826 vidissem,
543 1797 671 1820 coram
709 1786 805 1820 Vict.
835 1788 869 1822 2.
897 1788 1028 1821 Lamb.
1054 1789 1146 1822 Em.
1172 1788 1259 1821 Sch.
1289 1788 1381 1821 hun.
1411 1787 1511 1823 Quod
1535 1788 1569 1819 sc

84 1836 219 1870 Romae
243 1836 424 1877 fuissem,
476 1839 508 1867 te
547 1834 717 1868 vidissem
749 1845 941 1879 coramque
973 1837 1088 1882 Neap.
1128 1837 1251 1881 Marg.
1298 1839 1395 1869 Crat.
1431 1836 1565 1868 Graev.

81 1885 173 1919 Lall.
222 1883 331 1917 Haud
369 1881 561 1927 displicet.-
606 1883 722 1915 facile
763 1883 864 1916 enim
898 1883 933 1916 h.
958 1883 984 1920 1.
1010 1884 1173 1926 fuissem
1205 1891 1351 1930 poterat
1382 1883 1564 1916 excidere.

79 1942 206 1966 coram
221 1941 355 1975 quoque
372 1931 490 1975 Neap.
520 1930 594 1964 OR.
611 1949 654 1954 —
681 1929 722 1964 L.
738 1930 924 1973 Egnatius
941 1943 978 1965 u.
998 1931 1040 1967 L.
1055 1933 1195 1976 Oppius
1210 1944 1336 1965 waren
1354 1931 1566 1975 negotiato-

80 1991 140 2014 res
165 1991 209 2012 zu
234 1978 487 2012 Philomelam
512 1978 551 2010 in
579 1979 701 2014 Asien.
753 1978 790 2013 S.
819 1978 867 2012 ad
893 1981 1024 2013 Famil.
1050 1982 1154 2019 XIII,
1181 1981 1227 2014 113
1252 1992 1286 2012 u.
1310 1982 1355 2015 44
1382 1980 1564 2022 (DCLXX

81 2040 116 2062 u.
144 2026 360 2069 DCLXXI).
408 2044 456 2050 --
502 2036 694 2070 praesens,
736 2026 920 2061 wahrend
953 2029 1074 2062 seines
1101 2027 1334 2062 Aufenthalts
1359 2029 1397 2061 in
1426 2028 1565 2062 Deinei*

80 2075 252 2111 Provinz.

179 2138 212 2172 2.
239 2135 439 2180 Antipater
464 2135 659 2178 Derbeles,
686 2137 746 2169 ein
775 2136 1030 2170 unbekannter
1057 2136 1245 2180 Grieche,
1275 2138 1468 2173 vielleicht
1494 2150 1565 2172 von

81 2185 210 2220 Derbe
236 2182 394 2230 (Δέρβη)
419 2184 458 2215 in
487 2183 717 2228 Lykaonien,
746 2184 872 2217 wohin
900 2185 981 2218 sich
1009 2185 1108 2218 nach
1128 2186 1196 2218 der
1215 2186 1563 2233 Apostelgeschich-

82 2242 120 2268 te
147 2234 206 2267 die
232 2233 374 2276 liinger
398 2232 597 2265 retirirtcn.
644 2233 679 2266 S.
706 2232 828 2266 Strab.
858 2233 939 2266 Xll.
989 2234 1126 2266 Cicero
1152 2235 1292 2268 konnte
1319 2237 1388 2269 mit
1413 2236 1492 2268 ihm
1517 2246 1563 2268 zu

82 2283 148 2316 der
183 2281 266 2314 Zeit
298 2280 590 2313 Bekanntschaft
622 2281 799 2325 gemacht,
824 2281 964 2322 haben,
993 2283 1045 2314 als
1071 2282 1147 2314 sein
1175 2283 1318 2316 Bruder
1343 2284 1502 2329 Quintus
1529 2283 1564 2315 iu

82 2331 190 2364 Asien
217 2328 442 2363 Statthalter
468 2339 554 2362 war.
581 2346 628 2352 —-
654 2328 710 2361 De
738 2339 791 2370 re,
819 2329 912 2361 iiber
941 2329 1012 2362 den
1040 2329 1173 2364 Anlass
1202 2331 1308 2366 duzu.
1343 2351 1389 2357 -
1422 2331 1496 2364 nisi
1518 2331 1562 2363 il-

84 2379 149 2412 lud
172 2392 220 2408 z:
257 2388 350 2418 nur,
386 2377 487 2409 aber.
538 2378 571 2409 S.
599 2375 750 2410 Ramsh.
779 2377 810 2420 §-
842 2378 921 2421 190,
950 2380 983 2416 7,
1011 2390 1041 2410 a.
1070 2379 1142 2411 nisi
1168 2381 1262 2422 quod
1285 2379 1378 2414 illud
1402 2379 1446 2412 de
1473 2380 1561 2412 Ern.

11 2425 15 2460 ἰ
84 2439 180 2470 susp.
220 2423 309 2459 sch.
350 2425 387 2458 in
433 2423 488 2457 ed.
531 2423 618 2457 mai.
654 2424 769 2457 hueu-
810 2428 908 2458 certe
942 2427 1143 2468 persuadeo
1176 2438 1219 2460 ex
1251 2428 1424 2472 imm-pol.
1463 2429 1560 2460 Crat.

83 2476 222 2508 Graev.
256 2474 346 2507 Ern.
385 2471 473 2505 sch.
509 2472 602 2505 hun.
637 2472 837 2506 ORELLJ.
871 2491 915 2497 —
952 2474 1057 2506 talem
1084 2475 1215 2516 virum,
1243 2476 1302 2508 oin
1330 2479 1465 2515 Manu,
1494 2475 1563 2507 wie

84 2524 158 2556 Du.
191 2539 239 2545 —-
273 2523 308 2554 Λ
347 2525 381 2553 te
415 2524 487 2553 aut.
516 2521 593 2552 Md.
626 2521 721 2556 Viet.
750 2523 782 2554 1.
811 2523 841 2555 2.
873 2521 920 2553 '1'e
946 2527 1070 2555 autem.
1110 2541 1153 2546 —
1204 2533 1272 2565 pro
1301 2537 1348 2555 Σ
1384 2525 1436 2556 im
1473 2525 1561 2555 Ver—

83 2578 217 2604 trauen
242 2570 319 2603 auf.
347 2587 393 2593 —
420 2566 507 2600 mihi
531 2567 729 2610 condones}
764 2569 874 2609 „dass
900 2569 959 2601 Du
984 2571 1111 2602 seinen
1139 2572 1308 2610 solmon,
1336 2583 1439 2604 weun
1466 2572 1561 2604 auch

84 2629 147 2651 aus
184 2618 330 2649 keinem
366 2617 525 2648 anderen
552 2617 727 2657 Lirnnde,
755 2617 855 2648 doch
882 2617 957 2649 mir
982 2630 1026 2651 zu
1054 2619 1129 2651 lieb
1155 2620 1350 2652 verzeihen
1379 2621 1564 2654 wollcstf·

86 2664 417 2698 Wahrscheinlich
445 2664 572 2696 hatten
602 2665 668 2703 sie,
697 2665 764 2696 wie
793 2665 852 2697 ihr
879 2664 1010 2706 Vater,
1039 2666 1123 2699 dem
1150 2667 1296 2713 Philipp
1324 2679 1449 2713 wegen
1476 2669 1566 2701 ver-

86 2714 250 2758 waltung
277 2713 342 2746 der
369 2712 526 2746 Provinz
554 2713 649 2745 'tib'lc
676 2712 902 2746 Nachredcn
929 2715 1148 2760 engebangt.
1189 2715 1259 2748 Die
1281 2715 1405 2751 S'olme
1431 2716 1563 2751 dessel-
