1742 3006
53 168 57 171 ’
103 194 129 235 6

138 77 231 126 504
418 77 482 120 Μ.
513 79 569 120 Τ.
599 39 943 118 CICERONIS
972 70 1348 117 EPISTOLAE.

250 215 273 241 ,μ
302 215 324 239 ..2
347 202 434 230 non
462 187 591 239 mihi,
631 192 682 228 ut
710 187 787 242 qui
815 188 906 229 iam
935 185 1315 239 intelligebamus,
1358 181 1631 223 enuntiatio-

145 261 244 288 nem
266 246 396 287 illam
408 242 610 285 Memmii
630 243 764 286 valde
778 242 965 285 Caesari
977 241 1236 296 displicere.
1266 238 1465 281 Messala
1479 241 1634 278 noster

144 307 190 344 et
211 302 306 344 eius
326 299 556 341 Domitius
575 300 842 353 competitor
868 297 1075 339 liberalis
1108 299 1155 338 in
1178 295 1343 351 populo
1368 293 1518 357 valde·
1532 291 1634 334 fuit.

144 358 276 401 Nihil
290 355 476 411 gratius.
517 355 645 396 Certi
666 360 793 397 erant
812 354 1032 396 consules.
1063 354 1124 395 At
1146 357 1327 394 senatus
1340 350 1558 400 decremt,
1587 351 1638 390 ut

143 413 331 456 tacitum
348 411 568 453 iudicium
587 414 688 453 ante
710 411 894 452 comitia
915 408 1058 450 fieret.
1098 409 1166 450 Ab
1186 408 1246 449 iis
1272 405 1493 458 consiliis,
1519 417 1636 459 quae

148 472 275 511 crant
293 467 537 520 †omnibus
551 468 712 509 sortita
727 467 774 507 in
788 466 991 520 singulos
1011 464 1488 517 candidatos‚magnus
1501 460 1637 502 timor

148 523 502 566 candidatorum.
535 523 624 564 Sed
646 523 828 578 quidam
849 521 1038 574 iudices,
1057 520 1190 562 inhis
1205 519 1414 575 Opimius
1428 516 1638 570 †Veien-

145 581 384 630 troantius,
415 581 620 620 tribunos
649 579 794 633 plebis
824 578 1126 633 appellarunt,
1171 589 1228 617 ne
1266 575 1441 616 iniussu
1479 571 1638 628 populi

148 636 415 676 iudicarent.
472 634 568 676 Res
599 634 736 675 cedit.
795 633 992 684 Comitia
1021 633 1168 673 dilata
1209 644 1268 673 ex
1309 633 1490 672 senatus
1531 641 1638 670 con·

152 691 287 743 sulto,
329 691 434 731 dum
474 690 552 731 lex
582 689 638 731 de
678 691 818 732 tacito
856 688 1030 730 iudicio
1070 687 1282 729 ferretur.
1363 684 1507 727 Venit
1545 683 1640 738 legi

152 808 262 853 misi,
296 813 336 842 ut
371 808 443 853 qui.
478 806 575 842 coni.
610 807 651 840 in
676 819 727 842 m.
756 807 849 843 1584
889 816 959 839 non
993 802 1084 838 mihi
1119 803 1264 843 notius,
1304 812 1406 847 quam
1438 801 1515 836 tibi.
1561 802 1644 836 Iam

153 857 219 892 int.

250 924 285 959 6.
336 922 616 957 enuntiationem
641 922 725 957 Asc.
752 924 784 958 2.
822 921 925 956 Crat.
963 919 1090 955 Lamb.
1128 916 1444 953 denuntiationem.
1500 916 1552 951 Es
1578 916 1643 951 be·

157 969 264 1005 zieht
289 970 374 1004 sich
399 971 495 1004 diess
521 972 589 1004 auf
611 970 670 1004 die
696 973 862 1016 Aussage
879 993 888 1010 ,
925 970 993 1002 auf
1024 968 1086 1002 das
1111 966 1408 1001 Ausschwatzen
1433 965 1497 1000 des
1523 967 1643 999 Mem·
1705 975 1711 1007 j

156 1018 253 1052 mius
280 1018 375 1053 iiber
399 1020 510 1053 ienen
536 1019 707 1067 Vertrag.
749 1037 791 1042 --
826 1017 1054 1061 competitor,
1090 1015 1173 1049 sein
1198 1014 1465 1049 Mitbewerber
1489 1025 1554 1046 um
1579 1012 1644 1046 das

157 1066 350 1101 Consulat.
378 1085 421 1091 -
455 1067 494 1100 in
517 1066 667 1110 populo,
694 1065 823 1099 Lamb.
860 1066 918 1107 (ut
948 1064 1099 1099 volebat
1123 1063 1236 1105 Ern.)
1275 1062 1364 1097 Sch.
1391 1062 1486 1095 Liin.
1520 1062 1559 1095 in
1579 1070 1644 1105 po-

154 1115 291 1158 pulum.
335 1114 471 1148 Cicero
497 1114 614 1159 spielt
639 1115 706 1147 auf
736 1114 823 1146 ihre
848 1112 1135 1159 Bestechungen
1168 1123 1227 1144 an.
1269 1129 1312 1135 —-
1358 1109 1465 1145 Nz‘lu'l
1496 1109 1646 1152 gratius

157 1162 316 1208 populo,
342 1162 456 1195 daffir
481 1161 532 1195 ist
557 1162 647 1195 aber
670 1161 768 1195 auch
794 1161 855 1195 die
879 1160 1143 1195 Dankbarkeit
1177 1159 1242 1193 des
1268 1158 1386 1192 Volks
1409 1157 1644 1203 grenzenlos.

159 1228 202 1234 —
228 1209 331 1243 Certi
357 1213 462 1243 erant
488 1209 664 1251 consules,
690 1210 745 1243 sie
780 1220 913 1244 waren
947 1207 1148 1253 gemachte
1182 1207 1351 1241 Consuln
1387 1206 1422 1240 d.
1450 1206 1474 1239 i.
1502 1216 1538 1239 es
1563 1216 1647 1239 war

158 1267 198 1291 so
225 1263 307 1306 gut,
331 1257 386 1290 als
411 1257 457 1291 ob
483 1257 538 1291 sie
564 1257 682 1291 sehon
708 1257 802 1290 dazu
828 1262 990 1291 ernannt
1016 1258 1160 1290 waren.
1199 1255 1364 1288 consules
1387 1254 1524 1288 scilicet
1538 1253 1646 1287 Rom.
1710 1291 1714 1297 ,

157 1315 235 1338 non
261 1305 424 1350 improb.
451 1305 604 1338 Ernest.
636 1324 679 1329 --
713 1306 861 1339 tacitum
887 1305 1085 1346 iudicium,
1128 1303 1191 1337 ein
1221 1302 1448 1336 heimliches
1486 1300 1648 1336 Gericht

159 1352 193 1386 d.
220 1353 245 1385 i.
273 1353 336 1387 ein
361 1352 525 1388 Gerieht
550 1365 620 1386 zur
645 1353 944 1400 Untersuchung
969 1352 1037 1385 der
1061 1361 1389 1399 vorgegangenen
1413 1349 1648 1383 Bestechun-

161 1412 249 1448 gen,
274 1400 403 1435 dassen
429 1400 582 1446 Spruch
609 1411 647 1435 so
673 1401 787 1448 lange
814 1400 968 1448 geheim
991 1399 1144 1434 bleiben
1170 1399 1290 1439 sollte,
1318 1398 1375 1432 bis
1400 1397 1462 1431 die
1484 1397 1648 1432 Consul·

159 1447 265 1483 wahl
288 1448 517 1497 abgehalten
551 1451 666 1483 w‘zire.
727 1448 857 1483 Sehon
888 1448 992 1482 hatte
1026 1459 1113 1481 man
1146 1446 1207 1481 die
1239 1445 1399 1480 Richter
1434 1447 1502 1479 fiir
1536 1445 1649 1479 ieden

161 1496 231 1530 der
254 1497 340 1531 vier
364 1496 570 1531 Bewerber
594 1509 658 1529 um
694 1496 758 1531 das
794 1497 982 1538 Consulat,
1016 1494 1187 1528 n'aimlich
1221 1495 1286 1527 fiir
1319 1494 1539 1534 Memmius,
1574 1494 1648 1528 Do-

161 1544 306 1587 mitius,
333 1545 491 1579 Messala
519 1545 596 1578 und
622 1545 796 1586 Scaurus,
824 1544 946 1578 durch
974 1544 1038 1577 das
1063 1544 1155 1577 Loos
1182 1542 1387 1576 bestimmt.
1421 1560 1464 1566 —
1507 1541 1567 1575 Αὸ
1589 1541 1649 1574 iis.

162 1592 236 1626 Md.
264 1592 348 1626 Asc.
376 1595 407 1627 1.
438 1593 539 1626 Crat.
565 1593 694 1626 Lamb.
722 1592 912 1626 IciaSinn:
941 1592 1094 1637 Wegen
1120 1589 1436 1630 dieser(consiliis
1449 1588 1533 1623 scil.
1551 1588 1650 1622 iudi-

164 1640 267 1682 cum)
294 1640 778 1682 Gerichtscommissionen,
806 1641 867 1675 die
894 1653 958 1674 aus
985 1640 1060 1673 den
1085 1637 1354 1673 s'zimmtlichen
1373 1636 1561 1672 Richtern
1585 1638 1652 1670 fiir

162 1688 275 1721 iedcn
302 1688 534 1722 Candidatcn
560 1700 656 1736 ganz
683 1689 888 1723 besonders
913 1687 1066 1721 durch’s
1092 1687 1188 1720 Loos
1216 1685 1381 1719 erw'ahlt
1405 1696 1560 1727 waren,
1585 1684 1651 1718 be·

163 1735 230 1769 fiel
256 1735 418 1769 letztere
452 1737 515 1769 ein
551 1747 706 1783 grosser
739 1736 971 1770 Schrecken.
1012 1735 1171 1769 omnibus
1204 1734 1353 1768 sortita.
1404 1732 1509 1767 Illud
1533 1733 1649 1766 omni-

165 1784 228 1817 hus
252 1783 431 1817 vitiosum
457 1784 582 1816 visum
607 1784 699 1817 Ern.
727 1784 848 1821 delev.
885 1784 972 1818 Sch.
1007 1784 1102 1816 Liin.
1136 1783 1246 1816 Latet
1282 1782 1322 1814 in
1349 1791 1391 1815 eo
1416 1782 1591 1815 fortasse:
1628 1791 1652 1813 a
1716 1791 1718 1793 ·

164 1831 395 1872 consulibu85
421 1831 487 1864 vel
514 1832 645 1865 etiam:
673 1843 715 1864 ez
740 1833 902 1865 omnibus
929 1832 1103 1865 tribubus.
1140 1829 1334 1863 ORELLI.
1369 1846 1412 1853 —
1460 1827 1652 1863 Veiento-0-

167 1879 301 1913 antz'us.
350 1880 405 1913 De
431 1880 510 1912 Bos.
538 1879 632 1912 coni.
668 1880 805 1913 Graev.
839 1881 931 1912 Ern.
966 1878 1054 1912 Sch.
1088 1878 1183 1910 Liin.
1229 1876 1391 1920 Opimius
1425 1876 1525 1911 Veie.
1567 1877 1652 1910 Tro.

163 1927 313 1970 Antius.
364 1925 437 1960 Sed
464 1927 700 1960 falsissimam
726 1938 805 1960 esse
831 1927 930 1961 Bosii
957 1926 1216 1960 coniecturam
1254 1936 1299 1957 ex
1336 1935 1378 1958 eo
1413 1924 1653 1969 potissimum

167 1974 385 2021 colligitur,
413 1974 510 2019 quod
536 1975 642 2007 nulla
668 1985 845 2018 umquam
873 1974 949 2007 fuit
974 1973 1094 2007 tribus
1127 1973 1344 2006 Veientina:
1371 1971 1458 2006 vide
1477 1972 1653 2016 Inscript-

166 2033 266 2055 mcas
294 2022 446 2056 Latinas
470 2022 551 2055 Vol.
581 2024 614 2057 2.
640 2034 676 2067 p.
708 2026 786 2057 147.
810 2033 893 2062 nec,
929 2022 1003 2055 nisi
1040 2023 1140 2054 sorte
1176 2033 1211 2054 v.
1246 2021 1419 2061 omnihus,
1462 2019 1560 2065 quod
1592 2031 1653 2053 su-

169 2070 332 2114 spicatus
359 2082 454 2111 sum,
483 2082 528 2103 ex
554 2069 614 2103 his
640 2076 863 2115 corruptum
890 2075 961 2103 est:
989 2080 1031 2102 cuz:
1058 2068 1220 2102 ommibus
1246 2068 1424 2109 tribubus,
1458 2068 1572 2102 nimis
1597 2069 1653 2101 fa·
1714 2103 1715 2106 Ἴ

169 2118 246 2152 cile
273 2119 523 2163 perspicitur,
550 2129 618 2151 cur
636 2118 787 2152 tandem
814 2117 879 2150 hic
900 2118 1312 2160 tribusmemorentur3
1346 2115 1445 2149 unde
1471 2127 1540 2149 nec
1566 2126 1653 2150 cor-

169 2166 296 2213 rigere
323 2166 443 2199 iuvat:
472 2165 636 2210 Opimius
665 2166 798 2201 Velina
823 2166 887 2199 vel
911 2165 1120 2207 Oufentina,
1149 2164 1389 2198 Tromentina
1409 2165 1560 2206 Antius,-
1589 2163 1654 2198 sed
1706 2194 1729 2205 ,-

166 2214 292 2259 potius
338 2213 599 2247 arbitrandum
642 2215 682 2246 in
728 2219 907 2258 corrupto
952 2212 1105 2245 nomine
1151 2212 1272 2245 latere
1313 2211 1386 2245 duo
1433 2212 1508 2245 alia
1545 2211 1651 2245 scil.:

178 2261 337 2302 Veiento,
349 2262 492 2296 Antius.
505 2263 585 2303 (s.§.
601 2264 653 2304 7.)
684 2261 878 2295 ORELLI.
923 2261 993 2295 Die
1019 2260 1140 2294 tribus
1158 2260 1287 2293 Velina
1306 2259 1407 2294 wird
1433 2271 1489 2305 ep.
1504 2259 1654 2300 CXLII,

168 2308 419 2350 IXerw'a'hnt,
448 2321 487 2343 so
515 2310 590 2344 wie
616 2309 676 2343 die
704 2309 940 2343 Tromentina
965 2308 1163 2350 Liv.x⁷1‚5.
1190 2308 1651 2352 Inscript.Gruter.p.84.

170 2368 230 2391 no.
259 2359 291 2392 6.
317 2368 353 2400 p.
384 2359 486 2392 1109.
515 2369 572 2391 no.
599 2359 652 2401 83
688 2358 748 2390 ein
780 2357 929 2391 Veiento
966 2367 1024 2401 ep.
1055 2356 1097 2389 ad
1120 2356 1234 2389 Attio.
1261 2356 1344 2395 VII,
1373 2356 1396 2390 3
1429 2355 1652 2397 (ΟΟΧΟΙῩ),
1706 2352 1710 2357 ’

170 2405 255 2438 (lem
282 2404 437 2438 Bibulus
463 2405 525 2438 bei
551 2405 692 2438 seinem
719 2404 900 2454 Abgange
927 2416 990 2437 aus
1017 2403 1158 2448 Syrien
1184 2403 1284 2437 dicse
1311 2403 1474 2436 Provinz
1499 2403 1552 2436 als
1579 2403 1650 2436 Le-

169 2458 282 2500 gaten
317 2452 508 2499 voi-liiufig·
546 2453 722 2499 iibergab.
791 2452 879 2485 Scin
916 2452 1095 2494 Quaestor
1137 2452 1300 2485 daselbst
1333 2463 1416 2485 war
1453 2450 1653 2485 Sallustius

168 2511 352 2544 gcwesen.
406 2500 441 2534 S.
476 2500 521 2533 ad
557 2500 659 2532 Fam.
696 2501 744 2541 11,
784 2501 828 2534 17
857 2512 889 2533 u.
922 2502 974 2534 15.
1015 2500 1150 2542 ‹lessgL
1190 2499 1299 2546 Pigh.
1336 2499 1381 2532 ad
1414 2498 1457 2531 A.
1490 2500 1569 2533 703.
1607 2515 1651 2523 -

169 2549 241 2580 Res
269 2549 372 2587 cedit,
414 2548 473 2580 die
500 2547 620 2582 Sache
656 2548 847 2581 bekommt
886 2548 997 2581 einen
1024 2547 1214 2588 Anstmxd,
1249 2547 1341 2580 weil
1367 2546 1427 2580 die
1454 2546 1651 2580 Tribunen

169 2597 397 2641 aufgwuscn
425 2607 566 2637 waren,
592 2596 644 2629 sic
674 2603 751 2629 erst
777 2600 853 2628 an's
880 2596 977 2628 Volk
1007 2608 1053 2628 zu
1076 2595 1250 2643 bringen.
1304 2595 1373 2627 Res
1407 2595 1455 2628 ad
1485 2597 1651 2627 senatum

171 2642 216 2676 de
245 2644 338 2675 Man.
370 2655 468 2688 susp.
494 2643 622 2677 hamb.
662 2662 703 2666 -
751 2645 829 2677 dum
857 2644 916 2676 lez
947 2671 950 2677 .
983 2673 989 2679 ,
1020 2644 1228 2685 .serrctur‚
1263 2641 1415 2676 bis·das
1442 2640 1651 2675 heimliche
1711 2668 1713 2671 ,

173 2689 338 2723 Οοι·“ιο1η
364 2702 450 2724 vom
479 2691 598 2726 Volke
625 2691 799 2736 beztatigt
826 2695 937 2726 w'a‘rc.
988 2710 1025 2716 —-
1070 2692 1164 2723 venit
1192 2692 1265 2732 Icgt
1292 2692 1381 2731 slim,
1409 2701 1447 2723 cs
1469 2690 1557 2723 *kam
1584 2688 1651 2722 der

174 2738 266 2784 'sagn
294 2748 354 2772 wo
380 2738 476 2773 die-ss
505 2738 721 2787 geschehcn
750 2740 882 2781 sollte,
930 2740 998 2773 ‹lcr
1032 2739 1282 2773 ‘v'olkstribun
1310 2738 1511 2773 Terentius
1549 2737 1650 2784 legto
