1742 3006
204 58 298 108 256
475 62 540 106 M.
570 62 624 105 T.
659 62 1009 108 CICERONIS
1031 64 1406 113 EPISTOLAE.

203 173 333 226 faciS‚
365 187 515 230 opera,
546 174 756 228 consilio,
785 177 933 230 gratia
961 177 1089 219 iuva:
1127 179 1352 220 consolari
1383 180 1471 221 iam
1507 180 1681 224 desine:

203 232 442 285 obiurgare
471 243 580 271 vero
611 231 730 280 noli3
760 232 880 286 quod
910 245 1045 287 quum
1075 231 1205 286 sacis,
1234 241 1283 275 ut
1312 248 1395 290 ego
1418 238 1542 276 tuum
1562 249 1682 279 amo-

201 300 297 328 rem
327 291 372 327 et
401 286 606 326 dolorem
635 286 866 328 desidero!
896 301 1028 342 quem
1056 288 1123 330 ita
1152 290 1364 331 affectum
1393 305 1492 333 mea
1511 304 1681 332 aerum-

201 356 260 383 na
297 354 393 382 esse
431 341 651 393 arbitror,
708 346 759 383 ut
800 347 844 383 te
883 343 1029 398 ipsum
1070 344 1297 387 consolari
1347 360 1476 389 nemo
1526 347 1680 401 possit.

201 397 419 447 Quintum
469 395 657 438 fratrem
706 398 922 452 optimum
974 398 1428 457 humanissimumque
1466 406 1678 444 sustenta.

199 452 394 559 adlm&
432 453 618 496 obsecro
649 457 708 506 te,
738 458 787 495 ut
816 455 966 496 omnia
995 458 1119 497 certa
1146 458 1415 511 perscribas.
1485 457 1588 499 Dat.
1622 471 1679 500 iv.

247 521 273 549 a
297 538 307 549 .
383 508 493 551 uint.
1595 529 1601 534 ·

483 685 801 729 EPISTOLA
832 684 1005 728 LXVI.
1048 688 1158 740 (Att.
1190 688 1278 730 111.
1310 691 1396 738 12.)

268 758 345 792 Ser.
372 757 664 794 Thessalonicae
690 760 785 794 XVI.
813 759 892 794 Kal.
920 761 1017 795 Sext.
1043 761 1084 795 A.
1111 763 1154 798 U.
1184 763 1223 798 C.
1250 765 1332 800 696.
1384 763 1431 804 (a.
1463 764 1500 796 C.
1528 763 1604 804 59.)

197 828 254 859 De
280 827 425 861 incerta
450 838 513 873 spe
538 828 818 872 recuperandae
842 828 978 861 salutis.
1006 830 1037 863 1.
1065 828 1111 861 de
1135 840 1198 862 sua
1222 829 1262 862 in
1279 828 1485 863 Curionem
1510 829 1680 863 oratione

198 875 330 920 iniquo
363 882 536 921 ternpore
570 877 728 922 prolata.
756 878 790 911 2.
818 887 880 909 sua
907 876 1022 920 mag-is
1054 877 1249 920 interesse,
1291 883 1331 911 ut
1357 879 1503 911 Atticus
1535 877 1679 911 Romae

563 930 729 967 maneat,
763 935 877 969 quam
903 931 944 958 ut
971 924 1016 957 ad
1042 935 1081 957 se
1107 926 1243 958 veniat.
1270 927 1306 960 3.

713 989 895 1024 CICERO
921 989 1101 1025 ATTICO
1127 990 1162 1024 S.

306 1053 379 1094 Tu
409 1052 591 1107 quidem
621 1050 780 1092 sedulo
811 1053 1152 1105 argumentaris,
1183 1051 1291 1106 quid
1319 1053 1378 1093 sit
1407 1052 1676 1106 sperandum

195 1111 240 1149 et
269 1108 466 1150 maxime
496 1121 577 1162 per
606 1111 831 1148 senatum:
880 1107 1088 1161 idemque
1133 1113 1267 1161 caput
1296 1109 1542 1162 rogationis
1571 1122 1674 1163 pro-

193 1165 300 1218 poni
329 1164 507 1217 scribis,
538 1175 674 1217 quare
704 1163 751 1203 in
781 1167 937 1203 senatu
965 1162 1060 1203 dici
1089 1162 1206 1203 nihil
1237 1164 1398 1212 liceat3
1433 1164 1584 1218 itaque
1613 1165 1674 1204 si—

193 1220 326 1261 letur.
385 1219 478 1259 Hic
507 1223 557 1260 tu
586 1231 655 1259 me
685 1231 883 1270 accusas,
914 1218 1036 1272 quod
1065 1232 1134 1260 me
1163 1217 1406 1268 afflictem3
1447 1232 1579 1272 quum
1609 1220 1675 1260 ita

191 1275 278 1315 sim
317 1273 542 1325 afflictus,
592 1278 642 1314 ut
687 1287 816 1314 nemo
860 1286 1078 1327 unquam:
1132 1274 1252 1327 quod
1299 1278 1394 1315 tute
1434 1274 1673 1328 intelligis.

192 1330 328 1384 Spem
358 1329 559 1371 ostendis
589 1329 832 1370 secundum
863 1329 1058 1370 comitia.
1128 1330 1256 1378 Quae
1285 1330 1374 1370 ista
1403 1333 1485 1381 est,
1516 1330 1675 1370 eodem

193 1387 373 1427 tribuno
403 1385 548 1441 plebis
578 1389 624 1426 et
652 1385 838 1425 inimico
868 1385 1050 1425 consule
1081 1383 1342 1440 designato?
1398 1383 1672 1426 Percussisti

285 1504 319 1538 2.
347 1507 386 1536 ut
403 1502 524 1545 facis,
551 1502 624 1535 wie
651 1501 786 1535 bisher.
815 1519 859 1526 —-
884 1504 924 1534 ul
948 1499 977 1534 i.
1005 1510 1035 1533 e.
1063 1511 1163 1544 quam
1189 1526 1196 1534 .
1225 1525 1233 1534 .
1260 1525 1268 1533 .
1295 1501 1476 1542 desidero,
1501 1502 1571 1535 wie
1587 1500 1672 1536 sehr

190 1553 368 1585 vermisse
392 1550 458 1584 ich
485 1551 603 1583 daun!
654 1550 763 1584 Sinn:
810 1549 955 1583 machst
988 1549 1046 1583 Du
1082 1549 1158 1581 mir
1191 1559 1314 1593 wegen
1341 1551 1486 1583 meiner
1509 1550 1672 1583 Betriib-

189 1600 264 1633 niss
291 1600 511 1639 Vorwurfe‚
561 1610 602 1632 so
636 1610 734 1632 muss
757 1598 823 1631 ich
847 1598 1024 1642 glauben,
1065 1596 1145 1629 dass
1170 1597 1230 1629 Du
1264 1597 1362 1630 mein
1387 1598 1535 1631 Freund
1560 1597 1670 1631 nicht

187 1648 284 1690 bist3
328 1647 427 1680 denn
462 1652 563 1680 sonst
598 1647 762 1680 wi'irdest
788 1647 848 1678 Du
880 1644 1004 1678 meine
1029 1643 1251 1677 Betrubniss
1285 1645 1380 1677 eben
1408 1657 1448 1679 so
1475 1645 1576 1678 stark
1600 1645 1670 1678 init

188 1695 403 1741 empfinden
435 1695 510 1728 und
542 1694 713 1739 billigen.
763 1692 861 1726 Statt
900 1696 937 1726 ut
973 1691 1103 1726 Lamb.
1132 1696 1216 1728 tum,
1244 1710 1288 1716 -
1321 1694 1500 1734 dolat-em,
1528 1693 1668 1738 Mitge-

186 1743 282 1778 ffihl.
312 1762 356 1768 —
382 1753 482 1787 quem
507 1756 557 1773 z
579 1748 616 1775 te
642 1749 768 1775 tamen
794 1740 849 1774 ita
875 1741 1041 1783 affectum
1067 1744 1134 1773 cet.
1163 1758 1203 1763 —
1233 1740 1382 1774 obsecro
1410 1745 1466 1784 te,
1492 1745 1540 1774 ut.
1591 1741 1666 1776 Ro·-

186 1803 285 1827 man.
310 1791 416 1826 omis.
441 1794 490 1824 ut.
517 1809 561 1815 -
588 1789 658 1824 IV.
685 1789 773 1823 Kal.
802 1788 937 1830 Quint„
964 1788 1035 1821 den
1061 1789 1187 1822 27sten
1213 1787 1280 1821 Iul.

283 1855 314 1888 1.
341 1852 427 1897 quid
447 1852 495 1886 sit
520 1851 615 1885 mihi
639 1862 741 1896 sper.
768 1869 812 1875 —
835 1861 901 1894 per
926 1853 1100 1883 senatum.
1137 1849 1247 1882 Deun
1272 1860 1357 1883 vom
1384 1848 1509 1884 Volke
1535 1849 1667 1884 schien

187 1902 321 1936 Cicero
348 1902 500 1946 Wenig
524 1901 654 1934 hoffen
679 1912 724 1933 zu
750 1899 909 1936 konnen,
936 1898 1016 1931 weil
1043 1896 1192 1932 Clodius
1209 1898 1397 1933 Tribunus
1423 1899 1548 1932 Plebis
1573 1911 1663 1933 war.

187 1970 232 1976 —-
257 1950 434 1994 idemque.
498 1949 569 1995 Qui
596 1960 656 1982 me
682 1957 830 1992 sperare
856 1946 910 1979 vis
936 1957 1003 1990 per
1029 1952 1217 1986 senatum,
1260 1946 1358 1980 idem
1389 1947 1522 1980 scribis
1555 1954 1667 1992 caput

186 1999 349 2046 proponi
373 1997 582 2043 rogationis
609 1997 815 2030 Clodianae
841 1995 917 2032 (die
945 1993 1134 2027 bekannte
1161 1993 1303 2027 Clausel
1334 1995 1389 2027 im
1415 1995 1574 2029 Gesetze
1600 1997 1664 2028 des

186 2046 386 2089 Clodius),
425 2058 500 2092 quo
526 2046 651 2090 capite
679 2050 830 2077 cautum
857 2048 960 2084 erat,
985 2053 1032 2074 ne
1058 2042 1140 2087 quis
1165 2042 1327 2075 referret
1353 2043 1399 2075 ad
1426 2050 1593 2076 senatum
1619 2044 1665 2076 de

186 2096 370 2130 Cicerone
405 2094 644 2128 restituendo.
685 2090 884 2126 MANUT.
934 2090 970 2123 S.
1005 2101 1065 2135 ep.
1090 2091 1201 2131 LXX,
1228 2092 1261 2125 6.
1311 2109 1356 2115 —-
1403 2091 1560 2135 proponi
1583 2097 1664 2124 tan·

185 2155 297 2189 quam
322 2153 480 2186 causam,
507 2143 631 2175 werde
656 2142 708 2174 als
734 2141 792 2174 die
818 2139 983 2172 Ursache
1008 2139 1257 2182 vorgehalten
1290 2139 1387 2180 (von
1415 2139 1562 2173 Clodius
1587 2139 1663 2172 und

185 2192 258 2225 den
285 2191 474 2235 sonstigen
501 2190 664 2224 Feinden
700 2189 762 2222 des
790 2188 962 2229 Cicero),
988 2187 1218 2231 angegeben,
1246 2198 1395 2220 warum.
1422 2206 1467 2212 -
1513 2187 1588 2220 dici
1613 2187 1661 2220 de

183 2251 243 2273 me
268 2239 511 2272 restituendo.
538 2256 582 2263 —-
608 2238 739 2272 siletur
764 2242 821 2270 est
848 2235 1038 2269 Ciceronis
1063 2235 1232 2268 Atticum
1257 2235 1459 2270 irridentis.
1500 2235 1659 2280 Malasp.

183 2299 280 2333 susp.
304 2287 424 2321 sileri.
452 2307 494 2312 —
539 2286 610 2319 Hic
636 2301 684 2318 z
710 2287 749 2318 in
775 2292 839 2318 tua
865 2284 1041 2329 epistola,
1076 2295 1184 2317 nunc.
1212 2280 1263 2308 -—⁷
1305 2283 1406 2326 Spem
1434 2308 1440 2316 .
1470 2308 1478 2317 .
1506 2283 1658 2325 comitia,

181 2335 408 2369 inzwischen
444 2337 662 2368 vertrostest
706 2336 765 2367 Du
790 2333 896 2366 mich
931 2333 987 2365 bis
1014 2332 1111 2364 nach
1139 2333 1208 2364 den
1234 2331 1436 2367 Comitien.
1466 2351 1508 2357 —-
1534 2331 1659 2364 inimi-

182 2395 234 2426 co,
268 2385 427 2418 Metello
451 2384 616 2428 Nepote,
674 2381 854 2427 Obgleich
891 2380 1010 2414 dieser
1043 2386 1119 2412 erst
1146 2381 1198 2413 im
1226 2381 1362 2413 Ianuar
1388 2379 1452 2411 das
1479 2379 1658 2412 Consulat

183 2433 416 2475 iibernahm,
456 2442 494 2465 so
520 2431 589 2475 gab
626 2442 667 2463 er
700 2429 938 2476 doch-'sehon
965 2429 1016 2461 als
1042 2429 1260 2473 designirter
1287 2427 1420 2461 consul
1445 2427 1496 2459 im
1523 2428 1658 2460 Senate

180 2487 301 2514 zuerst
335 2481 438 2514 seine
472 2479 628 2512 Stimme
665 2480 723 2512 ab.
798 2478 902 2513 Uber
934 2476 1077 2510 Metell.
1114 2488 1143 2512 s.
1183 2487 1240 2521 ep.
1269 2475 1380 2516 XIII,
1410 2476 1440 2508 1.
1492 2472 1594 2517 XIV,
1621 2475 1654 2509 6.

179 2529 312 2570 XVIII,
336 2531 370 2564 5.
399 2528 531 2568 XXXI,
559 2528 590 2562 2.
619 2527 783 2568 XXXVI,
812 2527 845 2561 2.
882 2525 1052 2560 LXVIII.
1078 2525 1110 2560 2.
1147 2524 1351 2565 LXXVIII,
1385 2524 1418 2558 2.
1451 2522 1654 2556 LXXXVI.

180 2576 331 2610 Clodius
357 2577 485 2610 fiihrte
510 2575 587 2609 sein
611 2573 795 2609 Tribunat
819 2574 918 2608 noch
954 2573 1052 2606 nach
1078 2572 1147 2604 den
1175 2573 1364 2608 Comitien
1391 2570 1447 2604 bis
1473 2582 1556 2604 zum
1580 2571 1655 2603 De-

132 2620 136 2624 *
184 2626 348 2658 cember.

277 2675 311 2708 2.
346 2671 562 2706 Percussis&
587 2677 659 2705 cet.
720 2671 808 2711 „Du
841 2670 924 2703 hest
956 2667 1061 2702 mich
1088 2667 1205 2701 durch
1233 2668 1292 2701 die
1318 2666 1545 2707 Nachricht‚
1571 2666 1650 2698 dass

182 2721 301 2754 meino
336 2721 443 2754 Rode
476 2731 593 2768 gegen
628 2720 698 2753 den
736 2718 847 2753 Curio
873 2718 940 2751 in's
966 2716 1165 2750 Publikum
1201 2717 1423 2762 gekommen
1447 2716 1515 2758 ist,
1565 2713 1652 2746 sehr
