1742 3006
35 56 38 108 ἓ
378 68 695 116 EPISTOLA
737 66 1013 113 Lxxvm.
1042 67 1277 113 LXXIX.
1485 70 1579 120 281

35 173 39 222 ῗ
94 199 165 229 me
192 183 359 240 frater,
387 185 602 240 quantum
629 181 848 239 sperarit,
879 180 1129 237 perfectum
1159 196 1256 226 esse
1285 196 1366 239 per
1393 184 1451 226 te.
1509 184 1579 228 Mi
1616 196 1644 237 3

33 241 37 269 ⁵³
94 243 344 298 Pomponi,
386 255 558 297 pugna,
595 244 646 281 ut
674 244 821 282 tecum
851 244 897 280 et
925 252 1027 279 cum
1055 240 1167 281 meis
1197 239 1312 282 mihi
1341 241 1482 282 liceat
1509 244 1578 284 vi-

94 312 225 341 vere:
265 302 311 339 et
339 299 487 339 scribe
516 296 575 338 ad
603 310 674 337 me
703 296 869 338 omnia.
936 294 1129 336 Premor
1158 297 1309 349 luctu,
1348 297 1579 340 desiderio

17 373 29 393 n
94 368 228 409 quum
256 367 455 395 meorum
484 353 705 405 omnium,
734 356 829 394 tum
857 364 1035 404 eorum,
1079 353 1158 405 qui
1186 352 1301 394 mihi
1330 366 1401 394 me
1431 355 1578 396 cario-

15 420 35 465 (ζα
95 424 167 451 res
195 423 371 464 semper
397 409 591 450 fuerunt.
659 409 805 461 Cura,
831 410 882 449 ut
908 407 1074 449 valeas.
1141 408 1271 462 Ego,
1311 409 1458 464 quod,
1497 425 1578 465 per
1615 411 1645 454 4

15 466 36 500 ⁸3
93 466 379 508 Thessaliam
407 466 448 506 si
478 466 591 506 irem
620 464 668 505 in
698 465 913 519 Epirum,
957 463 1119 518 perdiu
1148 463 1267 505 nihil
1297 478 1420 507 eram
1449 467 1576 508 audi-

32 514 35 529 ”
93 525 244 574 turus,
281 525 328 562 et
356 520 476 575 quod
515 521 604 562 mei
641 521 868 561 studiosos
910 518 1053 561 habeo
1094 519 1473 575 Dyrrhachinos,
1519 524 1578 564 ad

21 578 34 632 ,ἵ
92 591 169 619 cos
198 578 404 633 perrexi,
443 591 579 633 quum
608 577 693 618 illa
721 576 955 632 superiora
983 574 1341 617 Thessalonicae
1369 579 1579 633 scripsis-

19 638 23 642 ”
91 647 199 675 sem.
266 632 380 674 Inde
418 647 554 689 quum
585 633 643 674 ad
672 637 717 674 te
746 647 816 674 me
847 635 1129 680 convertam,
1169 631 1336 673 faciam
1363 637 1414 674 ut
1442 635 1578 677 scias.

21 711 25 722 ‹
90 690 251 742 Tuque
289 688 349 729 ad
384 702 457 731 me
485 689 624 730 velim
653 689 804 730 omnia
833 700 964 743 quam
993 687 1367 745 diligentissime,
1405 691 1577 731 cuicui-

21 773 25 780 -
89 745 214 785 modi
243 747 370 797 sunt,
400 746 584 787 scribas,
650 745 753 799 Ego
783 745 873 786 iam
904 746 982 784 aut
1010 757 1104 784 rem
1133 748 1211 785 aut
1238 757 1294 785 ne
1323 758 1447 799 spem
1475 747 1575 803 qui-

89 801 194 843 dem
222 804 451 856 exspecto.
509 802 616 844 Dat.
646 800 734 844 VI.
763 801 866 844 Kal.
896 799 1113 843 Decemb.
1145 799 1449 858 Dyrrhachii.

277 1013 596 1059 EPISTOLA
624 1014 855 1059 LXXIX.
913 1015 992 1070 (ad
1020 1015 1128 1060 Div.
1157 1014 1292 1059 XIV.
1323 1015 1386 1067 1.)

14 496 27 619 ἕ

12 647 25 673 ὁ

14 681 25 707 1

10 750 25 873 ἓ

14 914 23 980 3

12 1000 23 1062 ἕ

88 1091 271 1127 Inchoata
302 1092 612 1136 Thessalonicae,
649 1091 760 1126 finita
792 1091 1030 1138 Dyrrhachii
1060 1092 1123 1127 VI.
1149 1091 1228 1126 Kal.
1254 1091 1349 1127 Dec.
1375 1091 1422 1129 A.
1456 1093 1505 1131 U.
1533 1094 1574 1128 C.

5 1062 23 1484 ἔ
652 1142 736 1177 696.
784 1141 839 1184 (a.
866 1141 907 1177 C.
935 1141 1010 1184 58.)

4 1486 19 1531 fl

10 1576 19 1604 ἲ

2 1653 17 1758 Ξ

0 1780 16 1815 t

0 1826 15 1866 Ι

0 1890 14 1932 1

0 1950 7 1969 Ι

0 2002 14 2035 t

0 2058 13 2133 ἔ

0 2201 8 2225 τ

0 2250 9 2269 b

26 1222 29 1238 s
84 1209 143 1241 De
182 1208 411 1243 calamitatis
449 1219 540 1242 suae
580 1207 857 1253 magnitudine.
901 1209 935 1246 1.
979 1207 1025 1241 de
1057 1219 1120 1253 spe
1158 1207 1421 1242 restitutionis.
1454 1209 1489 1243 2.
1528 1207 1574 1240 de

26 1286 29 1289 Δ
85 1257 246 1290 familia.
285 1259 478 1292 Plancium
505 1269 546 1290 se
572 1257 696 1291 adhuc
721 1257 901 1292 retinere.
926 1257 961 1292 3.
988 1257 1034 1290 de
1060 1258 1206 1290 Pisonis
1231 1258 1482 1290 humanitate.
1527 1256 1574 1288 Se

85 1315 239 1339 uxorem
267 1305 313 1338 de
339 1307 385 1352 Q.
413 1307 532 1340 fratre
558 1304 657 1338 nihil
681 1317 883 1339 accusasse.
908 1305 942 1338 4.
977 1311 1039 1347 et,
1073 1306 1206 1350 quibus
1240 1305 1401 1338 voluerit
1435 1305 1575 1349 gratias

26 1361 27 1393 j
86 1353 167 1398 agi,
201 1353 329 1398 egisse.
380 1355 500 1400 Rogat
536 1354 608 1387 filii
641 1365 770 1397 causa,
806 1365 856 1386 ne
888 1353 1013 1388 vicum
1045 1364 1153 1386 suum
1186 1353 1333 1386 vendat.
1367 1354 1405 1390 5.
1432 1356 1470 1391 6.
1505 1364 1574 1387 cur

395 1402 674 1448 Dyrrhachium
698 1403 893 1448 profectus
919 1401 989 1440 sit,
1018 1401 1194 1437 ostendit.
1228 1405 1266 1439 7.

7 1498 27 1550 ‚eff
85 1489 141 1523 M.
176 1488 389 1525 TULLIUS
430 1489 892 1573 ΤΕΗΕΝΤὲΈΕΝΙδΙέῗἘ,
918 1487 1222 1570 S'I'IJJDLLIOLAE
1254 1487 1405 1532 SUAE,
1441 1490 1573 1524 CICE-

6 1629 26 1658 .,5
192 1605 257 1645 Et
286 1604 434 1646 literis
451 1605 694 1647 multorum
724 1608 771 1646 et
800 1618 1003 1646 sermone
1034 1605 1230 1646 oninium
1258 1605 1487 1660 perfertur
1514 1607 1574 1647 ad

83 1673 154 1701 me
193 1661 511 1702 incredibilem
550 1665 673 1702 tuam
710 1662 927 1702 virtutem
957 1665 1002 1702 et
1032 1661 1349 1702 fortitudinem
1378 1675 1476 1703 esse
1506 1666 1573 1703 te-

13 1710 17 1770 ᾗ
84 1729 170 1770 que
199 1730 283 1757 nec
323 1717 463 1758 animi
491 1731 635 1772 neque
666 1718 871 1772 corporis
903 1717 1132 1758 laboribus
1163 1717 1424 1772 defatigari.
1494 1717 1573 1760 Me

4 1762 25 1806 ’ἱ
83 1772 317 1813 miserum!
358 1777 402 1814 te
432 1774 521 1815 ista
550 1775 743 1825 virtute,
774 1772 889 1825 fide,
919 1774 1171 1827 probitate,
1210 1772 1492 1815 humanitate
1522 1776 1570 1815 in

14 1827 24 1871 ,ἶ
82 1830 230 1869 tantas
260 1842 491 1870 aerumnas
522 1833 709 1884 propter
737 1843 808 1870 me
837 1829 1078 1870 incidisse!
1119 1829 1461 1886 Tulliolamque
1490 1845 1569 1872 no-

8 1874 24 1918 *f
82 1887 247 1936 stram,
291 1898 350 1926 ex
389 1899 477 1940 quo
516 1889 644 1939 patre
683 1888 831 1927 tantas
868 1886 1124 1940 voluptates
1155 1886 1384 1940 capiebat,
1426 1900 1485 1928 ex
1515 1901 1569 1928 eo

10 2024 22 2044 ,ς
82 2001 212 2042 sehim,
243 2002 325 2036 dass
351 2014 391 2036 er
416 2003 539 2037 seiner
563 2003 904 2047 Zuriickberufung
927 2003 1059 2038 Nichts
1084 2004 1120 2036 in
1148 2003 1222 2036 den
1248 2005 1345 2048 weg
1371 2004 1487 2049 legte.
1529 2004 1567 2040 S.

81 2051 255 2094 ep.X111.
274 2052 370 2083 XIV.
391 2051 530 2093 XVllI,
547 2053 580 2086 5.
606 2052 735 2096 XXXI,
762 2054 795 2088 2.
821 2051 986 2096 XXXVI,
1012 2055 1045 2089 2.
1073 2054 1181 2086 Brut.
1209 2054 1265 2088 18.
1294 2070 1336 2078 —
1362 2055 1569 2097 perfectum

81 2108 156 2132 csse
181 2110 205 2132 a
230 2104 282 2142 te,
310 2099 362 2131 sei
388 2100 485 2132 Dein
511 2100 640 2133 Werk.

177 2148 211 2182 3.
236 2157 361 2190 pugna
386 2148 412 2181 i.
439 2159 472 2181 e.
498 2148 554 2181 vel
579 2148 781 2194 pugnando
807 2149 930 2191 effice,
956 2148 1109 2193 erringe
1135 2160 1184 2183 es.
1212 2167 1254 2172 —
1282 2149 1399 2190 luctu,
1427 2149 1566 2183 deside-

20 2203 21 2207 ’
81 2194 153 2228 rio.
189 2194 251 2228 Sic
285 2196 524 2229 scribendum
560 2197 768 2231 videbatur.
821 2199 962 2232 Omnes
997 2198 1098 2230 enim
1132 2198 1299 2231 rationes
1335 2198 1400 2230 hic
1426 2210 1568 2243 propo-

19 2244 21 2250 '
79 2243 174 2275 sitae
199 2249 266 2276 aut
290 2255 445 2277 mancae
472 2251 557 2278 sunt
583 2252 647 2279 aut
670 2257 804 2291 parum
839 2246 1050 2279 concinnae
1077 2252 1230 2291 propter
1254 2246 1383 2279 turbas
1407 2247 1568 2291 positio-

0 2303 19 2319 A,
80 2290 140 2324 nis
165 2291 438 2336 particularum
463 2303 568 2337 quum
595 2317 602 2326 .
631 2320 640 2327 .
667 2299 760 2328 tum.-
787 2301 917 2328 nostra
941 2301 1064 2328 autem
1091 2302 1248 2339 utraque
1275 2293 1567 2340 reprehensione

2 2347 19 2374 ·,
81 2347 200 2375 caret.
250 2341 389 2374 Melius
416 2348 541 2375 autem
565 2337 764 2376 ἀσύνδετον
789 2343 906 2383 luctu,
934 2342 1118 2376 desiderio
1146 2344 1213 2377 Cd.
1228 2343 1311 2377 Md.
1338 2354 1450 2388 quam
1471 2343 1567 2376 luctu

80 2391 115 2420 et
139 2387 315 2421 desiderio
340 2389 505 2432 (omnium
531 2400 651 2424 rernm
675 2403 743 2436 per
767 2402 805 2423 se
831 2391 986 2424 minime
1011 2392 1284 2437 aspernandum
1312 2393 1390 2424 Cfr.
1416 2391 1502 2424 Lib.
1528 2391 1564 2430 4,

83 2435 140 2474 15,
166 2437 218 2478 2.)
250 2437 341 2474 Sch.
372 2449 522 2481 premor
553 2439 651 2472 luctu
687 2444 722 2473 et
760 2439 938 2473 desiderio
978 2444 1051 2473 tum
1089 2451 1261 2475 meorum.
1295 2441 1388 2473 Ern.
1423 2449 1564 2482 premor

81 2493 186 2526 quum
210 2485 305 2517 luctu
330 2489 402 2518 tum
428 2486 605 2520 desiderio
628 2498 799 2522 meorum.
826 2488 978 2522 Li'mem.
1005 2489 1151 2523 Ernest.
1179 2501 1253 2532 seq.
1284 2487 1480 2521 ORELLI.

177 2532 209 2566 4.
238 2531 529 2578 Dyrrlzachinos,
562 2535 621 2568 die
652 2535 887 2570 Einwohner
917 2548 989 2569 von
1026 2537 1333 2582 Dyrrhachium,
1365 2535 1458 2568 ietzt
1483 2536 1563 2568 Du—

16 2590 18 2593 *
81 2589 202 2611 razzo.
253 2581 331 2612 Von
359 2581 502 2615 hieraus
530 2583 645 2616 datirt
670 2585 749 2617 sich
775 2584 871 2619 diess
904 2586 1121 2630 Postscript.
1176 2585 1256 2629 Vgl.
1283 2595 1341 2628 cp.
1368 2584 1427 2625 81»
1455 2584 1488 2617 4·
1516 2603 1559 2610 ’-

85 2627 150 2660 1Ἰ.
178 2627 264 2660 Rae.
292 2628 398 2671 Dec,
426 2631 498 2663 den
524 2633 635 2667 25ten
660 2635 756 2668 Nov.

181 2697 212 2728 1.
239 2698 272 2726 te
298 2720 315 2747 .'
335 2718 344 2726 .
369 2695 558 2733 incidisse!
590 2700 625 2733 S.
652 2713 695 2734 zu
721 2714 776 2748 ep.
802 2703 966 2743 LXXVI,
992 2704 1025 2736 2.
1054 2713 1114 2733 nm
1141 2700 1256 2737 Ende,
1285 2720 1328 2725 -
1356 2711 1400 2733 cr
1426 2712 1467 2733 co
1494 2711 1558 2733 es<-

80 2742 168 2776 Sule-
206 2761 245 2766 ·-
282 2742 376 2775 flam
401 2758 449 2776 ·-··-
476 2747 608 2790 Doch‚
642 2750 756 2788 Aber.
805 2752 897 2786 Man
931 2753 1108 2794 erganze:
1143 2750 1202 2783 Dc
1235 2755 1292 2792 tc,
1325 2748 1370 2782 de
1396 2750 1558 2783 Tulliola
