<?xml version="1.0" encoding="UTF-8"?>
<!DOCTYPE html PUBLIC "-//W3C//DTD XHTML 1.0 Transitional//EN"
    "http://www.w3.org/TR/xhtml1/DTD/xhtml1-transitional.dtd">
<html xmlns="http://www.w3.org/1999/xhtml" xml:lang="en" lang="en">
 <head>
  <title>
</title>
<meta http-equiv="Content-Type" content="text/html;charset=utf-8" />
  <meta name='ocr-system' content='tesseract 3.04.00' />
  <meta name='ocr-capabilities' content='ocr_page ocr_carea ocr_par ocr_line ocrx_word'/>
</head>
<body>
  <div class='ocr_page' id='page_1' title='image "./epistolaeadattic00ciceuoft_0500.png"; bbox 0 0 1742 3006; ppageno 0'>
   <div class='ocr_carea' id='block_1_1' title="bbox 163 80 1380 132">
    <p class='ocr_par' dir='ltr' id='par_1_1' title="bbox 163 80 1380 132">
     <span class='ocr_line' id='line_1_1' title="bbox 163 80 1380 132; baseline -0.006 0"><span class='ocrx_word' id='word_1_1' title='bbox 163 83 259 132; x_wconf 79' lang='grc'><strong>480</strong></span> <span class='ocrx_word' id='word_1_2' title='bbox 447 85 510 127; x_wconf 86' lang='grc' dir='ltr'><strong>Μ.</strong></span> <span class='ocrx_word' id='word_1_3' title='bbox 543 84 598 127; x_wconf 88' lang='grc' dir='ltr'><strong>Τ.</strong></span> <span class='ocrx_word' id='word_1_4' title='bbox 628 80 973 126; x_wconf 84' lang='lat' dir='ltr'>CICERONIS</span> <span class='ocrx_word' id='word_1_5' title='bbox 1002 80 1380 126; x_wconf 88' lang='lat' dir='ltr'><strong>EPISTOLAE.</strong></span> 
     </span>
    </p>
   </div>
   <div class='ocr_carea' id='block_1_2' title="bbox 99 194 1653 754">
    <p class='ocr_par' dir='ltr' id='par_1_2' title="bbox 99 194 1653 754">
     <span class='ocr_line' id='line_1_2' title="bbox 164 194 1648 250; baseline -0.001 -11"><span class='ocrx_word' id='word_1_6' title='bbox 164 199 212 239; x_wconf 87' lang='lat' dir='ltr'><strong>in</strong></span> <span class='ocrx_word' id='word_1_7' title='bbox 253 197 491 239; x_wconf 81' lang='lat' dir='ltr'>consulatu</span> <span class='ocrx_word' id='word_1_8' title='bbox 531 194 715 237; x_wconf 86' lang='lat' dir='ltr'><strong>adiutor</strong></span> <span class='ocrx_word' id='word_1_9' title='bbox 752 196 889 238; x_wconf 85' lang='lat' dir='ltr'><strong>etiam</strong></span> <span class='ocrx_word' id='word_1_10' title='bbox 935 194 1236 236; x_wconf 75' lang='lat' dir='ltr'><strong>exstitissem:</strong></span> <span class='ocrx_word' id='word_1_11' title='bbox 1277 206 1499 250; x_wconf 87' lang='lat' dir='ltr'><strong>quumque</strong></span> <span class='ocrx_word' id='word_1_12' title='bbox 1528 194 1648 237; x_wconf 90' lang='lat' dir='ltr'><strong>idem</strong></span> 
     </span>
     <span class='ocr_line' id='line_1_3' title="bbox 164 250 1650 307; baseline -0.003 -11"><span class='ocrx_word' id='word_1_13' title='bbox 164 254 436 296; x_wconf 86' lang='lat' dir='ltr'><strong>auctoritate</strong></span> <span class='ocrx_word' id='word_1_14' title='bbox 465 254 513 293; x_wconf 82' lang='lat' dir='ltr'><strong>et</strong></span> <span class='ocrx_word' id='word_1_15' title='bbox 541 251 763 293; x_wconf 87' lang='lat' dir='ltr'><strong>sententia</strong></span> <span class='ocrx_word' id='word_1_16' title='bbox 791 265 874 307; x_wconf 89' lang='lat' dir='ltr'><strong>per</strong></span> <span class='ocrx_word' id='word_1_17' title='bbox 902 264 965 303; x_wconf 79' lang='lat' dir='ltr'><strong>se,</strong></span> <span class='ocrx_word' id='word_1_18' title='bbox 996 251 1203 292; x_wconf 88' lang='lat' dir='ltr'><strong>consiliis</strong></span> <span class='ocrx_word' id='word_1_19' title='bbox 1233 253 1279 291; x_wconf 88' lang='lat' dir='ltr'><strong>et</strong></span> <span class='ocrx_word' id='word_1_20' title='bbox 1308 250 1472 292; x_wconf 89' lang='lat' dir='ltr'><strong>studiis</strong></span> <span class='ocrx_word' id='word_1_21' title='bbox 1501 253 1650 291; x_wconf 88' lang='lat' dir='ltr'><strong>tecum</strong></span> 
     </span>
     <span class='ocr_line' id='line_1_4' title="bbox 164 305 1647 362; baseline -0.003 -11"><span class='ocrx_word' id='word_1_22' title='bbox 164 323 234 351; x_wconf 91' lang='lat' dir='ltr'><strong>me</strong></span> <span class='ocrx_word' id='word_1_23' title='bbox 265 308 515 351; x_wconf 85' lang='lat' dir='ltr'><strong>adiuvisset</strong></span> <span class='ocrx_word' id='word_1_24' title='bbox 541 321 777 362; x_wconf 88' lang='lat' dir='ltr'><strong>meumque</strong></span> <span class='ocrx_word' id='word_1_25' title='bbox 806 307 1042 348; x_wconf 90' lang='lat' dir='ltr'><strong>inimicum</strong></span> <span class='ocrx_word' id='word_1_26' title='bbox 1077 320 1211 347; x_wconf 90' lang='lat' dir='ltr'><strong>unum</strong></span> <span class='ocrx_word' id='word_1_27' title='bbox 1250 307 1298 346; x_wconf 91' lang='lat' dir='ltr'><strong>in</strong></span> <span class='ocrx_word' id='word_1_28' title='bbox 1339 307 1528 348; x_wconf 85' lang='lat' dir='ltr'><strong>civitate</strong></span> <span class='ocrx_word' id='word_1_29' title='bbox 1567 305 1647 347; x_wconf 89' lang='lat' dir='ltr'><strong>ha-</strong></span> 
     </span>
     <span class='ocr_line' id='line_1_5' title="bbox 122 361 1649 418; baseline -0.003 -11"><span class='ocrx_word' id='word_1_30' title='bbox 122 370 139 384; x_wconf 59' lang='lat'><em>*</em></span> <span class='ocrx_word' id='word_1_31' title='bbox 165 368 291 407; x_wconf 85' lang='lat' dir='ltr'><strong>beret</strong></span> <span class='ocrx_word' id='word_1_32' title='bbox 305 363 561 405; x_wconf 72' lang='lat' dir='ltr'><strong>inimicumx</strong></span> <span class='ocrx_word' id='word_1_33' title='bbox 592 377 681 405; x_wconf 91' lang='lat' dir='ltr'><strong>non</strong></span> <span class='ocrx_word' id='word_1_34' title='bbox 702 364 858 418; x_wconf 86' lang='lat' dir='ltr'><strong>putavi</strong></span> <span class='ocrx_word' id='word_1_35' title='bbox 878 362 1044 403; x_wconf 85' lang='lat' dir='ltr'><strong>famam</strong></span> <span class='ocrx_word' id='word_1_36' title='bbox 1063 362 1394 403; x_wconf 82' lang='lat' dir='ltr'><strong>inconstantiae</strong></span> <span class='ocrx_word' id='word_1_37' title='bbox 1414 361 1529 402; x_wconf 91' lang='lat' dir='ltr'><strong>mihi</strong></span> <span class='ocrx_word' id='word_1_38' title='bbox 1549 375 1649 416; x_wconf 87' lang='lat' dir='ltr'><strong>per-</strong></span> 
     </span>
     <span class='ocr_line' id='line_1_6' title="bbox 165 415 1649 474; baseline -0.002 -13"><span class='ocrx_word' id='word_1_39' title='bbox 165 419 504 473; x_wconf 77' lang='lat' dir='ltr'><strong>timescendam,</strong></span> <span class='ocrx_word' id='word_1_40' title='bbox 533 419 573 460; x_wconf 88' lang='lat' dir='ltr'><strong>si</strong></span> <span class='ocrx_word' id='word_1_41' title='bbox 603 418 869 474; x_wconf 84' lang='lat' dir='ltr'><strong>quibusdam</strong></span> <span class='ocrx_word' id='word_1_42' title='bbox 898 418 946 458; x_wconf 90' lang='lat' dir='ltr'><strong>in</strong></span> <span class='ocrx_word' id='word_1_43' title='bbox 975 419 1212 459; x_wconf 77' lang='lat' dir='ltr'><strong>sententiis</strong></span> <span class='ocrx_word' id='word_1_44' title='bbox 1242 419 1445 473; x_wconf 88' lang='lat' dir='ltr'><strong>paullum</strong></span> <span class='ocrx_word' id='word_1_45' title='bbox 1473 431 1543 458; x_wconf 91' lang='lat' dir='ltr'><strong>me</strong></span> <span class='ocrx_word' id='word_1_46' title='bbox 1566 415 1649 457; x_wconf 82' lang='lat' dir='ltr'><strong>im-</strong></span> 
     </span>
     <span class='ocr_line' id='line_1_7' title="bbox 163 473 1649 530; baseline -0.002 -13"><span class='ocrx_word' id='word_1_47' title='bbox 163 479 406 517; x_wconf 82' lang='lat' dir='ltr'><strong>mutassem</strong></span> <span class='ocrx_word' id='word_1_48' title='bbox 437 488 670 530; x_wconf 86' lang='lat' dir='ltr'><strong>meamque</strong></span> <span class='ocrx_word' id='word_1_49' title='bbox 699 475 979 516; x_wconf 86' lang='lat' dir='ltr'><strong>voluntatem</strong></span> <span class='ocrx_word' id='word_1_50' title='bbox 1009 473 1066 515; x_wconf 88' lang='lat' dir='ltr'><strong>ad</strong></span> <span class='ocrx_word' id='word_1_51' title='bbox 1096 475 1256 516; x_wconf 89' lang='lat' dir='ltr'><strong>summi</strong></span> <span class='ocrx_word' id='word_1_52' title='bbox 1285 475 1376 516; x_wconf 85' lang='lat' dir='ltr'><strong>viri</strong></span> <span class='ocrx_word' id='word_1_53' title='bbox 1406 473 1462 514; x_wconf 91' lang='lat' dir='ltr'><strong>de</strong></span> <span class='ocrx_word' id='word_1_54' title='bbox 1491 486 1649 527; x_wconf 89' lang='lat' dir='ltr'><strong>meque</strong></span> 
     </span>
     <span class='ocr_line' id='line_1_8' title="bbox 99 529 1652 587; baseline -0.004 -11"><span class='ocrx_word' id='word_1_55' title='bbox 99 537 152 579; x_wconf 87' lang='lat'><strong>12</strong></span> <span class='ocrx_word' id='word_1_56' title='bbox 165 533 334 587; x_wconf 89' lang='lat' dir='ltr'><strong>optime</strong></span> <span class='ocrx_word' id='word_1_57' title='bbox 363 532 517 574; x_wconf 87' lang='lat' dir='ltr'><strong>meriti</strong></span> <span class='ocrx_word' id='word_1_58' title='bbox 547 531 820 585; x_wconf 82' lang='lat' dir='ltr'><strong>dignitatem</strong></span> <span class='ocrx_word' id='word_1_59' title='bbox 849 542 1178 584; x_wconf 84' lang='lat' dir='ltr'><strong>aggregassem.</strong></span> <span class='ocrx_word' id='word_1_60' title='bbox 1234 529 1287 570; x_wconf 90' lang='lat' dir='ltr'><strong>In</strong></span> <span class='ocrx_word' id='word_1_61' title='bbox 1309 529 1399 571; x_wconf 86' lang='lat' dir='ltr'><strong>hac</strong></span> <span class='ocrx_word' id='word_1_62' title='bbox 1427 529 1652 570; x_wconf 84' lang='lat' dir='ltr'><strong>sententia</strong></span> 
     </span>
     <span class='ocr_line' id='line_1_9' title="bbox 165 584 1652 643; baseline -0.003 -14"><span class='ocrx_word' id='word_1_63' title='bbox 165 587 533 643; x_wconf 88' lang='lat' dir='ltr'><strong>complectendus</strong></span> <span class='ocrx_word' id='word_1_64' title='bbox 564 591 662 628; x_wconf 84' lang='lat' dir='ltr'><strong>erat</strong></span> <span class='ocrx_word' id='word_1_65' title='bbox 690 585 805 627; x_wconf 88' lang='lat' dir='ltr'><strong>mihi</strong></span> <span class='ocrx_word' id='word_1_66' title='bbox 838 586 1022 638; x_wconf 81' lang='lat' dir='ltr'><strong>Caesar,</strong></span> <span class='ocrx_word' id='word_1_67' title='bbox 1064 589 1115 626; x_wconf 89' lang='lat' dir='ltr'><strong>ut</strong></span> <span class='ocrx_word' id='word_1_68' title='bbox 1143 584 1288 638; x_wconf 82' lang='lat' dir='ltr'><strong>vides,</strong></span> <span class='ocrx_word' id='word_1_69' title='bbox 1330 586 1378 626; x_wconf 91' lang='lat' dir='ltr'><strong>in</strong></span> <span class='ocrx_word' id='word_1_70' title='bbox 1408 586 1652 626; x_wconf 83' lang='lat' dir='ltr'><strong>coniuncta</strong></span> 
     </span>
     <span class='ocr_line' id='line_1_10' title="bbox 164 641 1651 696; baseline -0.003 -10"><span class='ocrx_word' id='word_1_71' title='bbox 164 648 208 686; x_wconf 85' lang='lat' dir='ltr'><strong>et</strong></span> <span class='ocrx_word' id='word_1_72' title='bbox 238 657 373 686; x_wconf 85' lang='lat' dir='ltr'><strong>causa</strong></span> <span class='ocrx_word' id='word_1_73' title='bbox 402 648 446 686; x_wconf 87' lang='lat' dir='ltr'><strong>et</strong></span> <span class='ocrx_word' id='word_1_74' title='bbox 476 642 713 696; x_wconf 83' lang='lat' dir='ltr'><strong>dignitate.</strong></span> <span class='ocrx_word' id='word_1_75' title='bbox 800 641 893 682; x_wconf 90' lang='lat' dir='ltr'><strong>Hic</strong></span> <span class='ocrx_word' id='word_1_76' title='bbox 930 642 1121 682; x_wconf 83' lang='lat' dir='ltr'><strong>multum</strong></span> <span class='ocrx_word' id='word_1_77' title='bbox 1159 641 1307 681; x_wconf 84' lang='lat' dir='ltr'><strong>valuit</strong></span> <span class='ocrx_word' id='word_1_78' title='bbox 1346 655 1481 696; x_wconf 89' lang='lat' dir='ltr'><strong>quum</strong></span> <span class='ocrx_word' id='word_1_79' title='bbox 1520 644 1651 682; x_wconf 85' lang='lat' dir='ltr'><strong>vetus</strong></span> 
     </span>
     <span class='ocr_line' id='line_1_11' title="bbox 163 695 1653 754; baseline -0.003 -13"><span class='ocrx_word' id='word_1_80' title='bbox 163 700 391 753; x_wconf 78' lang='lat' dir='ltr'><strong>amicitia,</strong></span> <span class='ocrx_word' id='word_1_81' title='bbox 441 711 574 754; x_wconf 88' lang='lat' dir='ltr'><strong>quam</strong></span> <span class='ocrx_word' id='word_1_82' title='bbox 610 702 660 739; x_wconf 88' lang='lat' dir='ltr'><strong>tu</strong></span> <span class='ocrx_word' id='word_1_83' title='bbox 696 711 784 738; x_wconf 89' lang='lat' dir='ltr'><strong>non</strong></span> <span class='ocrx_word' id='word_1_84' title='bbox 822 697 1004 752; x_wconf 81' lang='lat' dir='ltr'><strong>ignoras</strong></span> <span class='ocrx_word' id='word_1_85' title='bbox 1042 695 1158 736; x_wconf 89' lang='lat' dir='ltr'><strong>mihi</strong></span> <span class='ocrx_word' id='word_1_86' title='bbox 1199 700 1244 737; x_wconf 85' lang='lat' dir='ltr'><strong>et</strong></span> <span class='ocrx_word' id='word_1_87' title='bbox 1281 695 1337 745; x_wconf 81' lang='lat' dir='ltr'><strong>Q.</strong></span> <span class='ocrx_word' id='word_1_88' title='bbox 1378 696 1511 737; x_wconf 84' lang='lat' dir='ltr'><strong>fratri</strong></span> <span class='ocrx_word' id='word_1_89' title='bbox 1550 710 1653 737; x_wconf 87' lang='lat' dir='ltr'><strong>cum</strong></span> 
     </span>
    </p>
   </div>
   <div class='ocr_carea' id='block_1_3' title="bbox 165 751 1711 806">
    <p class='ocr_par' dir='ltr' id='par_1_3' title="bbox 165 751 1711 806">
     <span class='ocr_line' id='line_1_12' title="bbox 165 751 1711 806; baseline -0.004 -9"><span class='ocrx_word' id='word_1_90' title='bbox 165 757 358 798; x_wconf 85' lang='lat' dir='ltr'><strong>Caesare</strong></span> <span class='ocrx_word' id='word_1_91' title='bbox 398 754 554 806; x_wconf 80' lang='lat' dir='ltr'><strong>fuisse,</strong></span> <span class='ocrx_word' id='word_1_92' title='bbox 595 758 690 794; x_wconf 91' lang='lat' dir='ltr'><strong>tum</strong></span> <span class='ocrx_word' id='word_1_93' title='bbox 733 752 990 794; x_wconf 86' lang='lat' dir='ltr'><strong>humanitas</strong></span> <span class='ocrx_word' id='word_1_94' title='bbox 1029 753 1126 793; x_wconf 88' lang='lat' dir='ltr'><strong>eius</strong></span> <span class='ocrx_word' id='word_1_95' title='bbox 1150 764 1210 793; x_wconf 76' lang='lat' dir='ltr'><strong>vao</strong></span> <span class='ocrx_word' id='word_1_96' title='bbox 1240 751 1494 793; x_wconf 83' lang='lat' dir='ltr'><strong>liberalitas</strong></span> <span class='ocrx_word' id='word_1_97' title='bbox 1523 751 1650 793; x_wconf 79' lang='lat' dir='ltr'><strong>brevi</strong></span> <span class='ocrx_word' id='word_1_98' title='bbox 1704 787 1711 791; x_wconf 19' lang='lat'><strong>⁷.</strong></span> 
     </span>
    </p>
   </div>
   <div class='ocr_carea' id='block_1_4' title="bbox 163 807 1652 1033">
    <p class='ocr_par' dir='ltr' id='par_1_4' title="bbox 163 807 1652 1033">
     <span class='ocr_line' id='line_1_13' title="bbox 163 807 1650 866; baseline -0.004 -13"><span class='ocrx_word' id='word_1_99' title='bbox 163 817 366 866; x_wconf 89' lang='lat' dir='ltr'><strong>tempore</strong></span> <span class='ocrx_word' id='word_1_100' title='bbox 397 815 442 852; x_wconf 85' lang='lat' dir='ltr'><strong>et</strong></span> <span class='ocrx_word' id='word_1_101' title='bbox 471 809 619 851; x_wconf 89' lang='lat' dir='ltr'><strong>literis</strong></span> <span class='ocrx_word' id='word_1_102' title='bbox 651 812 696 850; x_wconf 87' lang='lat' dir='ltr'><strong>et</strong></span> <span class='ocrx_word' id='word_1_103' title='bbox 724 808 894 850; x_wconf 85' lang='lat' dir='ltr'><strong>officiis</strong></span> <span class='ocrx_word' id='word_1_104' title='bbox 923 811 1162 863; x_wconf 84' lang='lat' dir='ltr'><strong>perspecta</strong></span> <span class='ocrx_word' id='word_1_105' title='bbox 1200 807 1329 848; x_wconf 89' lang='lat' dir='ltr'><strong>nobis</strong></span> <span class='ocrx_word' id='word_1_106' title='bbox 1371 811 1417 849; x_wconf 89' lang='lat' dir='ltr'><strong>et</strong></span> <span class='ocrx_word' id='word_1_107' title='bbox 1456 808 1650 861; x_wconf 86' lang='lat' dir='ltr'><strong>cognita.</strong></span> 
     </span>
     <span class='ocr_line' id='line_1_14' title="bbox 163 862 1652 919; baseline -0.004 -10"><span class='ocrx_word' id='word_1_108' title='bbox 163 867 473 910; x_wconf 86' lang='lat' dir='ltr'><strong>Vehementer</strong></span> <span class='ocrx_word' id='word_1_109' title='bbox 501 866 639 906; x_wconf 88' lang='lat' dir='ltr'><strong>etiam</strong></span> <span class='ocrx_word' id='word_1_110' title='bbox 668 878 739 905; x_wconf 91' lang='lat' dir='ltr'><strong>res</strong></span> <span class='ocrx_word' id='word_1_111' title='bbox 769 865 868 919; x_wconf 86' lang='lat' dir='ltr'><strong>ipsa</strong></span> <span class='ocrx_word' id='word_1_112' title='bbox 896 864 1080 918; x_wconf 87' lang='lat' dir='ltr'><strong>publica</strong></span> <span class='ocrx_word' id='word_1_113' title='bbox 1107 876 1178 904; x_wconf 90' lang='lat' dir='ltr'><strong>me</strong></span> <span class='ocrx_word' id='word_1_114' title='bbox 1207 863 1366 915; x_wconf 78' lang='lat' dir='ltr'><strong>movit,</strong></span> <span class='ocrx_word' id='word_1_115' title='bbox 1395 876 1508 918; x_wconf 90' lang='lat' dir='ltr'><strong>quae</strong></span> <span class='ocrx_word' id='word_1_116' title='bbox 1537 862 1652 904; x_wconf 90' lang='lat' dir='ltr'><strong>mihi</strong></span> 
     </span>
     <span class='ocr_line' id='line_1_15' title="bbox 163 919 1652 974; baseline -0.003 -9"><span class='ocrx_word' id='word_1_117' title='bbox 163 923 425 965; x_wconf 58' lang='lat' dir='ltr'><strong>videbatur&gt;</strong></span> <span class='ocrx_word' id='word_1_118' title='bbox 450 921 808 971; x_wconf 78' lang='lat' dir='ltr'><strong>contentionem,</strong></span> <span class='ocrx_word' id='word_1_119' title='bbox 867 920 1134 974; x_wconf 88' lang='lat' dir='ltr'><strong>praesertim</strong></span> <span class='ocrx_word' id='word_1_120' title='bbox 1185 919 1397 959; x_wconf 82' lang='lat' dir='ltr'><strong>maximis</strong></span> <span class='ocrx_word' id='word_1_121' title='bbox 1443 919 1574 959; x_wconf 86' lang='lat' dir='ltr'><strong>rebus</strong></span> <span class='ocrx_word' id='word_1_122' title='bbox 1625 931 1652 960; x_wconf 87' lang='lat' dir='ltr'><strong>a</strong></span> 
     </span>
     <span class='ocr_line' id='line_1_16' title="bbox 165 974 1650 1033; baseline -0.005 -12"><span class='ocrx_word' id='word_1_123' title='bbox 165 980 358 1021; x_wconf 85' lang='lat' dir='ltr'><strong>Caesare</strong></span> <span class='ocrx_word' id='word_1_124' title='bbox 398 978 554 1033; x_wconf 82' lang='lat' dir='ltr'><strong>gestis,</strong></span> <span class='ocrx_word' id='word_1_125' title='bbox 595 989 695 1017; x_wconf 90' lang='lat' dir='ltr'><strong>cum</strong></span> <span class='ocrx_word' id='word_1_126' title='bbox 734 977 832 1016; x_wconf 89' lang='lat' dir='ltr'><strong>illis</strong></span> <span class='ocrx_word' id='word_1_127' title='bbox 871 976 985 1016; x_wconf 72' lang='lat' dir='ltr'><strong>viris</strong></span> <span class='ocrx_word' id='word_1_128' title='bbox 1026 975 1149 1015; x_wconf 89' lang='lat' dir='ltr'><strong>nolle</strong></span> <span class='ocrx_word' id='word_1_129' title='bbox 1189 974 1293 1015; x_wconf 86' lang='lat' dir='ltr'><strong>fieri</strong></span> <span class='ocrx_word' id='word_1_130' title='bbox 1323 979 1382 1026; x_wconf 77' lang='lat' dir='ltr'><strong>et,</strong></span> <span class='ocrx_word' id='word_1_131' title='bbox 1421 988 1476 1015; x_wconf 91' lang='lat' dir='ltr'><strong>ne</strong></span> <span class='ocrx_word' id='word_1_132' title='bbox 1506 974 1650 1026; x_wconf 88' lang='lat' dir='ltr'><strong>fieret,</strong></span> 
     </span>
    </p>
   </div>
   <div class='ocr_carea' id='block_1_5' title="bbox 164 1067 1704 1691">
    <p class='ocr_par' dir='ltr' id='par_1_5' title="bbox 164 1067 1704 1691">
     <span class='ocr_line' id='line_1_17' title="bbox 164 1067 1647 1114; baseline -0.005 -8"><span class='ocrx_word' id='word_1_133' title='bbox 164 1073 226 1106; x_wconf 83' lang='lat' dir='ltr'><strong>des</strong></span> <span class='ocrx_word' id='word_1_134' title='bbox 253 1069 588 1106; x_wconf 84' lang='lat' dir='ltr'><strong>Mithridatischen</strong></span> <span class='ocrx_word' id='word_1_135' title='bbox 613 1068 773 1114; x_wconf 73' lang='lat' dir='ltr'><strong>Krieges</strong></span> <span class='ocrx_word' id='word_1_136' title='bbox 801 1068 1060 1113; x_wconf 81' lang='lat' dir='ltr'><strong>aufzutragen.</strong></span> <span class='ocrx_word' id='word_1_137' title='bbox 1100 1084 1141 1090; x_wconf 89' lang='lat'>—</span> <span class='ocrx_word' id='word_1_138' title='bbox 1182 1067 1221 1099; x_wconf 74' lang='lat' dir='ltr'><strong>in</strong></span> <span class='ocrx_word' id='word_1_139' title='bbox 1246 1067 1438 1100; x_wconf 71' lang='lat' dir='ltr'><strong>consulatu</strong></span> <span class='ocrx_word' id='word_1_140' title='bbox 1465 1067 1565 1109; x_wconf 87' lang='grc'>(691)</span> <span class='ocrx_word' id='word_1_141' title='bbox 1590 1068 1647 1100; x_wconf 85' lang='lat' dir='ltr'><strong>in-</strong></span> 
     </span>
     <span class='ocr_line' id='line_1_18' title="bbox 164 1114 1651 1166; baseline -0.003 -13"><span class='ocrx_word' id='word_1_142' title='bbox 164 1120 302 1166; x_wconf 83' lang='lat' dir='ltr'><strong>primis</strong></span> <span class='ocrx_word' id='word_1_143' title='bbox 329 1118 427 1163; x_wconf 85' lang='lat' dir='ltr'><strong>quod</strong></span> <span class='ocrx_word' id='word_1_144' title='bbox 454 1118 591 1151; x_wconf 86' lang='lat' dir='ltr'><strong>retulit</strong></span> <span class='ocrx_word' id='word_1_145' title='bbox 616 1116 661 1149; x_wconf 87' lang='lat' dir='ltr'><strong>de</strong></span> <span class='ocrx_word' id='word_1_146' title='bbox 688 1114 1026 1160; x_wconf 76' lang='lat' dir='ltr'><strong>supplicationibus</strong></span> <span class='ocrx_word' id='word_1_147' title='bbox 1053 1114 1302 1148; x_wconf 76' lang='lat' dir='ltr'><strong>decernendis</strong></span> <span class='ocrx_word' id='word_1_148' title='bbox 1337 1126 1379 1148; x_wconf 86' lang='lat' dir='ltr'><strong>re</strong></span> <span class='ocrx_word' id='word_1_149' title='bbox 1405 1114 1556 1159; x_wconf 81' lang='lat' dir='ltr'><strong>publica</strong></span> <span class='ocrx_word' id='word_1_150' title='bbox 1582 1115 1651 1149; x_wconf 83' lang='lat' dir='ltr'><strong>Mi-</strong></span> 
     </span>
     <span class='ocr_line' id='line_1_19' title="bbox 164 1161 1651 1210; baseline -0.005 -7"><span class='ocrx_word' id='word_1_151' title='bbox 164 1168 371 1204; x_wconf 84' lang='lat' dir='ltr'><strong>thridatico</strong></span> <span class='ocrx_word' id='word_1_152' title='bbox 407 1165 511 1199; x_wconf 83' lang='lat' dir='ltr'><strong>bello</strong></span> <span class='ocrx_word' id='word_1_153' title='bbox 551 1162 776 1198; x_wconf 85' lang='lat' dir='ltr'><strong>felicissime</strong></span> <span class='ocrx_word' id='word_1_154' title='bbox 803 1169 920 1210; x_wconf 80' lang='lat' dir='ltr'><strong>gesta.</strong></span> <span class='ocrx_word' id='word_1_155' title='bbox 968 1162 1052 1196; x_wconf 86' lang='lat' dir='ltr'><strong>Vid.</strong></span> <span class='ocrx_word' id='word_1_156' title='bbox 1093 1162 1193 1196; x_wconf 83' lang='lat' dir='ltr'><strong>Orat.</strong></span> <span class='ocrx_word' id='word_1_157' title='bbox 1229 1161 1273 1195; x_wconf 81' lang='lat' dir='ltr'><strong>de</strong></span> <span class='ocrx_word' id='word_1_158' title='bbox 1306 1163 1475 1206; x_wconf 83' lang='lat' dir='ltr'><strong>provinc.</strong></span> <span class='ocrx_word' id='word_1_159' title='bbox 1509 1163 1651 1196; x_wconf 85' lang='lat' dir='ltr'><strong>consul.</strong></span> 
     </span>
     <span class='ocr_line' id='line_1_20' title="bbox 166 1210 1651 1256; baseline -0.005 -5"><span class='ocrx_word' id='word_1_160' title='bbox 166 1229 198 1251; x_wconf 90' lang='lat' dir='ltr'><strong>c.</strong></span> <span class='ocrx_word' id='word_1_161' title='bbox 227 1219 280 1250; x_wconf 87' lang='lat'><strong>11.</strong></span> <span class='ocrx_word' id='word_1_162' title='bbox 307 1215 353 1248; x_wconf 85' lang='lat' dir='ltr'><strong>ad</strong></span> <span class='ocrx_word' id='word_1_163' title='bbox 379 1213 419 1256; x_wconf 83' lang='lat' dir='ltr'><strong>Q.</strong></span> <span class='ocrx_word' id='word_1_164' title='bbox 446 1213 572 1246; x_wconf 84' lang='lat' dir='ltr'><strong>Fratr.</strong></span> <span class='ocrx_word' id='word_1_165' title='bbox 599 1211 668 1253; x_wconf 88' lang='lat' dir='ltr'>III,</span> <span class='ocrx_word' id='word_1_166' title='bbox 696 1212 718 1245; x_wconf 88' lang='grc'>4</span> <span class='ocrx_word' id='word_1_167' title='bbox 745 1210 835 1254; x_wconf 79' lang='lat' dir='ltr'>(CL,</span> <span class='ocrx_word' id='word_1_168' title='bbox 862 1212 910 1254; x_wconf 86' lang='lat'><strong>3).</strong></span> <span class='ocrx_word' id='word_1_169' title='bbox 947 1210 1078 1244; x_wconf 75' lang='lat' dir='ltr'><strong>MAN.</strong></span> <span class='ocrx_word' id='word_1_170' title='bbox 1116 1228 1158 1233; x_wconf 97' lang='lat'><strong>—</strong></span> <span class='ocrx_word' id='word_1_171' title='bbox 1193 1210 1385 1252; x_wconf 72' lang='lat' dir='ltr'><strong>sententia,</strong></span> <span class='ocrx_word' id='word_1_172' title='bbox 1413 1221 1524 1255; x_wconf 77' lang='lat' dir='ltr'><strong>quam</strong></span> <span class='ocrx_word' id='word_1_173' title='bbox 1551 1210 1651 1245; x_wconf 73' lang='lat' dir='ltr'><strong>dixit</strong></span> 
     </span>
     <span class='ocr_line' id='line_1_21' title="bbox 167 1257 1651 1304; baseline -0.004 -6"><span class='ocrx_word' id='word_1_174' title='bbox 167 1266 206 1298; x_wconf 89' lang='lat' dir='ltr'><strong>in</strong></span> <span class='ocrx_word' id='word_1_175' title='bbox 233 1270 363 1298; x_wconf 79' lang='lat' dir='ltr'><strong>senatu</strong></span> <span class='ocrx_word' id='word_1_176' title='bbox 389 1262 434 1295; x_wconf 89' lang='lat' dir='ltr'><strong>de</strong></span> <span class='ocrx_word' id='word_1_177' title='bbox 459 1260 587 1294; x_wconf 85' lang='lat' dir='ltr'><strong>reditu</strong></span> <span class='ocrx_word' id='word_1_178' title='bbox 612 1270 706 1293; x_wconf 87' lang='lat' dir='ltr'><strong>meo.</strong></span> <span class='ocrx_word' id='word_1_179' title='bbox 757 1259 857 1292; x_wconf 81' lang='lat' dir='ltr'><strong>Orat.</strong></span> <span class='ocrx_word' id='word_1_180' title='bbox 883 1268 954 1304; x_wconf 86' lang='lat' dir='ltr'><strong>pro</strong></span> <span class='ocrx_word' id='word_1_181' title='bbox 979 1257 1108 1291; x_wconf 77' lang='lat' dir='ltr'><strong>Milon.</strong></span> <span class='ocrx_word' id='word_1_182' title='bbox 1137 1268 1167 1290; x_wconf 92' lang='lat' dir='ltr'><strong>c.</strong></span> <span class='ocrx_word' id='word_1_183' title='bbox 1199 1259 1267 1291; x_wconf 88' lang='lat'><strong>15:</strong></span> <span class='ocrx_word' id='word_1_184' title='bbox 1294 1257 1397 1291; x_wconf 88' lang='lat' dir='ltr'><strong>cuius</strong></span> <span class='ocrx_word' id='word_1_185' title='bbox 1425 1259 1651 1293; x_wconf 84' lang='lat' dir='ltr'><strong>sententiam</strong></span> 
     </span>
     <span class='ocr_line' id='line_1_22' title="bbox 165 1305 1652 1354; baseline -0.005 -6"><span class='ocrx_word' id='word_1_186' title='bbox 165 1317 314 1348; x_wconf 81' lang='lat' dir='ltr'><strong>senatus</strong></span> <span class='ocrx_word' id='word_1_187' title='bbox 340 1309 461 1345; x_wconf 83' lang='lat' dir='ltr'><strong>omnis</strong></span> <span class='ocrx_word' id='word_1_188' title='bbox 500 1308 546 1342; x_wconf 86' lang='lat' dir='ltr'><strong>de</strong></span> <span class='ocrx_word' id='word_1_189' title='bbox 581 1308 702 1341; x_wconf 82' lang='lat' dir='ltr'><strong>salute</strong></span> <span class='ocrx_word' id='word_1_190' title='bbox 735 1318 817 1340; x_wconf 80' lang='lat' dir='ltr'><strong>mea</strong></span> <span class='ocrx_word' id='word_1_191' title='bbox 843 1306 1109 1354; x_wconf 80' lang='lat' dir='ltr'><strong>gravissimam</strong></span> <span class='ocrx_word' id='word_1_192' title='bbox 1142 1311 1179 1339; x_wconf 86' lang='lat' dir='ltr'><strong>et</strong></span> <span class='ocrx_word' id='word_1_193' title='bbox 1203 1305 1479 1339; x_wconf 79' lang='lat' dir='ltr'><strong>ornatissimam</strong></span> <span class='ocrx_word' id='word_1_194' title='bbox 1504 1313 1652 1340; x_wconf 81' lang='lat' dir='ltr'><strong>secutus</strong></span> 
     </span>
     <span class='ocr_line' id='line_1_23' title="bbox 168 1352 1651 1401; baseline -0.006 -5"><span class='ocrx_word' id='word_1_195' title='bbox 168 1368 234 1396; x_wconf 86' lang='lat' dir='ltr'><strong>est.</strong></span> <span class='ocrx_word' id='word_1_196' title='bbox 261 1359 392 1394; x_wconf 80' lang='lat' dir='ltr'><strong>MAN.</strong></span> <span class='ocrx_word' id='word_1_197' title='bbox 420 1378 462 1383; x_wconf 91' lang='lat'><strong>—</strong></span> <span class='ocrx_word' id='word_1_198' title='bbox 489 1368 554 1400; x_wconf 78' lang='lat' dir='ltr'><strong>per</strong></span> <span class='ocrx_word' id='word_1_199' title='bbox 579 1367 630 1398; x_wconf 82' lang='lat' dir='ltr'><strong>se,</strong></span> <span class='ocrx_word' id='word_1_200' title='bbox 656 1357 721 1389; x_wconf 83' lang='lat' dir='ltr'><strong>fiir</strong></span> <span class='ocrx_word' id='word_1_201' title='bbox 736 1354 818 1388; x_wconf 80' lang='lat' dir='ltr'><strong>sich</strong></span> <span class='ocrx_word' id='word_1_202' title='bbox 837 1354 965 1395; x_wconf 83' lang='lat' dir='ltr'><strong>selbst‚</strong></span> <span class='ocrx_word' id='word_1_203' title='bbox 993 1353 1046 1386; x_wconf 84' lang='lat' dir='ltr'><strong>im</strong></span> <span class='ocrx_word' id='word_1_204' title='bbox 1063 1352 1227 1401; x_wconf 80' lang='lat' dir='ltr'><strong>Gegens.</strong></span> <span class='ocrx_word' id='word_1_205' title='bbox 1251 1364 1324 1387; x_wconf 82' lang='lat' dir='ltr'><strong>von</strong></span> <span class='ocrx_word' id='word_1_206' title='bbox 1345 1357 1470 1394; x_wconf 77' lang='lat' dir='ltr'><strong>tecum,</strong></span> <span class='ocrx_word' id='word_1_207' title='bbox 1497 1354 1537 1388; x_wconf 88' lang='lat' dir='ltr'><strong>in</strong></span> <span class='ocrx_word' id='word_1_208' title='bbox 1554 1355 1651 1388; x_wconf 82' lang='lat' dir='ltr'><strong>Ver-</strong></span> 
     </span>
     <span class='ocr_line' id='line_1_24' title="bbox 166 1401 1651 1456; baseline -0.005 -14"><span class='ocrx_word' id='word_1_209' title='bbox 166 1409 337 1456; x_wconf 77' lang='lat' dir='ltr'><strong>bindung</strong></span> <span class='ocrx_word' id='word_1_210' title='bbox 363 1406 434 1440; x_wconf 86' lang='lat' dir='ltr'><strong>mit</strong></span> <span class='ocrx_word' id='word_1_211' title='bbox 457 1406 541 1440; x_wconf 87' lang='lat' dir='ltr'><strong>Dir.</strong></span> <span class='ocrx_word' id='word_1_212' title='bbox 569 1423 611 1429; x_wconf 92' lang='lat'>—</span> <span class='ocrx_word' id='word_1_213' title='bbox 638 1403 847 1437; x_wconf 72' lang='lat' dir='ltr'><strong>adiuvisset.</strong></span> <span class='ocrx_word' id='word_1_214' title='bbox 875 1401 911 1436; x_wconf 91' lang='lat' dir='ltr'><strong>S.</strong></span> <span class='ocrx_word' id='word_1_215' title='bbox 938 1402 1039 1435; x_wconf 82' lang='lat' dir='ltr'><strong>Orat.</strong></span> <span class='ocrx_word' id='word_1_216' title='bbox 1068 1413 1139 1446; x_wconf 85' lang='lat' dir='ltr'><strong>pro</strong></span> <span class='ocrx_word' id='word_1_217' title='bbox 1166 1401 1247 1434; x_wconf 82' lang='lat' dir='ltr'><strong>Mil.</strong></span> <span class='ocrx_word' id='word_1_218' title='bbox 1276 1413 1306 1434; x_wconf 90' lang='lat' dir='ltr'><strong>c.</strong></span> <span class='ocrx_word' id='word_1_219' title='bbox 1334 1403 1399 1436; x_wconf 88' lang='lat'><strong>15:</strong></span> <span class='ocrx_word' id='word_1_220' title='bbox 1425 1402 1651 1448; x_wconf 83' lang='lat' dir='ltr'><strong>„Pompeius</strong></span> 
     </span>
     <span class='ocr_line' id='line_1_25' title="bbox 167 1447 1649 1498; baseline -0.005 -7"><span class='ocrx_word' id='word_1_221' title='bbox 167 1463 297 1492; x_wconf 80' lang='lat' dir='ltr'><strong>auctor</strong></span> <span class='ocrx_word' id='word_1_222' title='bbox 324 1455 442 1498; x_wconf 89' lang='lat' dir='ltr'><strong>(denn</strong></span> <span class='ocrx_word' id='word_1_223' title='bbox 470 1465 511 1486; x_wconf 91' lang='lat' dir='ltr'><strong>er</strong></span> <span class='ocrx_word' id='word_1_224' title='bbox 535 1463 618 1487; x_wconf 82' lang='lat' dir='ltr'><strong>war</strong></span> <span class='ocrx_word' id='word_1_225' title='bbox 643 1451 784 1485; x_wconf 82' lang='lat' dir='ltr'><strong>damals</strong></span> <span class='ocrx_word' id='word_1_226' title='bbox 813 1450 958 1485; x_wconf 79' lang='lat' dir='ltr'><strong>blosser</strong></span> <span class='ocrx_word' id='word_1_227' title='bbox 983 1447 1172 1495; x_wconf 78' lang='lat' dir='ltr'><strong>privatus)</strong></span> <span class='ocrx_word' id='word_1_228' title='bbox 1199 1455 1236 1483; x_wconf 88' lang='lat' dir='ltr'><strong>et</strong></span> <span class='ocrx_word' id='word_1_229' title='bbox 1262 1449 1336 1482; x_wconf 79' lang='lat' dir='ltr'><strong>dux</strong></span> <span class='ocrx_word' id='word_1_230' title='bbox 1362 1450 1437 1484; x_wconf 83' lang='lat' dir='ltr'><strong>mei</strong></span> <span class='ocrx_word' id='word_1_231' title='bbox 1463 1450 1649 1484; x_wconf 88' lang='lat' dir='ltr'><strong>reditus.“</strong></span> 
     </span>
     <span class='ocr_line' id='line_1_26' title="bbox 167 1497 1650 1546; baseline -0.005 -6"><span class='ocrx_word' id='word_1_232' title='bbox 167 1504 351 1540; x_wconf 86' lang='lat' dir='ltr'><strong>Lentulus</strong></span> <span class='ocrx_word' id='word_1_233' title='bbox 378 1502 466 1536; x_wconf 85' lang='lat' dir='ltr'><strong>aber</strong></span> <span class='ocrx_word' id='word_1_234' title='bbox 489 1501 595 1536; x_wconf 83' lang='lat' dir='ltr'><strong>hatte</strong></span> <span class='ocrx_word' id='word_1_235' title='bbox 621 1500 676 1534; x_wconf 87' lang='lat' dir='ltr'><strong>als</strong></span> <span class='ocrx_word' id='word_1_236' title='bbox 702 1499 841 1534; x_wconf 84' lang='lat' dir='ltr'><strong>Consul</strong></span> <span class='ocrx_word' id='word_1_237' title='bbox 866 1499 1079 1545; x_wconf 79' lang='lat' dir='ltr'><strong>designatus</strong></span> <span class='ocrx_word' id='word_1_238' title='bbox 1105 1498 1159 1531; x_wconf 86' lang='lat' dir='ltr'><strong>im</strong></span> <span class='ocrx_word' id='word_1_239' title='bbox 1176 1497 1312 1532; x_wconf 82' lang='lat' dir='ltr'><strong>Senate</strong></span> <span class='ocrx_word' id='word_1_240' title='bbox 1331 1497 1466 1532; x_wconf 83' lang='lat' dir='ltr'><strong>darauf</strong></span> <span class='ocrx_word' id='word_1_241' title='bbox 1483 1498 1650 1546; x_wconf 85' lang='lat' dir='ltr'><strong>gedrun-</strong></span> 
     </span>
     <span class='ocr_line' id='line_1_27' title="bbox 167 1546 1704 1602; baseline -0.005 -14"><span class='ocrx_word' id='word_1_242' title='bbox 167 1565 253 1602; x_wconf 82' lang='lat' dir='ltr'><strong>gen,</strong></span> <span class='ocrx_word' id='word_1_243' title='bbox 279 1557 533 1601; x_wconf 77' lang='lat' dir='ltr'><strong>angetragen:</strong></span> <span class='ocrx_word' id='word_1_244' title='bbox 573 1560 661 1582; x_wconf 83' lang='lat' dir='ltr'><strong>man</strong></span> <span class='ocrx_word' id='word_1_245' title='bbox 695 1551 818 1582; x_wconf 85' lang='lat' dir='ltr'><strong>miisse</strong></span> <span class='ocrx_word' id='word_1_246' title='bbox 851 1547 924 1581; x_wconf 89' lang='lat' dir='ltr'><strong>den</strong></span> <span class='ocrx_word' id='word_1_247' title='bbox 952 1547 1083 1581; x_wconf 85' lang='lat' dir='ltr'><strong>Cicero</strong></span> <span class='ocrx_word' id='word_1_248' title='bbox 1108 1558 1171 1579; x_wconf 82' lang='lat' dir='ltr'><strong>aus</strong></span> <span class='ocrx_word' id='word_1_249' title='bbox 1205 1546 1291 1580; x_wconf 86' lang='lat' dir='ltr'><strong>dem</strong></span> <span class='ocrx_word' id='word_1_250' title='bbox 1316 1546 1461 1579; x_wconf 85' lang='lat' dir='ltr'><strong>Elende</strong></span> <span class='ocrx_word' id='word_1_251' title='bbox 1487 1547 1650 1580; x_wconf 82' lang='lat' dir='ltr'><strong>zuriick-</strong></span> <span class='ocrx_word' id='word_1_252' title='bbox 1700 1569 1704 1571; x_wconf 59' lang='lat'>&gt;</span> 
     </span>
     <span class='ocr_line' id='line_1_28' title="bbox 167 1594 1650 1644; baseline -0.004 -9"><span class='ocrx_word' id='word_1_253' title='bbox 167 1603 289 1635; x_wconf 84' lang='lat' dir='ltr'><strong>rufen.</strong></span> <span class='ocrx_word' id='word_1_254' title='bbox 341 1599 377 1637; x_wconf 83' lang='lat' dir='ltr'><strong>S.</strong></span> <span class='ocrx_word' id='word_1_255' title='bbox 405 1599 503 1633; x_wconf 82' lang='lat' dir='ltr'><strong>Orat.</strong></span> <span class='ocrx_word' id='word_1_256' title='bbox 539 1609 611 1644; x_wconf 84' lang='lat' dir='ltr'><strong>pro</strong></span> <span class='ocrx_word' id='word_1_257' title='bbox 649 1596 748 1631; x_wconf 77' lang='lat' dir='ltr'><strong>Sext.</strong></span> <span class='ocrx_word' id='word_1_258' title='bbox 785 1607 817 1631; x_wconf 89' lang='lat' dir='ltr'><strong>c.</strong></span> <span class='ocrx_word' id='word_1_259' title='bbox 844 1597 903 1631; x_wconf 82' lang='lat'><strong>32.</strong></span> <span class='ocrx_word' id='word_1_260' title='bbox 938 1616 980 1621; x_wconf 85' lang='lat'>-</span> <span class='ocrx_word' id='word_1_261' title='bbox 1017 1606 1121 1628; x_wconf 85' lang='lat' dir='ltr'><strong>suam</strong></span> <span class='ocrx_word' id='word_1_262' title='bbox 1154 1595 1380 1628; x_wconf 67' lang='lat' dir='ltr'><strong>voluntatem</strong></span> <span class='ocrx_word' id='word_1_263' title='bbox 1409 1595 1458 1627; x_wconf 79' lang='lat' dir='ltr'><strong>ad</strong></span> <span class='ocrx_word' id='word_1_264' title='bbox 1489 1594 1650 1629; x_wconf 83' lang='lat' dir='ltr'><strong>alicuius</strong></span> 
     </span>
     <span class='ocr_line' id='line_1_29' title="bbox 168 1641 1654 1691; baseline -0.003 -8"><span class='ocrx_word' id='word_1_265' title='bbox 168 1650 389 1691; x_wconf 75' lang='lat' dir='ltr'><strong>(lignitatem</strong></span> <span class='ocrx_word' id='word_1_266' title='bbox 413 1657 643 1691; x_wconf 75' lang='lat' dir='ltr'><strong>aggregare,</strong></span> <span class='ocrx_word' id='word_1_267' title='bbox 669 1646 813 1680; x_wconf 85' lang='lat' dir='ltr'><strong>seinem</strong></span> <span class='ocrx_word' id='word_1_268' title='bbox 829 1644 984 1680; x_wconf 87' lang='lat' dir='ltr'><strong>Willen</strong></span> <span class='ocrx_word' id='word_1_269' title='bbox 1010 1643 1093 1677; x_wconf 86' lang='lat' dir='ltr'><strong>eine</strong></span> <span class='ocrx_word' id='word_1_270' title='bbox 1119 1641 1315 1690; x_wconf 80' lang='lat' dir='ltr'><strong>Richtung</strong></span> <span class='ocrx_word' id='word_1_271' title='bbox 1340 1641 1472 1689; x_wconf 83' lang='lat' dir='ltr'><strong>geben,</strong></span> <span class='ocrx_word' id='word_1_272' title='bbox 1499 1642 1559 1677; x_wconf 87' lang='lat' dir='ltr'><strong>die</strong></span> <span class='ocrx_word' id='word_1_273' title='bbox 1585 1643 1654 1677; x_wconf 88' lang='lat' dir='ltr'><strong>der</strong></span> 
     </span>
    </p>
   </div>
   <div class='ocr_carea' id='block_1_6' title="bbox 168 1689 1720 1740">
    <p class='ocr_par' dir='ltr' id='par_1_6' title="bbox 168 1689 1720 1740">
     <span class='ocr_line' id='line_1_30' title="bbox 168 1689 1720 1740; baseline -0.006 -8"><span class='ocrx_word' id='word_1_274' title='bbox 168 1697 319 1733; x_wconf 79' lang='lat' dir='ltr'><strong>Wiirde</strong></span> <span class='ocrx_word' id='word_1_275' title='bbox 346 1696 448 1730; x_wconf 84' lang='lat' dir='ltr'><strong>eines</strong></span> <span class='ocrx_word' id='word_1_276' title='bbox 473 1695 649 1729; x_wconf 86' lang='lat' dir='ltr'><strong>Anderen</strong></span> <span class='ocrx_word' id='word_1_277' title='bbox 675 1699 827 1740; x_wconf 82' lang='lat' dir='ltr'><strong>zusagt3</strong></span> <span class='ocrx_word' id='word_1_278' title='bbox 861 1691 945 1726; x_wconf 85' lang='lat' dir='ltr'><strong>sich</strong></span> <span class='ocrx_word' id='word_1_279' title='bbox 975 1691 1015 1724; x_wconf 87' lang='lat' dir='ltr'><strong>in</strong></span> <span class='ocrx_word' id='word_1_280' title='bbox 1049 1691 1120 1725; x_wconf 89' lang='lat' dir='ltr'><strong>den</strong></span> <span class='ocrx_word' id='word_1_281' title='bbox 1146 1689 1301 1726; x_wconf 81' lang='lat' dir='ltr'><strong>VVillen</strong></span> <span class='ocrx_word' id='word_1_282' title='bbox 1332 1690 1434 1724; x_wconf 85' lang='lat' dir='ltr'><strong>eines</strong></span> <span class='ocrx_word' id='word_1_283' title='bbox 1471 1690 1651 1737; x_wconf 89' lang='lat' dir='ltr'><strong>Hochge-</strong></span> <span class='ocrx_word' id='word_1_284' title='bbox 1714 1718 1720 1722; x_wconf 85' lang='grc'><strong>.</strong></span> 
     </span>
    </p>
   </div>
   <div class='ocr_carea' id='block_1_7' title="bbox 169 1740 1713 2792">
    <p class='ocr_par' dir='ltr' id='par_1_7' title="bbox 169 1740 1713 2792">
     <span class='ocr_line' id='line_1_31' title="bbox 169 1740 1705 1791; baseline -0.01 -10"><span class='ocrx_word' id='word_1_285' title='bbox 169 1746 333 1781; x_wconf 82' lang='lat' dir='ltr'><strong>seierten</strong></span> <span class='ocrx_word' id='word_1_286' title='bbox 357 1747 490 1791; x_wconf 80' lang='lat' dir='ltr'><strong>fiigen,</strong></span> <span class='ocrx_word' id='word_1_287' title='bbox 519 1755 566 1776; x_wconf 82' lang='lat' dir='ltr'><strong>an</strong></span> <span class='ocrx_word' id='word_1_288' title='bbox 591 1743 660 1776; x_wconf 84' lang='lat' dir='ltr'><strong>ihn</strong></span> <span class='ocrx_word' id='word_1_289' title='bbox 686 1740 954 1779; x_wconf 74' lang='lat' dir='ltr'><strong>ansehliessen.</strong></span> <span class='ocrx_word' id='word_1_290' title='bbox 1699 1775 1705 1782; x_wconf 29' lang='lat'>³</span> 
     </span>
     <span class='ocr_line' id='line_1_32' title="bbox 267 1786 1653 1829; baseline -0.004 -1"><span class='ocrx_word' id='word_1_291' title='bbox 267 1796 324 1828; x_wconf 86' lang='lat'><strong>12.</strong></span> <span class='ocrx_word' id='word_1_292' title='bbox 351 1794 396 1826; x_wconf 79' lang='lat' dir='ltr'><strong>In</strong></span> <span class='ocrx_word' id='word_1_293' title='bbox 421 1791 488 1826; x_wconf 76' lang='lat' dir='ltr'><strong>leae</strong></span> <span class='ocrx_word' id='word_1_294' title='bbox 513 1795 589 1824; x_wconf 79' lang='lat' dir='ltr'><strong>sent</strong></span> <span class='ocrx_word' id='word_1_295' title='bbox 614 1816 622 1823; x_wconf 94' lang='lat'><strong>.</strong></span> <span class='ocrx_word' id='word_1_296' title='bbox 643 1816 650 1824; x_wconf 90' lang='lat'><strong>.</strong></span> <span class='ocrx_word' id='word_1_297' title='bbox 669 1815 676 1822; x_wconf 93' lang='lat'><strong>.</strong></span> <span class='ocrx_word' id='word_1_298' title='bbox 706 1790 858 1829; x_wconf 75' lang='lat' dir='ltr'><strong>Caesar,</strong></span> <span class='ocrx_word' id='word_1_299' title='bbox 883 1789 989 1822; x_wconf 81' lang='lat' dir='ltr'><strong>hatte</strong></span> <span class='ocrx_word' id='word_1_300' title='bbox 1016 1786 1080 1820; x_wconf 87' lang='lat' dir='ltr'><strong>ich</strong></span> <span class='ocrx_word' id='word_1_301' title='bbox 1099 1786 1204 1821; x_wconf 86' lang='lat' dir='ltr'><strong>mich</strong></span> <span class='ocrx_word' id='word_1_302' title='bbox 1230 1786 1319 1821; x_wconf 84' lang='lat' dir='ltr'><strong>aber</strong></span> <span class='ocrx_word' id='word_1_303' title='bbox 1343 1786 1514 1822; x_wconf 86' lang='lat' dir='ltr'><strong>einmahl</strong></span> <span class='ocrx_word' id='word_1_304' title='bbox 1538 1787 1653 1822; x_wconf 86' lang='lat' dir='ltr'><strong>hiezu</strong></span> 
     </span>
     <span class='ocr_line' id='line_1_33' title="bbox 171 1835 1653 1883; baseline -0.006 -6"><span class='ocrx_word' id='word_1_305' title='bbox 171 1841 441 1882; x_wconf 86' lang='lat' dir='ltr'><strong>entschlossen‚</strong></span> <span class='ocrx_word' id='word_1_306' title='bbox 473 1850 514 1873; x_wconf 86' lang='lat' dir='ltr'><strong>so</strong></span> <span class='ocrx_word' id='word_1_307' title='bbox 539 1845 678 1872; x_wconf 83' lang='lat' dir='ltr'><strong>musste</strong></span> <span class='ocrx_word' id='word_1_308' title='bbox 706 1837 769 1871; x_wconf 88' lang='lat' dir='ltr'><strong>ich</strong></span> <span class='ocrx_word' id='word_1_309' title='bbox 795 1838 866 1870; x_wconf 85' lang='lat' dir='ltr'><strong>mit</strong></span> <span class='ocrx_word' id='word_1_310' title='bbox 891 1835 1089 1870; x_wconf 85' lang='lat' dir='ltr'><strong>derselben</strong></span> <span class='ocrx_word' id='word_1_311' title='bbox 1115 1835 1339 1883; x_wconf 80' lang='lat' dir='ltr'><strong>Gesinnung·</strong></span> <span class='ocrx_word' id='word_1_312' title='bbox 1364 1835 1461 1869; x_wconf 87' lang='lat' dir='ltr'><strong>auch</strong></span> <span class='ocrx_word' id='word_1_313' title='bbox 1487 1835 1560 1870; x_wconf 92' lang='lat' dir='ltr'><strong>den</strong></span> <span class='ocrx_word' id='word_1_314' title='bbox 1585 1836 1653 1871; x_wconf 73' lang='grc' dir='ltr'><strong>(3ὲί-</strong></span> 
     </span>
     <span class='ocr_line' id='line_1_34' title="bbox 172 1882 1654 1926; baseline -0.005 -1"><span class='ocrx_word' id='word_1_315' title='bbox 172 1902 231 1925; x_wconf 84' lang='lat' dir='ltr'><strong>sar</strong></span> <span class='ocrx_word' id='word_1_316' title='bbox 255 1890 454 1923; x_wconf 84' lang='lat' dir='ltr'><strong>umfassen.</strong></span> <span class='ocrx_word' id='word_1_317' title='bbox 484 1906 529 1912; x_wconf 92' lang='lat'><strong>—</strong></span> <span class='ocrx_word' id='word_1_318' title='bbox 555 1888 594 1920; x_wconf 71' lang='lat' dir='ltr'><strong>in</strong></span> <span class='ocrx_word' id='word_1_319' title='bbox 620 1886 711 1920; x_wconf 77' lang='lat' dir='ltr'><strong>coni.</strong></span> <span class='ocrx_word' id='word_1_320' title='bbox 739 1910 747 1919; x_wconf 93' lang='lat'><strong>.</strong></span> <span class='ocrx_word' id='word_1_321' title='bbox 775 1910 783 1918; x_wconf 93' lang='lat'><strong>.</strong></span> <span class='ocrx_word' id='word_1_322' title='bbox 811 1885 992 1926; x_wconf 73' lang='lat' dir='ltr'><strong>(lignitate</strong></span> <span class='ocrx_word' id='word_1_323' title='bbox 1018 1898 1067 1914; x_wconf 68' lang='lat' dir='ltr'><strong><em>z</em></strong></span> <span class='ocrx_word' id='word_1_324' title='bbox 1107 1882 1151 1916; x_wconf 86' lang='lat' dir='ltr'><strong>da</strong></span> <span class='ocrx_word' id='word_1_325' title='bbox 1175 1882 1284 1916; x_wconf 83' lang='lat' dir='ltr'><strong>beide</strong></span> <span class='ocrx_word' id='word_1_326' title='bbox 1317 1895 1363 1916; x_wconf 89' lang='lat' dir='ltr'><strong>an</strong></span> <span class='ocrx_word' id='word_1_327' title='bbox 1389 1883 1540 1918; x_wconf 73' lang='lat' dir='ltr'><strong>Wiirde</strong></span> <span class='ocrx_word' id='word_1_328' title='bbox 1571 1884 1654 1918; x_wconf 88' lang='lat' dir='ltr'><strong>sich</strong></span> 
     </span>
     <span class='ocr_line' id='line_1_35' title="bbox 171 1929 1653 1986; baseline -0.007 -14"><span class='ocrx_word' id='word_1_329' title='bbox 171 1937 304 1986; x_wconf 84' lang='lat' dir='ltr'><strong>gleich</strong></span> <span class='ocrx_word' id='word_1_330' title='bbox 337 1936 421 1971; x_wconf 82' lang='lat' dir='ltr'><strong>sind</strong></span> <span class='ocrx_word' id='word_1_331' title='bbox 457 1935 532 1968; x_wconf 87' lang='lat' dir='ltr'><strong>und</strong></span> <span class='ocrx_word' id='word_1_332' title='bbox 569 1931 954 1982; x_wconf 79' lang='lat' dir='ltr'><strong>gemeinschaftliche</strong></span> <span class='ocrx_word' id='word_1_333' title='bbox 990 1930 1109 1964; x_wconf 79' lang='lat' dir='ltr'><strong>Sache</strong></span> <span class='ocrx_word' id='word_1_334' title='bbox 1136 1929 1315 1978; x_wconf 83' lang='lat' dir='ltr'><strong>gemacht</strong></span> <span class='ocrx_word' id='word_1_335' title='bbox 1350 1930 1485 1965; x_wconf 85' lang='lat' dir='ltr'><strong>haben.</strong></span> <span class='ocrx_word' id='word_1_336' title='bbox 1538 1932 1578 1965; x_wconf 73' lang='lat' dir='ltr'><strong>in</strong></span> <span class='ocrx_word' id='word_1_337' title='bbox 1602 1944 1653 1961; x_wconf 71' lang='lat' dir='ltr'><em>z</em></span> 
     </span>
     <span class='ocr_line' id='line_1_36' title="bbox 171 1978 1695 2028; baseline 0.001 -15"><span class='ocrx_word' id='word_1_338' title='bbox 171 1986 254 2028; x_wconf 80' lang='lat' dir='ltr'><strong>bei;</strong></span> <span class='ocrx_word' id='word_1_339' title='bbox 281 1986 326 2019; x_wconf 78' lang='lat' dir='ltr'><strong>da</strong></span> <span class='ocrx_word' id='word_1_340' title='bbox 351 1984 441 2017; x_wconf 74' lang='lat' dir='ltr'><strong>hier</strong></span> <span class='ocrx_word' id='word_1_341' title='bbox 466 1981 705 2018; x_wconf 84' lang='lat' dir='ltr'><strong>obwaltende</strong></span> <span class='ocrx_word' id='word_1_342' title='bbox 732 1979 937 2014; x_wconf 62' lang='lat' dir='ltr'><strong>Umst‘zinde</strong></span> <span class='ocrx_word' id='word_1_343' title='bbox 962 1978 1183 2022; x_wconf 78' lang='lat' dir='ltr'><strong>angegeben</strong></span> <span class='ocrx_word' id='word_1_344' title='bbox 1208 1978 1375 2013; x_wconf 82' lang='lat' dir='ltr'><strong>werden.</strong></span> <span class='ocrx_word' id='word_1_345' title='bbox 1437 1978 1474 2013; x_wconf 88' lang='lat' dir='ltr'><strong>S.</strong></span> <span class='ocrx_word' id='word_1_346' title='bbox 1499 1979 1652 2014; x_wconf 82' lang='lat' dir='ltr'><strong>Ramsh.</strong></span> <span class='ocrx_word' id='word_1_347' title='bbox 1692 1992 1695 1995; x_wconf 89' lang='lat'>·</span> 
     </span>
     <span class='ocr_line' id='line_1_37' title="bbox 171 2027 1655 2078; baseline -0.006 -11"><span class='ocrx_word' id='word_1_348' title='bbox 171 2036 200 2078; x_wconf 64' lang='grc' dir='ltr'><strong>ξ).</strong></span> <span class='ocrx_word' id='word_1_349' title='bbox 229 2036 310 2076; x_wconf 86' lang='grc'>150,</span> <span class='ocrx_word' id='word_1_350' title='bbox 338 2035 373 2075; x_wconf 86' lang='grc'><strong>2,</strong></span> <span class='ocrx_word' id='word_1_351' title='bbox 401 2032 435 2065; x_wconf 90' lang='lat' dir='ltr'><strong>b.</strong></span> <span class='ocrx_word' id='word_1_352' title='bbox 491 2033 565 2065; x_wconf 85' lang='lat' dir='ltr'><strong>Das</strong></span> <span class='ocrx_word' id='word_1_353' title='bbox 604 2029 779 2074; x_wconf 83' lang='lat' dir='ltr'><strong>Particip.</strong></span> <span class='ocrx_word' id='word_1_354' title='bbox 818 2029 914 2061; x_wconf 80' lang='lat' dir='ltr'><strong>Pr&#39;a&#39;t.</strong></span> <span class='ocrx_word' id='word_1_355' title='bbox 949 2027 1143 2060; x_wconf 71' lang='lat' dir='ltr'><strong>coniuncta</strong></span> <span class='ocrx_word' id='word_1_356' title='bbox 1175 2040 1225 2057; x_wconf 69' lang='lat' dir='ltr'><em>z</em></span> <span class='ocrx_word' id='word_1_357' title='bbox 1259 2027 1300 2058; x_wconf 89' lang='lat' dir='ltr'><strong>in</strong></span> <span class='ocrx_word' id='word_1_358' title='bbox 1325 2027 1590 2062; x_wconf 76' lang='lat' dir='ltr'><strong>coniunctione</strong></span> <span class='ocrx_word' id='word_1_359' title='bbox 1617 2033 1655 2062; x_wconf 82' lang='lat' dir='ltr'><strong>et</strong></span> 
     </span>
     <span class='ocr_line' id='line_1_38' title="bbox 172 2074 1658 2123; baseline -0.005 -6"><span class='ocrx_word' id='word_1_360' title='bbox 172 2093 301 2117; x_wconf 81' lang='lat' dir='ltr'><strong>causae</strong></span> <span class='ocrx_word' id='word_1_361' title='bbox 337 2087 373 2115; x_wconf 89' lang='lat' dir='ltr'><strong>et</strong></span> <span class='ocrx_word' id='word_1_362' title='bbox 407 2078 623 2123; x_wconf 69' lang='lat' dir='ltr'><strong>dignitatis,</strong></span> <span class='ocrx_word' id='word_1_363' title='bbox 671 2077 731 2111; x_wconf 88' lang='lat' dir='ltr'><strong>bei</strong></span> <span class='ocrx_word' id='word_1_364' title='bbox 767 2075 874 2109; x_wconf 87' lang='lat' dir='ltr'><strong>ihrer</strong></span> <span class='ocrx_word' id='word_1_365' title='bbox 906 2075 1102 2120; x_wconf 62' lang='lat' dir='ltr'><strong>Theilung</strong></span> <span class='ocrx_word' id='word_1_366' title='bbox 1137 2074 1228 2108; x_wconf 83' lang='lat' dir='ltr'><strong>oder</strong></span> <span class='ocrx_word' id='word_1_367' title='bbox 1261 2075 1547 2110; x_wconf 82' lang='lat' dir='ltr'><strong>Gemeinschast</strong></span> <span class='ocrx_word' id='word_1_368' title='bbox 1587 2076 1658 2110; x_wconf 68' lang='lat' dir='ltr'><strong>der</strong></span> 
     </span>
     <span class='ocr_line' id='line_1_39' title="bbox 173 2122 1655 2166; baseline -0.006 -2"><span class='ocrx_word' id='word_1_369' title='bbox 173 2130 292 2166; x_wconf 82' lang='lat' dir='ltr'><strong>Sache</strong></span> <span class='ocrx_word' id='word_1_370' title='bbox 326 2129 402 2162; x_wconf 86' lang='lat' dir='ltr'><strong>und</strong></span> <span class='ocrx_word' id='word_1_371' title='bbox 427 2127 590 2163; x_wconf 77' lang='lat' dir='ltr'><strong>W&#39;iirde.</strong></span> <span class='ocrx_word' id='word_1_372' title='bbox 642 2125 678 2159; x_wconf 93' lang='lat' dir='ltr'><strong>S.</strong></span> <span class='ocrx_word' id='word_1_373' title='bbox 705 2123 858 2159; x_wconf 74' lang='lat' dir='ltr'><strong>Ramsh.</strong></span> <span class='ocrx_word' id='word_1_374' title='bbox 887 2122 915 2165; x_wconf 56' lang='grc' dir='ltr'><strong>ᾗ.</strong></span> <span class='ocrx_word' id='word_1_375' title='bbox 944 2125 1024 2164; x_wconf 86' lang='grc'>171,</span> <span class='ocrx_word' id='word_1_376' title='bbox 1051 2122 1122 2164; x_wconf 80' lang='grc' dir='ltr'>ΙΙΙ,</span> <span class='ocrx_word' id='word_1_377' title='bbox 1149 2124 1183 2161; x_wconf 84' lang='grc'><strong>2,</strong></span> <span class='ocrx_word' id='word_1_378' title='bbox 1219 2124 1306 2157; x_wconf 85' lang='lat' dir='ltr'><strong>Not.</strong></span> <span class='ocrx_word' id='word_1_379' title='bbox 1333 2125 1367 2158; x_wconf 88' lang='lat'><strong>3.</strong></span> <span class='ocrx_word' id='word_1_380' title='bbox 1417 2141 1459 2147; x_wconf 89' lang='lat'><em>—</em></span> <span class='ocrx_word' id='word_1_381' title='bbox 1509 2124 1582 2157; x_wconf 84' lang='lat' dir='ltr'><strong>Hic</strong></span> <span class='ocrx_word' id='word_1_382' title='bbox 1606 2138 1655 2155; x_wconf 69' lang='lat' dir='ltr'><strong>z</strong></span> 
     </span>
     <span class='ocr_line' id='line_1_40' title="bbox 172 2170 1653 2225; baseline -0.005 -12"><span class='ocrx_word' id='word_1_383' title='bbox 172 2191 244 2225; x_wconf 82' lang='lat' dir='ltr'><strong>qua</strong></span> <span class='ocrx_word' id='word_1_384' title='bbox 266 2179 307 2211; x_wconf 88' lang='lat' dir='ltr'><strong>in</strong></span> <span class='ocrx_word' id='word_1_385' title='bbox 331 2189 385 2218; x_wconf 86' lang='lat' dir='ltr'><strong>re,</strong></span> <span class='ocrx_word' id='word_1_386' title='bbox 413 2176 533 2209; x_wconf 83' lang='lat' dir='ltr'><strong>dabei.</strong></span> <span class='ocrx_word' id='word_1_387' title='bbox 562 2192 609 2199; x_wconf 94' lang='lat'>—</span> <span class='ocrx_word' id='word_1_388' title='bbox 633 2178 732 2206; x_wconf 69' lang='lat' dir='ltr'><strong>vetus</strong></span> <span class='ocrx_word' id='word_1_389' title='bbox 757 2171 933 2206; x_wconf 72' lang='lat' dir='ltr'><strong>amicitia.</strong></span> <span class='ocrx_word' id='word_1_390' title='bbox 971 2170 1007 2205; x_wconf 83' lang='lat' dir='ltr'><strong>S.</strong></span> <span class='ocrx_word' id='word_1_391' title='bbox 1034 2171 1132 2203; x_wconf 75' lang='lat' dir='ltr'><strong>Orat.</strong></span> <span class='ocrx_word' id='word_1_392' title='bbox 1162 2171 1207 2204; x_wconf 88' lang='lat' dir='ltr'><strong>de</strong></span> <span class='ocrx_word' id='word_1_393' title='bbox 1233 2181 1343 2216; x_wconf 78' lang='lat' dir='ltr'><strong>prov,</strong></span> <span class='ocrx_word' id='word_1_394' title='bbox 1371 2172 1514 2205; x_wconf 82' lang='lat' dir='ltr'><strong>consul.</strong></span> <span class='ocrx_word' id='word_1_395' title='bbox 1542 2183 1572 2205; x_wconf 90' lang='lat' dir='ltr'><strong>c.</strong></span> <span class='ocrx_word' id='word_1_396' title='bbox 1598 2174 1653 2206; x_wconf 88' lang='lat'><strong>17.</strong></span> 
     </span>
     <span class='ocr_line' id='line_1_41' title="bbox 175 2219 1654 2269; baseline -0.005 -9"><span class='ocrx_word' id='word_1_397' title='bbox 175 2247 217 2252; x_wconf 91' lang='lat'>—</span> <span class='ocrx_word' id='word_1_398' title='bbox 252 2226 469 2265; x_wconf 74' lang='lat' dir='ltr'><strong>liberalitas,</strong></span> <span class='ocrx_word' id='word_1_399' title='bbox 505 2221 856 2269; x_wconf 77' lang='lat' dir='ltr'><strong>Edelmiithigkeit.</strong></span> <span class='ocrx_word' id='word_1_400' title='bbox 909 2237 950 2243; x_wconf 92' lang='lat'><strong>--</strong></span> <span class='ocrx_word' id='word_1_401' title='bbox 1003 2219 1150 2261; x_wconf 77' lang='lat' dir='ltr'><strong>officia,</strong></span> <span class='ocrx_word' id='word_1_402' title='bbox 1194 2219 1463 2253; x_wconf 83' lang='lat' dir='ltr'><strong>verbindliche</strong></span> <span class='ocrx_word' id='word_1_403' title='bbox 1503 2220 1654 2254; x_wconf 87' lang='lat' dir='ltr'><strong>Dienst-</strong></span> 
     </span>
     <span class='ocr_line' id='line_1_42' title="bbox 172 2267 1655 2322; baseline -0.005 -13"><span class='ocrx_word' id='word_1_404' title='bbox 172 2276 403 2322; x_wconf 78' lang='lat' dir='ltr'><strong>leistungen‚</strong></span> <span class='ocrx_word' id='word_1_405' title='bbox 430 2283 479 2301; x_wconf 68' lang='grc' dir='ltr'>Ξ</span> <span class='ocrx_word' id='word_1_406' title='bbox 509 2282 580 2312; x_wconf 87' lang='lat' dir='ltr'><strong>res,</strong></span> <span class='ocrx_word' id='word_1_407' title='bbox 608 2270 771 2311; x_wconf 83' lang='lat' dir='ltr'><strong>Thaten,</strong></span> <span class='ocrx_word' id='word_1_408' title='bbox 804 2269 857 2301; x_wconf 88' lang='lat' dir='ltr'><strong>im</strong></span> <span class='ocrx_word' id='word_1_409' title='bbox 887 2267 1050 2314; x_wconf 79' lang='lat' dir='ltr'><strong>Gegens.</strong></span> <span class='ocrx_word' id='word_1_410' title='bbox 1077 2278 1150 2300; x_wconf 81' lang='lat' dir='ltr'><strong>von</strong></span> <span class='ocrx_word' id='word_1_411' title='bbox 1176 2267 1319 2301; x_wconf 79' lang='lat' dir='ltr'><strong>literae.</strong></span> <span class='ocrx_word' id='word_1_412' title='bbox 1396 2267 1524 2301; x_wconf 67' lang='lat' dir='ltr'><strong>C‘eisars</strong></span> <span class='ocrx_word' id='word_1_413' title='bbox 1556 2267 1655 2301; x_wconf 83' lang='lat' dir='ltr'><strong>Giite</strong></span> 
     </span>
     <span class='ocr_line' id='line_1_43' title="bbox 173 2315 1654 2365; baseline -0.005 -8"><span class='ocrx_word' id='word_1_414' title='bbox 173 2323 250 2357; x_wconf 89' lang='lat' dir='ltr'><strong>und</strong></span> <span class='ocrx_word' id='word_1_415' title='bbox 277 2317 725 2356; x_wconf 81' lang='lat' dir='ltr'><strong>Freundschastlichkeit</strong></span> <span class='ocrx_word' id='word_1_416' title='bbox 765 2327 888 2365; x_wconf 68' lang='lat' dir='ltr'><strong>gegen</strong></span> <span class='ocrx_word' id='word_1_417' title='bbox 927 2315 996 2348; x_wconf 88' lang='lat' dir='ltr'><strong>ihn</strong></span> <span class='ocrx_word' id='word_1_418' title='bbox 1030 2315 1105 2347; x_wconf 81' lang='lat' dir='ltr'><strong>und</strong></span> <span class='ocrx_word' id='word_1_419' title='bbox 1143 2315 1272 2349; x_wconf 85' lang='lat' dir='ltr'><strong>seinen</strong></span> <span class='ocrx_word' id='word_1_420' title='bbox 1297 2315 1445 2349; x_wconf 87' lang='lat' dir='ltr'><strong>Bruder</strong></span> <span class='ocrx_word' id='word_1_421' title='bbox 1469 2327 1551 2349; x_wconf 83' lang='lat' dir='ltr'><strong>war</strong></span> <span class='ocrx_word' id='word_1_422' title='bbox 1575 2315 1654 2349; x_wconf 83' lang='lat' dir='ltr'><strong>also</strong></span> 
     </span>
     <span class='ocr_line' id='line_1_44' title="bbox 174 2363 1657 2411; baseline -0.006 -7"><span class='ocrx_word' id='word_1_423' title='bbox 174 2372 243 2406; x_wconf 83' lang='lat' dir='ltr'><strong>der</strong></span> <span class='ocrx_word' id='word_1_424' title='bbox 269 2376 385 2405; x_wconf 79' lang='lat' dir='ltr'><strong>erste</strong></span> <span class='ocrx_word' id='word_1_425' title='bbox 412 2366 674 2411; x_wconf 74' lang='lat' dir='ltr'><strong>Hauptgrund‚</strong></span> <span class='ocrx_word' id='word_1_426' title='bbox 696 2377 842 2399; x_wconf 82' lang='lat' dir='ltr'><strong>warum</strong></span> <span class='ocrx_word' id='word_1_427' title='bbox 872 2364 1016 2404; x_wconf 82' lang='lat' dir='ltr'><strong>Cicero,</strong></span> <span class='ocrx_word' id='word_1_428' title='bbox 1043 2364 1118 2397; x_wconf 85' lang='lat' dir='ltr'><strong>wie</strong></span> <span class='ocrx_word' id='word_1_429' title='bbox 1144 2375 1187 2397; x_wconf 87' lang='lat' dir='ltr'><strong>er</strong></span> <span class='ocrx_word' id='word_1_430' title='bbox 1213 2370 1307 2411; x_wconf 82' lang='lat' dir='ltr'><strong>sagt,</strong></span> <span class='ocrx_word' id='word_1_431' title='bbox 1343 2363 1424 2396; x_wconf 82' lang='lat' dir='ltr'><strong>sich</strong></span> <span class='ocrx_word' id='word_1_432' title='bbox 1449 2363 1520 2397; x_wconf 84' lang='lat' dir='ltr'><strong>mit</strong></span> <span class='ocrx_word' id='word_1_433' title='bbox 1545 2363 1657 2397; x_wconf 66' lang='lat' dir='ltr'><strong>C&#39;aisar</strong></span> 
     </span>
     <span class='ocr_line' id='line_1_45' title="bbox 174 2410 1655 2459; baseline -0.006 -7"><span class='ocrx_word' id='word_1_434' title='bbox 174 2419 320 2452; x_wconf 79' lang='lat' dir='ltr'><strong>wieder</strong></span> <span class='ocrx_word' id='word_1_435' title='bbox 358 2415 580 2450; x_wconf 71' lang='lat' dir='ltr'><strong>bcsreundet</strong></span> <span class='ocrx_word' id='word_1_436' title='bbox 620 2413 736 2446; x_wconf 78' lang='lat' dir='ltr'><strong>hatte.</strong></span> <span class='ocrx_word' id='word_1_437' title='bbox 799 2411 928 2445; x_wconf 82' lang='lat' dir='ltr'><strong>Indess</strong></span> <span class='ocrx_word' id='word_1_438' title='bbox 961 2411 1025 2457; x_wconf 64' lang='lat' dir='ltr'><strong>lag</strong></span> <span class='ocrx_word' id='word_1_439' title='bbox 1062 2422 1099 2444; x_wconf 76' lang='lat' dir='ltr'><strong>es</strong></span> <span class='ocrx_word' id='word_1_440' title='bbox 1133 2422 1230 2459; x_wconf 80' lang='lat' dir='ltr'><strong>ganz</strong></span> <span class='ocrx_word' id='word_1_441' title='bbox 1265 2413 1302 2444; x_wconf 91' lang='lat' dir='ltr'><strong>in</strong></span> <span class='ocrx_word' id='word_1_442' title='bbox 1338 2412 1466 2444; x_wconf 84' lang='lat' dir='ltr'><strong>seincr</strong></span> <span class='ocrx_word' id='word_1_443' title='bbox 1500 2410 1655 2453; x_wconf 71' lang='lat' dir='ltr'><strong>Polffik,</strong></span> 
     </span>
     <span class='ocr_line' id='line_1_46' title="bbox 174 2458 1656 2503; baseline -0.006 -2"><span class='ocrx_word' id='word_1_444' title='bbox 174 2467 305 2501; x_wconf 70' lang='lat' dir='ltr'><strong>xveder</strong></span> <span class='ocrx_word' id='word_1_445' title='bbox 331 2465 404 2499; x_wconf 85' lang='lat' dir='ltr'><strong>den</strong></span> <span class='ocrx_word' id='word_1_446' title='bbox 431 2464 540 2497; x_wconf 70' lang='lat' dir='ltr'><strong>C‘zisar</strong></span> <span class='ocrx_word' id='word_1_447' title='bbox 567 2461 666 2495; x_wconf 86' lang='lat' dir='ltr'><strong>noch</strong></span> <span class='ocrx_word' id='word_1_448' title='bbox 692 2461 764 2494; x_wconf 87' lang='lat' dir='ltr'><strong>den</strong></span> <span class='ocrx_word' id='word_1_449' title='bbox 787 2459 982 2503; x_wconf 80' lang='lat' dir='ltr'><strong>Pompeius</strong></span> <span class='ocrx_word' id='word_1_450' title='bbox 1002 2459 1125 2492; x_wconf 82' lang='lat' dir='ltr'><strong>fallen</strong></span> <span class='ocrx_word' id='word_1_451' title='bbox 1144 2471 1191 2493; x_wconf 86' lang='lat' dir='ltr'><strong>zu</strong></span> <span class='ocrx_word' id='word_1_452' title='bbox 1211 2459 1345 2493; x_wconf 83' lang='lat' dir='ltr'><strong>lassen.</strong></span> <span class='ocrx_word' id='word_1_453' title='bbox 1394 2460 1465 2493; x_wconf 78' lang='lat' dir='ltr'><strong>Das</strong></span> <span class='ocrx_word' id='word_1_454' title='bbox 1478 2458 1656 2493; x_wconf 81' lang='lat' dir='ltr'><strong>Schwert</strong></span> 
     </span>
     <span class='ocr_line' id='line_1_47' title="bbox 174 2506 1654 2549; baseline -0.006 0"><span class='ocrx_word' id='word_1_455' title='bbox 174 2517 237 2549; x_wconf 87' lang='lat' dir='ltr'><strong>des</strong></span> <span class='ocrx_word' id='word_1_456' title='bbox 263 2514 388 2547; x_wconf 84' lang='lat' dir='ltr'><strong>Einen</strong></span> <span class='ocrx_word' id='word_1_457' title='bbox 415 2517 554 2544; x_wconf 83' lang='lat' dir='ltr'><strong>musste</strong></span> <span class='ocrx_word' id='word_1_458' title='bbox 582 2510 643 2542; x_wconf 85' lang='lat' dir='ltr'><strong>das</strong></span> <span class='ocrx_word' id='word_1_459' title='bbox 670 2509 853 2543; x_wconf 84' lang='lat' dir='ltr'><strong>Schwert</strong></span> <span class='ocrx_word' id='word_1_460' title='bbox 879 2507 941 2540; x_wconf 88' lang='lat' dir='ltr'><strong>des</strong></span> <span class='ocrx_word' id='word_1_461' title='bbox 968 2507 1145 2540; x_wconf 81' lang='lat' dir='ltr'><strong>Antleren</strong></span> <span class='ocrx_word' id='word_1_462' title='bbox 1172 2507 1212 2539; x_wconf 87' lang='lat' dir='ltr'><strong>in</strong></span> <span class='ocrx_word' id='word_1_463' title='bbox 1239 2506 1480 2540; x_wconf 82' lang='lat' dir='ltr'><strong>derScheide</strong></span> <span class='ocrx_word' id='word_1_464' title='bbox 1507 2506 1654 2549; x_wconf 79' lang='lat' dir='ltr'><strong>halten3</strong></span> 
     </span>
     <span class='ocr_line' id='line_1_48' title="bbox 175 2554 1655 2604; baseline -0.006 -7"><span class='ocrx_word' id='word_1_465' title='bbox 175 2563 288 2597; x_wconf 73' lang='lat' dir='ltr'><strong>sollte</strong></span> <span class='ocrx_word' id='word_1_466' title='bbox 315 2561 544 2604; x_wconf 79' lang='lat' dir='ltr'><strong>wenigstens</strong></span> <span class='ocrx_word' id='word_1_467' title='bbox 571 2557 633 2590; x_wconf 86' lang='lat' dir='ltr'><strong>das</strong></span> <span class='ocrx_word' id='word_1_468' title='bbox 662 2557 820 2591; x_wconf 81' lang='lat' dir='ltr'><strong>Geriiste</strong></span> <span class='ocrx_word' id='word_1_469' title='bbox 847 2555 912 2588; x_wconf 85' lang='lat' dir='ltr'><strong>des</strong></span> <span class='ocrx_word' id='word_1_470' title='bbox 938 2555 1140 2589; x_wconf 80' lang='lat' dir='ltr'><strong>Freistaats</strong></span> <span class='ocrx_word' id='word_1_471' title='bbox 1165 2556 1230 2588; x_wconf 78' lang='lat' dir='ltr'><strong>fiir</strong></span> <span class='ocrx_word' id='word_1_472' title='bbox 1255 2555 1404 2588; x_wconf 84' lang='lat' dir='ltr'><strong>bessere</strong></span> <span class='ocrx_word' id='word_1_473' title='bbox 1432 2554 1567 2589; x_wconf 86' lang='lat' dir='ltr'><strong>Zeiten</strong></span> <span class='ocrx_word' id='word_1_474' title='bbox 1593 2554 1655 2588; x_wconf 87' lang='lat' dir='ltr'><strong>be-</strong></span> 
     </span>
     <span class='ocr_line' id='line_1_49' title="bbox 175 2601 1656 2645; baseline -0.007 0"><span class='ocrx_word' id='word_1_475' title='bbox 175 2611 303 2645; x_wconf 82' lang='lat' dir='ltr'><strong>wahrt</strong></span> <span class='ocrx_word' id='word_1_476' title='bbox 329 2609 486 2644; x_wconf 87' lang='lat' dir='ltr'><strong>werden</strong></span> <span class='ocrx_word' id='word_1_477' title='bbox 511 2605 588 2639; x_wconf 85' lang='lat' dir='ltr'><strong>und</strong></span> <span class='ocrx_word' id='word_1_478' title='bbox 614 2605 682 2638; x_wconf 84' lang='lat' dir='ltr'><strong>der</strong></span> <span class='ocrx_word' id='word_1_479' title='bbox 708 2604 810 2638; x_wconf 83' lang='lat' dir='ltr'><strong>Staat</strong></span> <span class='ocrx_word' id='word_1_480' title='bbox 835 2602 944 2636; x_wconf 86' lang='lat' dir='ltr'><strong>nicht</strong></span> <span class='ocrx_word' id='word_1_481' title='bbox 978 2602 1038 2636; x_wconf 82' lang='lat' dir='ltr'><strong>bei</strong></span> <span class='ocrx_word' id='word_1_482' title='bbox 1073 2603 1140 2636; x_wconf 84' lang='lat' dir='ltr'><strong>der</strong></span> <span class='ocrx_word' id='word_1_483' title='bbox 1165 2602 1532 2638; x_wconf 84' lang='lat' dir='ltr'><strong>Sittenverderbniss</strong></span> <span class='ocrx_word' id='word_1_484' title='bbox 1559 2601 1656 2636; x_wconf 85' lang='lat' dir='ltr'><strong>viel-</strong></span> 
     </span>
     <span class='ocr_line' id='line_1_50' title="bbox 175 2649 1654 2702; baseline -0.007 -9"><span class='ocrx_word' id='word_1_485' title='bbox 175 2658 295 2693; x_wconf 83' lang='lat' dir='ltr'><strong>leicht</strong></span> <span class='ocrx_word' id='word_1_486' title='bbox 323 2659 360 2690; x_wconf 88' lang='lat' dir='ltr'><strong>in</strong></span> <span class='ocrx_word' id='word_1_487' title='bbox 395 2668 463 2702; x_wconf 68' lang='lat' dir='ltr'><strong>gar</strong></span> <span class='ocrx_word' id='word_1_488' title='bbox 501 2652 672 2688; x_wconf 81' lang='lat' dir='ltr'><strong>b’o&#39;sliche</strong></span> <span class='ocrx_word' id='word_1_489' title='bbox 698 2652 827 2685; x_wconf 65' lang='lat' dir='ltr'><strong>H&#39;zintle</strong></span> <span class='ocrx_word' id='word_1_490' title='bbox 853 2649 1049 2698; x_wconf 82' lang='lat' dir='ltr'><strong>gerathen.</strong></span> <span class='ocrx_word' id='word_1_491' title='bbox 1111 2650 1239 2685; x_wconf 84' lang='lat' dir='ltr'><strong>Daher</strong></span> <span class='ocrx_word' id='word_1_492' title='bbox 1273 2650 1405 2698; x_wconf 79' lang='lat' dir='ltr'><strong>gleich</strong></span> <span class='ocrx_word' id='word_1_493' title='bbox 1438 2650 1499 2685; x_wconf 71' lang='lat' dir='ltr'><strong>die</strong></span> <span class='ocrx_word' id='word_1_494' title='bbox 1531 2650 1654 2695; x_wconf 85' lang='lat' dir='ltr'><strong>Repu-</strong></span> 
     </span>
     <span class='ocr_line' id='line_1_51' title="bbox 176 2698 1713 2750; baseline -0.008 -10"><span class='ocrx_word' id='word_1_495' title='bbox 176 2707 260 2740; x_wconf 86' lang='lat' dir='ltr'><strong>blik</strong></span> <span class='ocrx_word' id='word_1_496' title='bbox 287 2703 543 2750; x_wconf 83' lang='lat' dir='ltr'><strong>personificirt</strong></span> <span class='ocrx_word' id='word_1_497' title='bbox 568 2701 643 2735; x_wconf 84' lang='lat' dir='ltr'><strong>und</strong></span> <span class='ocrx_word' id='word_1_498' title='bbox 669 2699 860 2733; x_wconf 82' lang='lat' dir='ltr'><strong>mahnend</strong></span> <span class='ocrx_word' id='word_1_499' title='bbox 885 2698 1110 2746; x_wconf 76' lang='lat' dir='ltr'><strong>vorgefiihrt</strong></span> <span class='ocrx_word' id='word_1_500' title='bbox 1135 2698 1246 2734; x_wconf 82' lang='lat' dir='ltr'><strong>wird.</strong></span> <span class='ocrx_word' id='word_1_501' title='bbox 1300 2718 1342 2723; x_wconf 93' lang='lat'>—</span> <span class='ocrx_word' id='word_1_502' title='bbox 1392 2699 1487 2732; x_wconf 75' lang='lat' dir='ltr'><strong>nolle</strong></span> <span class='ocrx_word' id='word_1_503' title='bbox 1513 2722 1521 2730; x_wconf 93' lang='lat'><strong>.</strong></span> <span class='ocrx_word' id='word_1_504' title='bbox 1552 2725 1560 2732; x_wconf 93' lang='lat'><strong>.</strong></span> <span class='ocrx_word' id='word_1_505' title='bbox 1589 2723 1596 2730; x_wconf 89' lang='lat'><strong>.</strong></span> <span class='ocrx_word' id='word_1_506' title='bbox 1625 2700 1656 2728; x_wconf 81' lang='lat' dir='ltr'><strong>et</strong></span> <span class='ocrx_word' id='word_1_507' title='bbox 1712 2716 1713 2719; x_wconf 65' lang='lat'><em>=</em></span> 
     </span>
     <span class='ocr_line' id='line_1_52' title="bbox 178 2743 1656 2792; baseline -0.007 -5"><span class='ocrx_word' id='word_1_508' title='bbox 178 2770 222 2786; x_wconf 74' lang='lat' dir='ltr'><strong>e:</strong></span> <span class='ocrx_word' id='word_1_509' title='bbox 253 2754 325 2789; x_wconf 72' lang='lat' dir='ltr'><strong>sed.</strong></span> <span class='ocrx_word' id='word_1_510' title='bbox 379 2753 413 2785; x_wconf 87' lang='lat' dir='ltr'><strong>S.</strong></span> <span class='ocrx_word' id='word_1_511' title='bbox 441 2750 591 2785; x_wconf 80' lang='lat' dir='ltr'><strong>Ramsh.</strong></span> <span class='ocrx_word' id='word_1_512' title='bbox 621 2750 649 2791; x_wconf 59' lang='grc' dir='ltr'><strong>ᾖ.</strong></span> <span class='ocrx_word' id='word_1_513' title='bbox 678 2750 756 2791; x_wconf 83' lang='grc'>179,</span> <span class='ocrx_word' id='word_1_514' title='bbox 784 2749 824 2792; x_wconf 71' lang='lat' dir='ltr'><strong>B,</strong></span> <span class='ocrx_word' id='word_1_515' title='bbox 853 2759 885 2791; x_wconf 70' lang='lat' dir='ltr'><strong>a,</strong></span> <span class='ocrx_word' id='word_1_516' title='bbox 912 2748 943 2782; x_wconf 85' lang='lat'><strong>6.</strong></span> <span class='ocrx_word' id='word_1_517' title='bbox 974 2765 1016 2770; x_wconf 92' lang='lat'><strong>—</strong></span> <span class='ocrx_word' id='word_1_518' title='bbox 1054 2756 1096 2779; x_wconf 82' lang='lat' dir='ltr'><strong>ne</strong></span> <span class='ocrx_word' id='word_1_519' title='bbox 1114 2745 1240 2789; x_wconf 79' lang='lat' dir='ltr'><strong>fieret,</strong></span> <span class='ocrx_word' id='word_1_520' title='bbox 1267 2757 1446 2789; x_wconf 78' lang='lat' dir='ltr'><strong>recusare,</strong></span> <span class='ocrx_word' id='word_1_521' title='bbox 1489 2745 1569 2780; x_wconf 76' lang='lat' dir='ltr'><strong>sich</strong></span> <span class='ocrx_word' id='word_1_522' title='bbox 1595 2743 1656 2778; x_wconf 80' lang='lat' dir='ltr'><strong>‹la-</strong></span> 
     </span>
    </p>
   </div>
  </div>
 </body>
</html>
