1742 3006
145 69 239 118 488
423 68 486 110 Μ.
516 69 573 111 Τ.
605 65 951 111 CICERONIS
981 64 1355 109 EPISTOLAE.

149 183 218 223 rei
265 182 472 236 publicae
517 178 681 220 fuisse:
739 179 873 235 quod,
919 192 1053 233 quum
1105 178 1369 220 offendisset
1420 178 1632 233 populum

150 236 469 279 Atheniensem
509 247 648 289 prope
690 235 780 276 iam
819 235 1114 289 desipientem
1153 237 1382 275 senectute
1412 232 1633 289 quumque

151 306 252 334 eum
292 304 375 332 nec
417 289 727 345 persuadendo
767 304 850 331 nec
890 289 1093 343 cogendo
1131 291 1228 345 regi
1268 302 1400 345 posse
1428 289 1635 340 vidisset,

151 346 324 402 [quum]
357 345 619 400 persuaderi
648 359 778 400 posse
809 345 1059 396 diffideret,
1088 347 1191 400 cogi
1221 344 1290 386 fas
1321 358 1418 386 esse
1447 357 1536 385 non
1564 357 1635 385 ar-

150 405 410 445 bitraretur.
477 400 582 442 Mea
611 403 727 443 ratio
757 401 847 442 suit
875 401 982 453 alia,
1023 400 1159 455 quod,
1200 414 1343 456 neque
1387 400 1634 454 desipiente

152 458 318 514 populo
347 470 431 498 nec
460 457 637 511 integra
659 471 707 498 re
729 456 843 497 mihi
866 456 923 497 ad
944 456 1279 509 consulendum,
1306 467 1638 511 capesseremne

153 528 248 555 rem
285 513 535 568 publicam,
581 513 840 567 implicatus
878 513 1074 553 tenebar.
1148 511 1238 553 Sed
1269 514 1460 553 laetatus
1490 515 1639 552 tamen

152 583 267 621 sum,
297 568 418 624 quod
447 567 564 608 mihi
594 568 755 609 liceret
792 569 839 608 iu
869 567 1025 609 eadem
1055 580 1190 608 causa
1217 571 1262 608 et
1289 566 1404 608 mihi
1433 567 1568 608 utilia
1597 569 1640 607 et

154 625 302 666 cuivis
340 625 456 666 bono
496 626 622 664 recta
659 624 916 665 defendere.
1003 623 1106 663 Huc
1145 624 1338 664 accessit
1375 635 1639 664 commemo-

155 680 298 722 randa
347 679 567 734 quaedam
606 683 652 720 et
694 680 851 720 divina
899 679 1107 721 Caesaris
1157 679 1204 718 in
1252 691 1321 719 me
1369 678 1640 731 fratremque

154 749 303 777 meum
332 735 603 776 liberalitas:
634 736 711 789 qui
730 734 859 787 mihi,
893 747 1178 788 quascunque
1202 747 1272 774 res
1297 737 1487 788 gereret,
1517 736 1641 774 tuen-

158 792 242 832 dus
282 794 420 832 esset:
478 803 568 830 nun
607 790 655 831 in
703 795 827 832 tanta
874 789 1096 832 felicitate
1143 790 1369 843 tantisque
1420 789 1642 839 victoriis,

159 846 296 889 etiam
325 846 364 887 si
394 846 442 886 in
471 859 553 888 nos
583 859 671 887 non
699 845 739 887 is
770 849 900 897 esset,
931 845 1009 901 qui
1040 848 1120 898 est,
1150 848 1296 886 tamen
1323 843 1549 886 ornandus
1575 842 1643 885 vi-

159 903 353 944 deretur.
413 900 491 941 Sic
529 900 647 942 enim
687 905 732 943 te
772 901 1035 943 existimare
1073 899 1234 943 velim:
1276 913 1411 955 quum
1450 912 1476 940 a
1503 899 1645 956 vobis,

157 971 283 999 meae
313 955 470 998 salutis
501 957 771 1009 auctoribus,
801 956 1103 1009 discesserim,
1133 956 1354 997 neminem
1377 969 1489 1008 esse,
1519 953 1645 996 cuius

160 1012 330 1056 officiis
360 1025 429 1053 me
458 1015 549 1052 tam
578 1026 675 1054 esse
706 1011 963 1054 devinctum
992 1025 1080 1054 non
1119 1012 1266 1052 solum
1294 1011 1528 1064 confitear,
1567 1009 1647 1050 sed

97 1071 150 1114 19
162 1069 295 1111 etiam
326 1067 555 1122 gaudeam.
616 1068 751 1119 Quod
780 1067 993 1122 quoniam
1015 1066 1100 1108 tibi
1129 1067 1335 1122 exposui,
1367 1065 1524 1107 facilia
1547 1069 1649 1105 sunt

161 1137 228 1177 ea,
258 1136 372 1179 quae
401 1135 428 1163 a
455 1135 526 1162 me
556 1124 612 1164 de
642 1122 829 1164 Vatinio
870 1127 916 1164 et
953 1122 1010 1164 de
1050 1123 1214 1164 Crasso
1256 1122 1464 1177 requiris.
1534 1120 1648 1163 Nam

162 1180 220 1221 de
249 1178 396 1234 Appio
425 1176 547 1232 quod
575 1177 754 1237 scribis,
795 1178 934 1220 sicuti
973 1178 1030 1219 de
1061 1179 1268 1232 Caesare,
1308 1183 1352 1220 te
1382 1191 1470 1218 non
1501 1189 1649 1231 repre-

161 1295 307 1332 Briefe.
337 1313 380 1320 —-
408 1295 542 1339 offend.
572 1307 621 1325 z
648 1294 868 1339 reperisset,
896 1293 1116 1328 invenisset.
1155 1310 1197 1317 ——
1234 1294 1348 1340 desip.
1375 1305 1460 1334 senq
1487 1304 1558 1327 vor
1581 1291 1650 1325 ho-

165 1344 257 1378 hem
289 1343 401 1378 Alter
433 1345 506 1378 fast
529 1343 718 1376 kindisch.
794 1343 891 1376 Eine
918 1342 1158 1389 Anspielung
1192 1343 1259 1375 auf
1281 1342 1343 1376 das
1370 1340 1651 1388 personificirte

164 1391 267 1426 Volk
291 1391 332 1424 in
357 1390 430 1424 den
455 1391 605 1425 Rittern
632 1390 693 1423 des
717 1389 1009 1436 Aristophanes!
1038 1408 1080 1414 -—
1107 1401 1283 1434 quumque,
1310 1390 1439 1424 Lamb.
1468 1394 1542 1423 tum
1562 1399 1652 1421 eum.

166 1439 304 1484 Sicque
330 1439 454 1474 voleb.
482 1439 580 1474 Lan.
609 1437 805 1472 ORELLI.
858 1457 899 1462 —
951 1438 1087 1482 [quum]
1115 1437 1188 1471 del.
1215 1437 1304 1471 Sch.
1333 1439 1427 1471 Liin.
1455 1447 1529 1470 eum
1556 1447 1590 1469 n.
1614 1447 1652 1478 p.

166 1498 201 1522 π.
229 1498 259 1521 c.
288 1498 320 1522 r.
354 1498 391 1530 p.
424 1487 587 1528 vidisset,
620 1497 735 1530 quum.
786 1486 861 1519 Sed
895 1486 925 1519 si
959 1482 1155 1519 ἀσύνδετον
1197 1497 1283 1520 sane
1318 1487 1459 1519 mirum
1492 1484 1655 1518 tolerare

167 1535 281 1578 nolis,
321 1535 549 1569 eiiciendum
576 1541 630 1569 est
655 1535 848 1569 dumtaxat
873 1546 908 1568 v.
936 1545 1043 1578 quum
1068 1540 1153 1568 ante
1179 1546 1213 1569 v.
1237 1533 1466 1577 persuaderi,
1500 1538 1542 1566 ut
1569 1532 1653 1564 iun·
1717 1538 1720 1541 ’

168 1588 307 1631 gantur
333 1583 424 1627 quod
449 1608 456 1615 .
484 1609 492 1615 .
519 1608 527 1615 .
555 1593 625 1616 non
651 1583 912 1616 arbitraretur.
972 1581 1077 1615 Idem
1112 1583 1195 1616 fere
1232 1582 1379 1616 volebat
1405 1580 1519 1621 Crat„
1552 1579 1653 1612 male

169 1638 296 1664 tamen
321 1631 455 1665 edens:
490 1642 566 1664 eum
589 1630 816 1674 persuaderi.
865 1629 1060 1664 ORELLI.
1135 1629 1212 1662 Ein
1246 1629 1466 1673 Asyndeton
1500 1628 1551 1661 ist
1583 1638 1654 1674 gar

170 1678 283 1712 nicht
309 1678 545 1719 vorhanden,
577 1679 670 1713 weil
704 1679 798 1722 quod
829 1690 877 1711 zu
912 1688 990 1710 eum
1012 1678 1228 1721 persuaderi
1259 1688 1366 1721 posse
1398 1674 1590 1719 diffideret
1616 1685 1655 1708 so

200 1732 239 1759 ut
263 1726 336 1759 wie
362 1739 410 1758 zu
437 1727 526 1768 cogi
537 1728 609 1768 sas
635 1737 711 1759 esse
738 1738 807 1759 non
827 1725 958 1759 arbitr.
987 1725 1136 1773 gehort.
1187 1725 1296 1759 Denn
1322 1724 1429 1759 beide
1450 1723 1558 1757 Skitze
1580 1729 1655 1756 ste-

171 1738 249 1808 {en
275 1772 358 1807 sich
383 1784 423 1807 so
451 1781 653 1821 entgegen,
680 1774 755 1808 wie
781 1773 927 1809 vorher
953 1777 1091 1807 tantum
1117 1777 1208 1806 cont.
1237 1798 1245 1806 .
1274 1802 1281 1809 .
1311 1798 1318 1806 .
1344 1772 1463 1816 possis
1488 1770 1565 1804 und
1585 1770 1657 1804 vim

211 1847 218 1854 .
247 1846 255 1854 .
281 1822 420 1864 afferre
446 1827 623 1864 oportere.
680 1823 753 1856 Das
790 1821 1130 1866 eingeklammerte
1164 1831 1269 1865 quum
1294 1832 1394 1853 muss
1428 1818 1564 1853 iedoch
1591 1829 1656 1863 ge-

171 1868 344 1903 striehen
369 1869 538 1902 werden.
565 1891 608 1895 —
642 1880 721 1903 mea
747 1869 846 1902 ratio
864 1869 945 1911 suit
971 1869 1061 1909 alia,
1088 1868 1158 1901 mit
1184 1869 1260 1901 mir
1284 1879 1365 1902 war
1389 1867 1457 1900 der
1481 1867 1567 1900 Fau
1592 1878 1656 1899 an·
1689 1872 1692 1876 ’
1723 1879 1725 1881 ’

174 1917 274 1950 ders.
302 1936 345 1941 -
371 1927 437 1950 nec
461 1917 610 1959 integra
638 1943 646 1949 .
672 1943 680 1951 .
710 1942 717 1949 .
745 1927 822 1948 rem
845 1917 966 1959 publ„
1002 1915 1079 1948 und
1109 1915 1154 1948 da
1182 1915 1246 1948 ich
1272 1915 1379 1948 nicht
1414 1914 1528 1948 mehr
1561 1915 1658 1947 freie

174 1965 286 1998 Hand
311 1964 417 1998 hane
442 1964 543 1998 noch
570 1971 648 1998 erst
673 1965 785 2010 lange
819 1975 866 1996 zu
891 1963 1124 2010 'uba-legen,
1160 1962 1205 1996 ob
1231 1962 1295 1996 ich
1322 1975 1368 1996 an
1394 1961 1462 1996 der
1485 1961 1657 1996 Verwal-

128 2039 138 2046 ,.
174 2020 270 2060 tung
294 2013 362 2045 der
387 2012 580 2057 Republik
606 2013 763 2046 Authoil
789 2011 955 2044 nehmen
980 2010 1112 2044 wollte
1140 2010 1230 2044 oder
1255 2010 1372 2044 nicht.
1411 2029 1453 2035 -
1489 2009 1658 2042 liberali-

175 2066 245 2095 tas.
297 2060 441 2095 Worin
467 2061 567 2094 diese
594 2060 806 2099 bestanden,
841 2058 921 2102 gibt
948 2070 990 2091 er
1019 2060 1159 2093 weiter
1192 2064 1308 2092 unten
1334 2057 1504 2092 deutlich
1530 2068 1659 2104 genug·

175 2121 222 2143 zu
249 2107 468 2142 verstehen.
504 2127 551 2133 --
601 2109 663 2152 qui
687 2123 735 2140 z
761 2113 801 2140 ui.
829 2107 859 2139 is
886 2105 971 2139 milii
999 2133 1006 2141 .
1034 2132 1042 2139 .
1071 2131 1078 2140 .
1106 2107 1251 2140 tuendus
1279 2110 1380 2145 esset,
1420 2117 1458 2140 so
1485 2105 1567 2138 dass
1594 2104 1658 2137 ich

175 2157 277 2190 scine
304 2157 425 2190 I‘artei
451 2156 581 2190 halten
608 2163 759 2190 musste.
788 2173 833 2179 —-
860 2165 978 2197 quase.
1004 2166 1066 2188 ‘res
1090 2159 1239 2196 gereret
1266 2154 1306 2187 h.
1336 2166 1366 2187 e.
1395 2154 1506 2187 etiam
1534 2153 1565 2186 si
1588 2152 1659 2185 mi-

175 2216 245 2237 nus
272 2204 364 2237 bene
392 2215 434 2236 ac
459 2204 630 2238 feliciter
658 2215 740 2237 rem
765 2202 956 2249 publicam
989 2209 1159 2249 gereret,
1194 2201 1373 2236 welchen
1398 2201 1540 2248 Erfolg
1564 2199 1661 2234 auch

175 2253 278 2285 seine
304 2251 673 2300 Umernehmungen
700 2251 878 2284 mochten
905 2250 1042 2297 gehabt
1070 2250 1202 2284 haben.
1236 2243 1453 2284 SCHUTZ.
1504 2267 1546 2273 —
1597 2248 1660 2281 Sic

175 2300 269 2333 enim
294 2313 344 2330 :z
369 2299 471 2339 aber,
512 2300 656 2334 iedoch.
698 2297 913 2345 S..·Ramsh.
939 2298 967 2340 §.
1001 2300 1078 2338 187,
1108 2301 1141 2339 l,
1170 2301 1202 2332 1.
1253 2297 1351 2341 „Ich
1377 2296 1578 2332 wiinschte
1604 2296 1659 2329 ie-

175 2347 288 2389 doch,
315 2347 374 2380 Du
401 2347 588 2381 mb'chtest
614 2348 695 2381 die
723 2348 1000 2393 U'berzeugung
1028 2346 1164 2392 hogen.
1194 2363 1235 2368 -
1273 2357 1374 2389 quum
1402 2355 1424 2377 α
1450 2345 1548 2377 vobis
1576 2368 1582 2375 .
1612 2370 1619 2377 .
1651 2367 1658 2374 .

176 2396 406 2428 discesserim
433 2409 480 2425 z
514 2396 617 2428 vobis
645 2422 652 2429 .
682 2421 689 2428 .
719 2422 726 2429 .
757 2395 944 2438 exceptis,
988 2392 1123 2427 niiehst
1157 2393 1286 2436 Euch,
1326 2393 1399 2426 den
1435 2391 1661 2430 Erhaltern,

177 2445 346 2484 Rettern,
373 2443 620 2489 Regi-'undern
646 2444 789 2477 meinos
815 2440 1080 2490 Biirgerheils.
1142 2441 1199 2474 Er
1233 2441 1352 2476 meint
1378 2440 1449 2474 den
1476 2438 1659 2473 Lentulus

180 2491 256 2524 und
285 2492 494 2534 Pompeius.
646 2531 662 2536 ..

275 2540 329 2572 19.
366 2540 408 2571 dc
435 2538 581 2571 Crasso.
635 2540 739 2572 Uber
765 2538 929 2573 Cicero's
958 2536 1252 2583 Streitigkeiten
1279 2536 1347 2569 mit
1384 2534 1524 2568 diesem
1557 2545 1584 2566 s.
1615 2544 1662 2565 zu

179 2596 238 2629 ep.
267 2586 425 2628 CXXXI,
457 2589 485 2619 1.
518 2607 559 2611 -—
595 2588 637 2619 de
664 2588 798 2631 Appio,
825 2587 864 2618 in
892 2585 1072 2618 Hinsicht
1099 2586 1162 2618 des
1190 2585 1348 2629 Appius,
1375 2582 1445 2615 mit
1470 2581 1661 2615 wclchem

179 2634 312 2667 Cicero
339 2634 401 2667 des
427 2633 593 2675 Clodius,
629 2635 747 2668 seinos
775 2634 953 2675 Bruders,
991 2645 1128 2680 wegen
1155 2644 1238 2665 war
1263 2631 1449 2665 zersallen
1477 2639 1661 2674 gowesen.

180 2682 389 2725 Pompeius.
419 2682 549 2714 desscn
578 2682 681 2716 Sohn
708 2682 767 2715 die
794 2681 961 2715 'rochtor
999 2681 1061 2713 dns
1090 2680 1236 2725 Appius
1274 2677 1519 2726 geheirathet
1543 2677 1660 2713 hatte,

180 2728 404 2764 vermuchtc
433 2730 566 2763 iedoch
594 2730 662 2765 den
686 2731 831 2769 Cicero,
862 2729 944 2763 sicli
974 2728 1043 2762 mit
1070 2728 1151 2762 ihm
1169 2727 1439 2762 auszuso'hnen.
1469 2725 1658 2767 S.Quinct.
1690 2752 1698 2761 ,
