1742 3006
418 74 735 119 EPISTULA
774 73 966 119 CXLII.
1006 74 1214 120 CXLIII
1467 74 1561 122 447

2 169 5 235 s
76 191 150 234 tis.
210 188 388 231 Deinde
413 201 483 230 me
510 186 698 242 expedio
734 185 792 228 ad
831 187 1052 242 Drusum,
1092 188 1196 230 inde
1235 187 1292 229 ad
1331 186 1558 231 Scaurum.

4 273 5 278 =
78 248 304 290 Parantur
338 245 611 287 orationibus
651 241 820 285 indices
848 244 1046 298 glom'osi.
1115 245 1325 287 Fortasse
1354 244 1563 287 accedent

81 304 216 345 etiam
246 301 446 344 consules
475 299 713 354 designati:
743 300 790 340 in
817 300 972 355 quibus
1002 299 1041 341 si
1071 300 1265 342 Scaurus
1293 314 1381 343 non
1411 301 1561 355 fuerit,

79 361 126 401 in
163 358 249 400 hoc
286 356 454 399 iudicio
492 355 622 398 valde
649 355 881 398 laborabit.
949 356 1022 397 Ex
1051 354 1210 406 Quinti
1238 357 1393 399 fratris
1420 356 1629 407 literis10

4 425 9 446 ί
80 415 303 470 suspicor,
345 414 436 454 iam
474 425 572 454 eum
618 423 713 454 esse
756 411 802 453 in
843 411 1088 454 Britannia.
1157 412 1376 467 Suspenso
1417 413 1563 456 animo

6 467 9 502 ἱ
80 473 313 525 exspecto,
353 468 457 524 quid
495 470 609 524 agat.
675 468 793 509 Illud
831 468 1011 524 quidem
1050 480 1197 510 sumus
1236 469 1408 525 adepti,
1446 470 1565 525 quod

0 530 9 578 '-
80 526 230 568 multis
260 530 304 567 et
332 524 506 580 magnis
536 523 718 566 indiciis
747 537 978 590 possumus
1018 523 1218 566 iudicare
1259 538 1340 567 nos
1380 526 1566 567 Caesari

83 586 128 624 et
167 581 425 624 carissimos
463 585 509 623 et
545 580 886 623 iucundissmos
926 593 1033 623 esse.
1112 580 1384 636 Dionysium
1432 581 1566 623 velim

80 639 252 679 salvere
281 639 432 680 iubeas
462 641 505 678 et
533 651 630 679 eum
668 650 798 692 roges
838 641 882 679 et
919 637 1121 690 hortere,
1160 642 1208 679 ut
1246 637 1566 692 quamprimum

81 694 254 790 venilat,
294 699 344 736 ut
365 694 506 749 possit
536 694 796 735 Ciceronem
827 707 970 736 meum
1000 698 1130 749 atque
1159 694 1294 736 etiam
1322 708 1394 736 me
1423 693 1565 748 ipsum

82 763 158 791 eru
195 763 273 791 ire.

282 934 600 978 EPISTOLA
641 934 861 976 CXLIII.
921 934 1000 985 (ad
1033 935 1136 976 Div.
1168 934 1278 976 VII.
1306 933 1369 984 9.)

179 1013 258 1046 Ser.
283 1011 424 1046 nomae
448 1009 559 1045 initio
583 1009 722 1045 mensis
753 1009 885 1044 Sextii.
911 1008 956 1048 Α.
983 1009 1029 1044 U.
1057 1010 1098 1045 c.
1125 1010 1206 1045 700.
1256 1009 1304 1052 (a.
1331 1010 1372 1045 c.
1399 1010 1475 1052 54.)

81 1080 190 1115 Scire
225 1079 348 1125 cupit,
389 1077 480 1123 quid
514 1083 602 1122 agat
632 1077 853 1119 Trebatius,
886 1082 1117 1121 monetque,
1143 1087 1190 1110 ne
1216 1076 1257 1110 in
1283 1077 1415 1111 urbem
1443 1076 1568 1110 redire

83 1134 274 1174 properet.
325 1129 393 1162 Cn.
421 1126 574 1161 Octavii
599 1125 793 1160 cuiusdam
819 1126 952 1159 crebra
985 1125 1212 1160 invitatione
1246 1135 1283 1159 se
1315 1124 1439 1160 adhuc
1471 1124 1570 1158 nihil

632 1185 741 1207 usum
768 1183 844 1207 esse
871 1173 1016 1209 scribit.

587 1265 774 1301 CICERO
805 1263 1070 1300 TREBATIO.

198 1335 294 1376 Iam
324 1334 402 1375 diu
429 1334 614 1386 ignoro,
643 1331 751 1386 quid
779 1344 907 1386 agas:
946 1331 1056 1372 nihil
1077 1332 1196 1373 enim
1219 1333 1401 1374 scribisx
1432 1346 1571 1388 neque

87 1404 169 1445 ego
210 1391 266 1431 ad
312 1394 357 1431 te
394 1389 466 1430 his
505 1388 673 1429 duobus
720 1389 941 1429 mensibus
979 1388 1269 1442 scripseram3
1315 1390 1435 1445 quod
1471 1403 1571 1431 cum

7 1471 19 1490 ,ς
88 1446 257 1496 Quinto
287 1446 428 1487 fratre
456 1458 554 1486 meo
584 1457 673 1485 non
703 1457 827 1497 eras,
859 1457 943 1498 quo
964 1445 1187 1486 mitterem
1214 1449 1290 1487 aut
1309 1447 1381 1487 cui
1402 1445 1571 1498 darem,

16 1506 19 1541 ζ
90 1503 352 1545 nesciebam.
420 1500 563 1556 Cupio
593 1501 709 1542 scire
740 1500 847 1556 quid
876 1514 981 1554 agas
1011 1504 1054 1542 et
1082 1502 1156 1542 ubi
1186 1502 1246 1544 sis
1283 1501 1572 1544 hiematurus.

18 1603 20 1630 ἰ
91 1622 139 1655 ad
163 1622 325 1655 Drusum
348 1618 684 1666 praevaricationis
709 1629 818 1653 reum
846 1621 887 1662 (s.
914 1630 974 1666 ep.
996 1620 1158 1664 CXLIV,
1183 1622 1218 1656 3.
1248 1620 1408 1664 CXLIX,
1433 1623 1484 1664 5.)
1510 1622 1574 1656 de-

89 1668 333 1704 fendendum.
366 1686 414 1692 —
449 1668 644 1711 Scaurum,
682 1668 747 1712 qui
778 1674 969 1702 accusatus
1006 1676 1087 1704 erat
1121 1682 1141 1703 a
1172 1671 1216 1706 P.
1244 1669 1398 1706 Valerio
1424 1670 1576 1705 Triario

20 1746 22 1758 2
90 1718 386 1763 repetundarum
412 1727 459 1749 ex
483 1715 664 1749 Sardinia.
715 1716 903 1750 Iudicium
944 1719 1035 1752 Cato
1068 1723 1220 1763 praetor
1245 1718 1429 1752 exercuit.
1453 1718 1576 1753 PAE-

20 1767 22 1802 ζ
91 1765 242 1800 DIAN.
293 1765 344 1798 Es
368 1764 416 1798 ist
442 1763 535 1797 eben
563 1763 731 1798 derselbe
757 1765 812 1799 M.
840 1764 1021 1800 Aemilius
1047 1764 1223 1805 Scaurus,
1265 1766 1333 1800 der
1357 1779 1406 1800 zu
1431 1773 1576 1811 gesetz·

20 1850 23 1861 .
90 1813 271 1860 massiger
297 1812 382 1846 zeit
405 1812 500 1846 ietzt
525 1822 588 1844 um
615 1812 678 1845 das
706 1813 886 1847 Consulat
911 1813 1074 1859 anhielt3
1101 1815 1200 1849 denn
1226 1815 1296 1850 697
1311 1826 1387 1848 war
1405 1825 1445 1848 er
1461 1817 1576 1849 Prae-

92 1867 154 1896 tor
178 1860 434 1906 quaestionem
460 1860 562 1893 inter
595 1859 749 1895 sicarios
781 1861 936 1896 sortitus
961 1862 1037 1896 und
1061 1861 1232 1897 nachher
1258 1863 1487 1909 propraetor
1511 1863 1579 1897 auf

22 1950 24 1957 y
91 1908 290 1943 Sardinien
316 1918 502 1955 gewesen.
553 1907 687 1943 Cicero
710 1908 970 1958 vertheidigte
996 1910 1062 1943 ihn
1088 1912 1180 1945 ietzt
1205 1921 1339 1959 wegen
1365 1912 1435 1945 der
1458 1922 1577 1959 gegen

92 1956 160 1990 ibn
186 1956 402 1991 erhobenen
423 1955 614 2003 Anklage,
641 1968 776 1990 wovon
797 1968 840 1991 er
860 1958 1043 1993 wirklich
1069 1960 1144 1994 srei
1169 1957 1408 2006 gesprochen
1435 1960 1576 1995 wurde.

91 2005 128 2040 S.
161 2005 207 2039 ad
237 2005 353 2041 Attio.
390 2005 459 2046 IV,
497 2006 542 2039 16
575 2005 755 2047 (CXLIX)
788 2018 824 2040 u.
859 2007 906 2041 ad
940 2007 983 2053 Q.
1019 2008 1140 2041 Fratr.
1168 2008 1240 2050 111,
1269 2011 1287 2042 l
1313 2008 1504 2052 (CXLVI).
1533 2026 1577 2033 --

92 2053 316 2087 orationibus
340 2052 412 2087 ind.
439 2052 539 2094 glor.
565 2052 709 2087 iocose:
742 2053 845 2088 tituli
870 2055 1057 2100 splendidi
1083 2057 1296 2090 orationum
1323 2056 1578 2091 voluminibus

94 2100 362 2149 agglutinandi
395 2105 432 2133 et
467 2100 659 2135 clarorum
691 2101 862 2136 virorum
898 2104 1118 2138 nominibus
1142 2104 1435 2153 praefulgentes.
1468 2105 1576 2140 SCH.

94 2148 246 2191 „meine
272 2147 539 2192 diessi'aihrigen
566 2148 692 2183 Reden
718 2150 873 2184 werden
891 2152 1110 2196 glorreiche
1124 2154 1272 2187 Namen
1289 2165 1333 2186 an
1360 2154 1429 2188 der
1453 2153 1579 2188 Stirne

25 2216 27 2220 ·
94 2195 276 2231 siihren.“
302 2215 346 2222 -
372 2196 502 2230 consul.
530 2196 714 2239 designati
738 2198 783 2232 de
810 2199 954 2233 ambitu
978 2201 1157 2237 accusati.
1185 2220 1230 2226 -—
1256 2202 1360 2235 valde
1381 2202 1578 2243 laborabit,

96 2255 135 2279 so
162 2245 259 2278 wird
286 2255 328 2278 er
354 2244 463 2277 einen
489 2242 623 2278 harten
649 2244 765 2279 Stand
792 2246 851 2279 bei
878 2247 1017 2281 diesem
1045 2249 1217 2283 Processe
1243 2260 1373 2294 wegen
1401 2250 1580 2296 gemach-

94 2299 157 2327 ten
184 2291 464 2327 Unterschleiss
489 2291 620 2326 haben.
669 2294 795 2327 Wird
832 2305 875 2328 er
909 2295 1000 2329 aber
1032 2298 1164 2332 consul
1197 2297 1431 2345 designatus,
1469 2309 1507 2332 so
1532 2298 1580 2331 ist

94 2341 160 2375 fiir
184 2340 312 2374 dessen
337 2338 641 2387 Freisprechung
666 2341 753 2375 Viel
779 2353 825 2375 zu
850 2342 993 2378 hoffen.

192 2390 247 2424 10.
280 2388 461 2432 Suspenso
500 2388 641 2432 animo,
684 2389 754 2423 init
786 2397 1031 2436 gespanntem
1066 2392 1230 2427 Herzen.
1265 2411 1313 2418 ——
1357 2393 1578 2438 Dionysium,

12 2458 19 2467 .
96 2436 212 2470 Attici
238 2436 414 2471 libertum
431 2460 441 2477 ‚
476 2436 690 2471 librarium.
727 2436 810 2473 vid.
836 2449 896 2484 ep.
926 2441 1015 2474 CXI.
1047 2453 1076 2478 s.
1104 2441 1168 2475 fin.
1195 2442 1342 2477 CXLII.
1369 2452 1424 2474 me
1449 2442 1576 2485 ipsum.

28 2481 30 2485 ·
95 2484 180 2522 vid.
206 2495 263 2530 ep.
292 2485 435 2520 cxxn.
462 2483 624 2519 cxxlx.

194 2551 469 2585 TREBATIO.
502 2550 539 2585 S.
565 2563 610 2585 zu
635 2563 697 2598 ep.
726 2553 901 2588 CXXXV.
929 2567 954 2588 v
983 2556 1009 2589 l.
1037 2556 1233 2598 CXXXVI,
1262 2557 1456 2590 CXXXIX.

194 2600 226 2632 1.
253 2601 358 2641 quod.
397 2599 458 2632 Sic
490 2599 568 2633 Md.
606 2601 702 2634 Vict.
731 2604 763 2636 l.
791 2604 823 2638 2.
851 2603 950 2636 Bene
981 2626 990 2636 .
1020 2604 1106 2648 quia
1131 2605 1226 2638 Cett.
1256 2604 1452 2638 ORELLI.
1501 2605 1573 2639 Er-

98 2651 212 2679 steres
237 2647 444 2691 richtiger,
484 2646 650 2682 insofern
683 2659 720 2682 es
746 2649 806 2683 die
828 2650 936 2684 einer
961 2651 1165 2699 Handlung
1190 2651 1281 2685 oder
1305 2653 1576 2698 Unterlassung

32 2722 33 2733 2
59 2727 63 2729 ,
97 2693 292 2727 derselben
319 2695 562 2729 unmittelbar
581 2694 894 2744 vorhergehende
916 2698 1081 2733 Ursache
1107 2699 1257 2745 angibt‚
1285 2700 1466 2735 wodurch
1493 2702 1576 2735 ione

97 2740 264 2776 bewirkt
294 2742 459 2778 werden.
492 2744 527 2778 S.
564 2743 717 2779 Ramsh.
753 2747 781 2789 ᾗ.
814 2747 894 2789 187,
923 2746 952 2786 I,
978 2748 1009 2782 2.
1038 2748 1188 2785 Grotef.
1216 2746 1245 2790 §.
1271 2749 1352 2785 392.
1404 2751 1481 2784 Vor
1506 2760 1574 2793 quo
