1742 3006
553 73 871 120 EPISTOLA
909 73 1122 118 XXXII.
1493 71 1580 120 157

101 194 188 236 rit?
245 192 307 235 Et
346 188 522 231 hercule
562 190 663 229 sunt
702 199 772 228 res
821 185 1033 237 difficiles
1082 186 1138 228 ad
1188 184 1496 242 explicandum
1535 191 1581 228 et

102 250 314 301 ὁμοειδεῖς,
358 259 440 287 nec
475 247 567 285 tam
606 246 788 298 possunt
824 241 1248 295 ἄνθηρογραφεῖσθαι,
1291 255 1422 298 quam
1460 242 1580 284 vide-

101 308 280 347 bantur:
321 306 389 354 et,
415 300 533 356 quod
563 303 694 353 caput
722 301 812 350 est,
840 296 953 338 mihi
980 299 1159 352 quaevis
1182 297 1291 339 satis
1309 300 1426 340 iusta
1447 311 1582 340 causa

101 359 306 403 cessandi
334 361 411 398 est.
479 354 597 405 Quin
637 355 771 397 etiam
800 353 1021 405 dubitem,
1060 352 1160 404 hic,
1197 367 1252 395 an
1280 354 1406 396 Antii
1433 355 1579 397 consi-

102 418 206 459 dam
247 420 290 456 et
328 412 414 454 hoc
455 414 628 465 tempus
668 423 796 451 omne
834 421 1113 450 consumam:
1160 410 1234 449 ubi
1274 410 1453 465 quidem
1495 424 1579 464 ego

101 473 276 514 mallem
305 468 622 516 Duumvirum‚
662 479 792 520 quam
828 463 999 506 Romae
1034 477 1107 505 me
1144 464 1294 508 fuisse.
1361 467 1436 508 Tu
1473 480 1580 509 vero

102 525 344 582 sapientior
382 522 592 565 Buthroti
646 521 825 563 domum
871 520 1051 576 parasti.
1131 518 1245 573 Sed,
1284 521 1395 563 mihi
1433 523 1580 575 crede,

101 582 303 638 proxima
332 583 398 621 est
426 579 494 620 illi
522 576 763 631 municipio
793 575 1184 619 baeoAntiatium
1223 576 1395 618 civitas.
1467 578 1582 621 Esse

105 641 251 680 locum
280 640 371 677 tam
399 648 539 688 prope
568 633 782 686 Romam,
825 633 898 675 ubi
926 632 1054 673 multi
1083 632 1197 683 sint,
1236 633 1311 687 qui
1347 633 1581 676 Vatinium

101 706 321 748 nunquam
350 690 567 732 viderint?
604 689 679 748 ubi
707 702 835 730 nemo
876 688 935 730 sit
972 691 1147 743 praeter
1185 701 1277 741 me,
1317 690 1392 743 qui
1430 704 1580 744 quem-

100 763 230 805 quam
261 762 315 789 ex
343 745 609 801 vigintiviris
638 745 786 787 vivum
815 747 858 786 et
886 745 1054 787 salvum
1076 744 1210 786 velit?
1250 744 1324 785 ubi
1345 758 1416 786 me
1444 748 1582 788 inter-

102 806 234 860 pellet
255 817 405 853 1191110,
435 802 628 855 diligant
645 801 820 842 omnes?
849 800 962 852 Hic,
992 800 1068 841 hic
1087 801 1297 841 nimirum
1318 804 1579 842 πολιτευτέον.

102 862 219 903 Nam
248 861 350 902 istic
377 872 463 899 non
492 858 633 899 solum
661 870 750 897 non
778 857 906 908 licet,
935 856 1013 897 sed
1043 857 1175 897 otiam
1203 855 1360 897 taedet.
1427 857 1582 912 Itaque

101 918 312 962 ἀνέκδοτα,
342 928 450 969 quae
478 914 559 955 tibi
588 913 663 953 uni
691 913 912 966 legamus,
952 911 1260 967 Theopompio
1303 925 1465 966 genere
1506 917 1581 954 aut

103 974 238 1015 etiam
268 972 492 1026 asperiore
520 970 657 1011 multo
688 971 943 1024 pangentur.
1001 967 1157 1023 Neque
1186 967 1308 1010 aliud
1337 969 1426 1009 iam
1456 969 1580 1024 quid-

101 1127 208 1163 reich
240 1127 394 1166 wurde‚
431 1124 515 1160 sich
547 1125 643 1159 iiber
674 1126 805 1164 30‚000
838 1123 990 1159 Biicher
1021 1121 1252 1167 anschaffte,
1296 1128 1410 1157 unter
1440 1122 1579 1156 andern

99 1178 161 1211 die
194 1176 345 1209 VVerke
379 1175 441 1208 des
472 1173 709 1212 Aristoteles,
750 1173 810 1206 die
843 1172 1062 1218 Appellicus
1099 1172 1213 1206 Teius
1254 1171 1422 1206 besessen
1459 1169 1578 1206 hatte.

99 1226 155 1259 Er
179 1223 453 1258 unterrichtete
484 1222 544 1256 die
576 1221 701 1255 sohne
734 1221 796 1255 des
830 1221 1046 1266 Pompeius,
1079 1220 1261 1254 Lucullus
1292 1231 1328 1253 u.
1357 1219 1504 1255 Cicero.
1534 1238 1578 1245 —

100 1269 363 1317 ὁμοειδεῖς,
390 1270 558 1304 eiusdem
585 1269 736 1316 generis
762 1275 799 1303 et
825 1271 999 1309 formae,
1038 1268 1258 1315 einf‘ormig.
1289 1286 1331 1293 —
1369 1264 1494 1310 ἄνθη
1509 1279 1579 1314 ρο-

99 1332 256 1366 γραφ.,
283 1318 417 1352 floride
443 1318 576 1357 scribi,
610 1317 806 1358 exornari,
845 1316 1016 1351 bliihend
1049 1321 1301 1362 vorgetragen
1338 1315 1505 1349 werden.
1532 1335 1580 1342 -

100 1369 323 1403 videbantur.
352 1366 414 1400 Sic
439 1366 518 1400 Md.
544 1365 628 1398 Asc.
658 1367 688 1398 1.
716 1366 818 1400 Crat.
854 1365 995 1400 Victor.
1023 1366 1054 1398 1.
1081 1365 1114 1399 2.
1138 1365 1266 1396 Lamb.
1301 1363 1450 1400 Bentiv.
1477 1364 1576 1397 vide-

101 1418 209 1451 batur
243 1415 347 1447 Amb.
386 1415 440 1448 16.
473 1414 556 1446 Bos.
591 1413 727 1446 Graev.
763 1413 913 1446 Ernest.
945 1410 1098 1446 Schiitz.
1137 1412 1293 1445 Liinem.
1319 1429 1364 1436 -
1401 1413 1578 1452 cessandi,

101 1477 187 1498 zum
224 1461 471 1496 Nichtsthun.
499 1481 543 1485 —
580 1461 746 1494 dubitem.
777 1462 946 1494 Fortasse
983 1459 1115 1493 dubito.
1150 1459 1221 1493 Ed.
1246 1460 1355 1494 Rom.
1383 1460 1443 1503 quz'
1469 1460 1579 1494 etiam

101 1513 279 1553 dubitem,
316 1510 424 1555 prob.
459 1508 601 1542 Bentiv.
639 1509 837 1543 ORELLI.
871 1529 914 1535 ——
951 1519 997 1540 an
1033 1507 1093 1542 712⁶
1126 1507 1151 1541 i.
1187 1518 1222 1541 e.
1261 1508 1302 1540 in
1337 1508 1433 1541 villa
1458 1519 1579 1554 prope

100 1560 266 1594 Antium.
323 1558 465 1602 Darum
501 1556 650 1590 schrieb
686 1568 727 1590 er
761 1557 873 1590 oben:
917 1567 1079 1600 quorum
1115 1555 1234 1590 habeo
1267 1555 1373 1589 Antii
1407 1557 1578 1590 festivam

100 1608 260 1653 copiam.
328 1598 432 1639 Uber
467 1604 526 1637 die
558 1604 781 1650 Auslassung
818 1604 880 1638 des
913 1609 1036 1637 ersten
1070 1614 1116 1637 an
1143 1617 1169 1639 s.
1195 1604 1346 1638 Ramsh.
1373 1606 1403 1648 §.
1432 1606 1512 1648 174,
1540 1606 1577 1644 3,

98 1669 130 1689 3.
161 1655 308 1690 Grotef.
335 1653 367 1695 ξ.
394 1653 474 1687 346.
502 1653 652 1696 Zumpt.
680 1652 713 1695 ς.
739 1653 821 1687 554.
849 1652 969 1685 Hand.
997 1652 1192 1689 'sm-sellia.
1212 1653 1244 1686 1.
1262 1663 1299 1697 p.
1317 1653 1398 1687 3⁰8.
1426 1652 1578 1698 Duplex

98 1715 145 1738 an
175 1704 400 1748 plerumque
433 1701 601 1734 librariis
635 1700 813 1742 debetur,
847 1705 927 1744 sagt
963 1700 1093 1734 Orelli.
1122 1718 1165 1725 —
1198 1699 1265 1733 ltoc
1302 1703 1439 1744 tempus
1464 1711 1575 1742 omne,

99 1752 199 1796 quod
244 1761 386 1796 ponere
427 1754 630 1782 statueram
677 1748 717 1780 in
760 1747 1086 1796 peregrinatione,
1137 1749 1295 1782 Caesare
1332 1749 1497 1784 consule.
1531 1768 1577 1774 —-

101 1801 343 1833 Duumm'rum.
383 1798 437 1831 Er
463 1797 591 1830 wollte
618 1797 693 1829 also
719 1796 840 1830 lieber
865 1795 1052 1830 Duumvir
1076 1808 1122 1829 zu
1148 1797 1325 1837 Antium,
1357 1796 1480 1831 dieser
1504 1797 1578 1831 R‘ci-

101 1847 268 1881 mischen
300 1845 480 1884 Kolonie‚
514 1845 568 1878 als
599 1844 793 1877 Duumvir
827 1844 861 1877 d.
895 1843 934 1878 h.
972 1845 1111 1877 Consul
1142 1857 1190 1878 zu
1221 1845 1317 1879 Rom
1354 1844 1445 1881 sein.
1504 1844 1577 1878 Die

97 1903 222 1930 ersten
250 1893 452 1928 Χῖοι-5191191·
476 1893 543 1927 der
568 1892 753 1926 Kolonien
779 1904 816 1926 11.
842 1891 1177 1937 Municipalstiidte
1202 1891 1351 1926 hiessen
1374 1903 1445 1927 von
1472 1892 1580 1927 ihrer

98 1944 194 1977 Ζ3111
219 1942 432 1983 duumviri3
469 1952 538 1988 gar
562 1941 681 1987 lustig
706 1940 818 1985 spielt
842 1950 886 1972 er
917 1940 1033 1973 damit
1059 1943 1128 1974 auf
1150 1941 1210 1974 die
1236 1941 1334 1974 Zahl
1357 1941 1426 1976 der
1450 1942 1578 1976 Romi-

100 1992 215 2025 schen
242 1991 406 2026 Consuln
431 2001 488 2022 311.
515 2007 558 2012 -
597 1989 828 2029 Ruth-retum,
854 1984 1100 2035 Βουθρωτόν,
1142 1989 1232 2030 jetzt
1267 1988 1367 2023 noch
1401 1990 1578 2027 Butrinto

101 2041 139 2072 in
173 2039 336 2084 Epirus,
368 2049 428 2071 wo
464 2037 613 2070 Attikus
643 2039 730 2070 fern
763 2047 835 2070 von
866 2037 978 2070 allem
1016 2036 1203 2071 Gewuhle
1236 2038 1351 2071 Roms
1383 2037 1498 2072 lebte.
1533 2057 1577 2062 —

96 2088 264 2131 proxima
292 2087 314 2119 i.
332 2098 364 2120 e.
382 2086 596 2127 simillima,
622 2085 723 2129 quod
749 2085 794 2118 ad
821 2085 1064 2118 solitudinem
1091 2092 1128 2119 et
1145 2085 1413 2119 amoenitatem
1431 2086 1577 2132 attinet.

104 2135 182 2180 vgl.
212 2135 257 2168 ad
282 2134 393 2168 Attic.
419 2135 486 2175 IV,
512 2135 543 2169 8,
573 2153 616 2157 -
642 2133 733 2166 Esse
758 2134 883 2167 locum.
902 2134 1023 2178 suppl.
1050 2133 1191 2177 Ecquis
1211 2133 1428 2168 crediderit.
1475 2134 1579 2168 Uber

99 2184 227 2217 diesen
265 2182 435 2216 Infinitiv
468 2181 688 2227 lebendiger
725 2182 846 2228 Frage
880 2193 906 2216 s,
941 2181 1091 2215 Ramsh.
1128 2184 1158 2226 §.
1185 2183 1265 2223 168,
1296 2182 1337 2215 B.
1364 2183 1397 2217 6.
1425 2182 1572 2216 Grotes.

98 2232 127 2274 ξ.
154 2233 235 2266 311.
266 2250 307 2254 -
342 2230 449 2263 mulli
473 2230 566 2270 sint,
601 2230 679 2263 Asc.
711 2231 739 2263 1.
766 2233 859 2262 saut.
886 2249 929 2253 —
970 2229 1170 2269 Vatinium,
1206 2230 1277 2263 den
1310 2228 1575 2269 Volkstribun‚

98 2281 171 2313 den
197 2281 306 2314 Ciisar
340 2279 393 2312 als
426 2279 566 2313 Consul
600 2290 644 2310 zu
676 2278 786 2311 allem
818 2278 972 2324 Unfuge
1006 2277 1246 2323 gebrauchte.
1276 2297 1318 2308 ν-
1351 2278 1576 2320 υἱὲἱηῖίυίνὶ,

99 2328 158 2361 (lie
183 2327 353 2371 zwanzig
381 2325 689 2367 Commissarien,
725 2323 873 2359 welche
898 2328 1074 2369 vermb'ge
1101 2326 1169 2360 der
1193 2337 1269 2369 von
1295 2328 1410 2363 (13531-
1434 2325 1575 2359 ‹lurch—

98 2382 284 2421 gesetzten
317 2376 379 2408 lex
411 2374 562 2421 agraria
596 2374 656 2407 die
697 2372 995 2419 Campanischen
1034 2374 1266 2409 La'ndereien
1299 2380 1414 2408 unter
1445 2374 1576 2414 20,000

99 2423 359 2457 unbemittelte
384 2421 584 2457 Romische
610 2422 760 2468 Biirger
790 2421 867 2455 und
892 2428 1006 2455 unter
1030 2423 1092 2456 die
1130 2424 1346 2456 Veteranen
1379 2422 1440 2455 des
1466 2422 1574 2455 Pom-

99 2471 204 2514 peius
228 2471 438 2504 vertheilen
465 2471 610 2504 sollten.
661 2470 695 2502 S.
734 2470 781 2503 ad
812 2469 926 2504 Attic.
964 2471 1013 2511 11,
1047 2473 1068 2506 7
1102 2483 1138 2504 u.
1174 2472 1234 2513 lx,
1267 2473 1290 2506 2
1325 2482 1364 2505 11.
1396 2469 1482 2503 Dio.
1515 2470 1572 2505 38.

99 2522 250 2560 praeter
280 2529 330 2551 me
362 2515 549 2564 εἰρωνικῶς
584 2518 739 2551 dictum.
775 2537 818 2542 —-
849 2517 1033 2561 interpell.
1068 2519 1235 2563 aliquem,
1276 2517 1400 2551 Einen
1433 2518 1571 2551 st'dren.

100 2564 182 2598 ihm
209 2566 333 2599 Etwas
359 2567 397 2599 in
423 2567 494 2599 den
530 2567 642 2612 'VVeg
678 2566 801 2612 legen.
835 2585 878 2590 —
912 2567 1005 2608 Hic,
1039 2565 1096 2600 ltz'c
1121 2592 1130 2600 .
1159 2592 1166 2600 .
1197 2593 1204 2600 .
1237 2564 1571 2605 πολιτευτέον,

100 2614 204 2654 hier,
231 2612 316 2646 hier
340 2614 492 2648 m‘dchte
519 2613 579 2646 ein
604 2613 802 2647 ehrlicher
817 2613 1053 2648 Staatsmann
1080 2616 1158 2647 sein
1175 2614 1324 2647 xVesen
1343 2614 1500 2648 treiben.
1527 2632 1570 2637 —

97 2661 201 2703 istic,
226 2661 375 2695 Romae.
406 2683 447 2688 -—-
475 2673 545 2695 non
574 2662 662 2695 licet
686 2659 968 2703 πολιτεύεσθαι,
998 2663 1232 2706 reipublicae
1248 2672 1402 2707 operam
1422 2673 1568 2696 navare.

101 2729 142 2733 -
168 2713 375 2751 pangentur
399 2710 481 2743 scil.
509 2721 528 2742 a
553 2711 678 2751 nobis,
705 2711 823 2744 sollen
850 2721 923 2743 von
950 2710 1024 2742 mir
1051 2709 1258 2755 versertigt
1283 2710 1445 2744 werden.
1496 2711 1570 2742 Ein

99 2756 376 2791 Dichterwort!
411 2758 538 2792 Horat.
576 2758 694 2802 Epist.
738 2761 766 2790 l.
804 2759 858 2799 IS,
894 2759 938 2792 40
971 2769 1136 2804 pangere
1177 2749 1369 2803 poemata,
1418 2760 1567 2792 Lucret.
