1742 3006
226 77 314 125 110
464 75 528 120 M.
559 76 616 119 Τ.
647 72 991 118 CICERONIS
1021 72 1400 120 EPISTOLAE.

215 195 307 235 iam
345 191 526 233 videtur
570 186 824 230 refrixisse.
907 186 1043 238 Quod
1079 200 1150 229 me
1179 187 1374 243 quodam
1414 187 1548 230 modo
1578 190 1706 232 molli

215 247 404 291 brachio
449 246 507 287 de
546 244 758 299 Pompeii
796 243 1112 286 familiaritate
1162 245 1394 299 obiurgas:
1449 245 1592 286 nolim
1642 247 1708 289 ita

214 304 476 354 existimes,
518 314 591 343 me
631 301 722 342 mei
750 300 970 356 praesidii
1010 312 1146 342 causa
1173 314 1274 342 cum
1303 301 1391 341 illo
1422 302 1706 344 coniunctum

214 374 340 403 esse:
371 357 453 399 sed
481 357 550 399 ita
577 370 649 399 res
678 362 776 399 erat
805 357 1030 409 instituta,
1061 360 1125 409 ut,
1154 357 1194 398 si
1224 358 1346 398 inter
1374 369 1455 398 nes
1477 362 1595 399 esset
1619 359 1705 399 ali-

215 430 303 472 qua
341 413 462 455 sorte
505 414 752 467 dissensio,
802 413 1023 454 maximas
1062 411 1110 452 in
1141 426 1200 455 re
1229 413 1413 468 publica
1451 412 1706 457 discordias

213 471 389 514 versari
429 474 548 512 esset
584 483 778 512 necesse.
838 468 973 520 Quod
1001 481 1030 509 a
1057 481 1127 510 me
1157 469 1224 511 ita
1252 472 1542 524 praecautum
1572 473 1706 525 atque

213 530 279 569 ita
307 527 537 581 provisum
567 531 660 579 est,
688 539 779 567 non
808 529 859 566 ut
887 538 971 578 ego
1001 523 1058 565 de
1088 526 1259 579 optima
1288 527 1373 567 illa
1402 538 1502 567 mea
1531 527 1707 568 ratione

211 583 504 635 decederem,
549 582 631 624 sed
671 586 721 623 ut
749 581 831 623 ille
863 583 982 622 esset
1009 581 1175 621 melior
1202 585 1248 622 et
1277 581 1456 637 aliquid
1486 581 1542 623 de
1568 597 1707 638 popu-

211 640 298 681 lari
328 639 516 680 levitate
546 639 814 693 deponeret:
846 651 980 693 quem
1007 636 1063 678 de
1093 637 1206 678 meis
1236 639 1383 690 rebus,
1413 638 1459 679 in
1478 651 1587 693 quas
1606 652 1707 680 eum

210 696 344 736 multi
383 695 655 743 incitarent,
710 695 852 736 multo
891 694 1009 734 scito
1049 693 1318 747 gloriosius,
1366 707 1498 748 quam
1528 694 1584 735 de
1614 695 1707 736 suis

211 751 495 807 praedicare.
554 751 652 793 Sibi
682 752 801 792 enim
831 751 943 791 bene
972 754 1140 803 gestae,
1169 748 1285 789 mihi
1316 754 1608 792 conservatae
1638 751 1707 791 rei

210 807 419 863 publicae
449 807 529 848 dat
557 807 879 848 testimonium.
949 804 1052 847 Hoc
1091 804 1242 846 facere
1273 805 1405 846 illum
1430 805 1546 846 mihi
1575 820 1707 860 quam

209 864 369 918 prosit,
399 863 576 914 nescio,
607 864 675 905 rei
704 863 912 919 publicae
944 865 1067 903 certe
1098 861 1295 915 prodest.
1357 860 1510 911 Quid?
1533 863 1589 903 si
1620 863 1705 904 eti-

209 933 281 961 am
311 920 565 973 Caesarem,
596 920 722 961 cuius
751 933 869 960 nunc
896 918 1022 961 venti
1050 918 1185 959 valde
1215 921 1318 958 sunt
1347 917 1560 971 secundi,
1604 918 1706 959 red-

209 976 268 1017 do
311 977 578 1017 meliorem:
624 990 729 1016 num
768 975 950 1017 tandem
989 975 1143 1015 obsum
1185 974 1251 1014 rei
1293 974 1524 1029 publicae?
1582 973 1704 1024 Quin

209 1033 362 1085 etiarn,
387 1033 427 1073 si
455 1032 572 1072 mihi
602 1045 732 1072 nemo
762 1032 1014 1079 invideret;
1044 1030 1083 1070 si
1115 1043 1282 1082 omnes,
1314 1033 1362 1070 ut
1384 1034 1481 1070 erat
1500 1043 1704 1085 aequum,

207 1088 434 1130 faverent:
465 1091 614 1129 tamen
644 1102 732 1129 non
761 1089 907 1128 minus
930 1090 1048 1127 esset
1070 1086 1303 1140 probanda
1317 1085 1557 1138 medicina,
1589 1100 1702 1141 quae

207 1148 387 1185 sanaret
416 1144 606 1185 vitiosas
637 1147 789 1198 partes
820 1144 887 1185 rei
918 1143 1138 1198 publicae,
1169 1155 1300 1196 quam
1323 1154 1438 1196 quae
1454 1146 1702 1183 exsecaret.

207 1200 339 1242 Nunc
368 1213 492 1252 vero,
523 1214 660 1255 quum
689 1201 915 1254 equitatus
945 1199 1043 1251 ille,
1073 1212 1204 1252 quem
1235 1211 1317 1251 ego
1348 1211 1395 1238 1n
1426 1199 1548 1239 clivo
1568 1198 1704 1253 Capi-

205 1257 352 1298 tolino
382 1261 426 1297 te
457 1255 677 1311 signifero
709 1269 762 1297 uc
790 1255 997 1310 principe
1019 1255 1312 1305 collocaram,
1342 1258 1543 1294 senatum
1574 1253 1702 1295 dese-

208 1313 374 1361 ruerit,
412 1313 558 1354 nostri
597 1315 747 1353 autem
794 1312 1021 1366 principes
1066 1309 1213 1365 digito
1253 1323 1300 1351 se
1341 1310 1516 1350 caelum
1545 1313 1702 1363 putent

204 1508 341 1544 beiden
371 1507 717 1556 vorhergehenden
744 1507 880 1541 Briefe.
908 1526 951 1532 —
977 1518 1065 1541 sane
1089 1508 1172 1549 iam,
1200 1508 1333 1542 Graev.
1350 1520 1446 1554 susp.
1472 1519 1559 1542 sane
1584 1520 1703 1554 quam,

205 1557 306 1603 quod
333 1556 484 1592 Schiitz.
512 1557 672 1602 recepit.
727 1556 807 1592 Cfr.
835 1562 961 1589 tamen
987 1556 1034 1589 ad
1059 1557 1198 1593 Famil.
1225 1557 1298 1598 111,
1326 1558 1359 1599 S,
1388 1560 1426 1592 l:
1467 1558 1702 1600 refrigerato

205 1607 280 1639 iam
305 1616 477 1640 sermone.
532 1604 728 1639 ORELLI.
755 1623 799 1629 ——
850 1605 953 1638 molli
978 1603 1130 1638 brachio
1156 1618 1205 1636 z
1230 1605 1399 1638 molliter
1423 1612 1460 1638 et
1484 1606 1636 1649 leviter,
1663 1613 1704 1640 ut

205 1654 278 1687 leni
310 1652 463 1688 brachio
496 1653 542 1685 ad
576 1653 691 1686 Attio.
727 1653 793 1693 IV,
829 1653 883 1687 15.
913 1652 1197 1696 quodammodo
1231 1660 1401 1699 suspecta
1434 1655 1619 1688 Ernestio.
1657 1677 1699 1682 —

202 1702 387 1747 praesidii
422 1711 553 1742 causa,
606 1713 678 1735 was
711 1711 753 1734 er
781 1700 918 1734 iedoch
944 1701 996 1734 im
1022 1702 1099 1734 XX.
1127 1701 1255 1734 Briefe
1287 1704 1316 1746 §.
1348 1703 1391 1736 10
1423 1713 1516 1746 ganz
1543 1703 1632 1737 leise
1657 1715 1701 1737 zu

205 1751 407 1784 verstehen
435 1749 520 1795 gab.
549 1768 593 1774 -
627 1751 683 1782 ila
708 1759 769 1782 res
795 1753 875 1782 erat
900 1749 1078 1791 instituta,
1105 1749 1165 1782 die
1188 1750 1392 1784 Umstande
1418 1762 1541 1783 waren
1569 1762 1608 1785 so
1634 1752 1702 1784 be-

204 1797 383 1832 schaffen.
434 1815 480 1824 —-
530 1799 574 1832 de
607 1801 683 1841 opt.
715 1808 762 1830 m.
794 1801 887 1837 rat„
929 1809 1000 1830 von
1034 1797 1178 1831 meiner
1211 1798 1491 1843 patriotischen
1517 1800 1700 1834 Denkart.

203 1847 333 1881 Lamb.
362 1846 540 1891 optimati,
566 1846 705 1879 Placet.
735 1844 934 1880 ORELLI.
985 1843 1072 1890 vgl.
1105 1857 1161 1892 ep.
1197 1848 1313 1886 XXV,
1349 1849 1383 1882 3.
1411 1848 1512 1881 viam
1539 1849 1700 1893 optima-

202 1902 294 1930 tem.
323 1915 366 1920 —
391 1895 434 1928 de
457 1905 542 1939 pop.
558 1895 674 1936 levit„
702 1905 775 1927 von
793 1894 931 1927 seinem
949 1893 1048 1928 nach
1065 1894 1294 1940 Volksgunst
1311 1894 1530 1929 buhlenden
1547 1893 1723 1930 Leicht-¹

203 1944 323 1978 sinne.
349 1963 394 1969 —
420 1943 579 1977 incitare
603 1943 655 1983 in,
684 1953 806 1988 gegen
830 1943 957 1976 Etwas
983 1943 1219 1988 aufbringen,
1245 1942 1480 1977 einnehmen.
1529 1944 1566 1978 S.
1593 1946 1699 1989 epist.

202 1992 336 2032 XXIV,
364 1994 396 2027 7.
424 2011 467 2019 -ο-
493 2002 526 2029 ε.
552 1995 646 2024 vent.
676 2014 684 2022 .
713 2017 721 2025 .
747 1989 911 2032 secundi,
946 1991 1012 2024 der
1037 1991 1129 2025 ietzt
1154 1991 1227 2025 mit
1251 1992 1337 2025 sehr
1363 1992 1566 2039 giinstigen
1592 1994 1700 2027 Win-

203 2041 276 2074 den
302 2041 439 2086 sege1t3
482 2046 602 2084 trop.
637 2039 702 2072 fiir
739 2039 800 2084 qui
826 2039 1103 2072 existimatione
1129 2046 1166 2072 et
1191 2040 1416 2073 anctoritate
1440 2041 1602 2074 maxime
1627 2043 1698 2076 flo-

201 2096 270 2122 ret.
293 2108 338 2114 —-
364 2100 451 2122 num
476 2089 620 2122 tandem
646 2094 716 2121 cet.
774 2087 835 2121 Sic
870 2087 917 2120 de
944 2087 1108 2121 coniect.
1136 2087 1295 2123 Schiitz.
1323 2089 1418 2126 min.
1450 2089 1523 2126 cfr.
1550 2090 1633 2124 Lib.
1659 2092 1696 2131 3,

203 2140 260 2180 11,
286 2138 324 2172 2:
358 2137 430 2170 llic
454 2141 576 2170 utrum
602 2136 744 2170 tandem
770 2146 843 2169 sum
869 2136 1116 2170 accusandus?
1142 2156 1159 2162 -
1195 2140 1334 2177 tamen,
1370 2144 1410 2171 ut
1441 2138 1594 2171 volebat
1627 2140 1697 2172 Er-

202 2191 316 2226 nest.‚
357 2185 461 2219 Amb.
490 2185 542 2220 17.
577 2185 706 2219 Lamb.
735 2184 878 2218 Bentiv.
907 2188 1043 2218 tantum
1079 2185 1177 2220 cett.
1207 2185 1336 2219 Orelli.
1384 2189 1526 2220 tantum
1557 2200 1607 2218 Ξ
1641 2186 1697 2220 ita

200 2233 363 2267 multum.

298 2285 331 2317 7.
372 2292 519 2325 aequum
553 2287 643 2316 erat.
703 2283 737 2315 S.
766 2281 917 2315 Ramsh.
945 2281 977 2326 ἕ.
1009 2283 1095 2324 166,
1124 2283 1157 2324 2,
1186 2294 1218 2315 c.
1247 2281 1335 2316 Not.
1388 2283 1535 2316 Grotef.
1562 2284 1590 2328 §.
1619 2283 1698 2319 184.

203 2334 341 2376 Zumpt
368 2332 396 2374 ξ.
424 2332 504 2365 518.
532 2349 575 2354 --
629 2341 718 2373 quae
747 2334 944 2364 enecaret.
997 2331 1117 2364 Notat
1141 2330 1311 2369 nimiam,
1341 2331 1495 2366 Catonis
1523 2331 1697 2373 maxime,

202 2380 458 2420 severitatem,
485 2389 581 2422 quae
607 2379 661 2411 rei
689 2379 864 2423 publicae
889 2384 1056 2413 noceret.
1107 2378 1312 2413 MANUT.
1347 2397 1391 2404 —
1429 2378 1607 2422 equitatus
1633 2379 1699 2413 ille

202 2430 330 2462 iocose
362 2438 450 2472 pro:
503 2426 650 2471 equites
674 2428 847 2462 Romani.
899 2445 943 2451 --
993 2427 1031 2460 in
1059 2427 1150 2460 clivo
1180 2427 1322 2470 Oapit.,
1366 2427 1419 2460 im
1445 2428 1603 2472 Tempe!
1631 2428 1697 2461 der

205 2475 433 2516 Concordia,
463 2487 518 2508 wo
546 2475 683 2508 Consul
712 2475 847 2509 Cicero
875 2475 944 2508 den
970 2474 1084 2508 Senat
1109 2476 1294 2521 befragte,
1322 2477 1410 2509 Was
1437 2477 1507 2509 mit
1534 2477 1604 2508 den
1632 2487 1695 2509 er-

203 2526 392 2570 griffenen
418 2523 742 2557 Verschworenen
771 2523 835 2556 des
864 2523 1023 2556 Catilina
1048 2536 1091 2557 zu
1117 2526 1211 2557 thun
1235 2525 1297 2558 sei.
1373 2524 1480 2558 Diess
1513 2524 1602 2558 alles
1627 2524 1694 2557 soll

206 2575 280 2606 den
307 2573 397 2606 Sinn
423 2572 625 2606 andeuten:
654 2583 766 2616 quem
795 2572 968 2605 ordinem
997 2572 1167 2617 equitum
1195 2583 1264 2618 ego
1291 2573 1442 2606 Senatui
1463 2573 1692 2607 conciliave-

205 2633 296 2655 ram.
348 2622 456 2654 Denn
492 2632 564 2654 von
595 2621 721 2654 ienem
756 2622 857 2664 Tage
892 2621 960 2653 her
993 2621 1146 2654 schrieb
1178 2622 1260 2655 sich
1294 2621 1353 2653 die
1379 2621 1580 2655 Eintracht
1605 2621 1694 2655 zwi-

206 2670 319 2703 schen
346 2670 415 2702 den
442 2670 592 2703 Rittern
618 2669 692 2703 und
719 2670 941 2702 Senatorcn.
992 2669 1123 2713 Vergl.
1151 2681 1208 2715 ep.
1225 2669 1337 2711 XXII,
1364 2670 1396 2704 9.
1425 2673 1607 2704 —QenaL
1633 2670 1694 2704 de-

205 2719 372 2751 seruerit.
410 2717 593 2751 warum?
643 2717 675 2751 S.
704 2729 760 2762 ep.
789 2716 908 2755 XXII,
936 2718 972 2753 8.
1000 2728 1034 2749 n.
1063 2719 1096 2752 9.
1155 2720 1245 2752 Man
1278 2718 1437 2751 beachte
1471 2719 1532 2751 die
1567 2717 1694 2751 bildli-

207 2768 314 2802 chen.
348 2778 432 2800 vom
460 2767 750 2802 Militairwesen
779 2765 993 2799 cntlehnten
1019 2764 1251 2804 Ausdriicke.
1289 2786 1331 2792 --
1369 2767 1562 2810 principe-³,
1591 2778 1619 2801 z.
1648 2768 1689 2799 Β.
