1742 3006
138 82 201 128 70
425 81 487 124 M.
519 82 582 125 T.
609 78 953 125 CICERONIS
986 80 1360 125 EPISTOLAE.

82 194 348 238 llafflictus
389 194 613 235 conticuit
658 195 703 233 et
750 193 972 234 concidit.
1031 193 1200 236 Noster
1228 197 1376 235 autem
1407 196 1550 236 status
1582 197 1654 237 est

144 251 237 293 hic.
298 251 431 305 Apud
453 252 592 290 bonos
614 248 754 290 iidem
780 262 947 302 sumuS‚
978 264 1089 305 quos
1124 251 1376 305 reliquisti:
1408 250 1526 304 apud
1556 265 1652 292 sor-

144 308 245 348 dem
274 308 399 348 urbis
430 309 475 346 et
504 304 676 347 faecem
706 306 854 347 multo
883 306 1048 347 melius
1080 319 1215 360 nunc,
1247 319 1380 361 quam
1406 306 1652 360 reliquisti.

144 363 261 405 Nam
300 367 345 404 et
383 362 502 402 illud
544 361 674 402 nobis
715 375 804 402 non
835 362 985 415 obest,
1036 362 1186 404 videii
1215 367 1419 403 nostrum
1449 363 1654 403 testimo-

147 422 271 460 nium
301 431 388 459 non
419 419 636 459 valuisse.
693 417 866 458 Missus
897 422 967 458 est
995 420 1180 473 sanguis
1212 419 1415 460 invidiae
1445 418 1542 458 sine
1573 418 1653 459 do-

148 477 272 522 lore3
322 478 456 528 atque
495 475 632 514 etiam
671 472 760 514 hoc
788 474 960 527 magis,
1013 475 1134 529 quod
1165 489 1316 515 omnes
1347 475 1420 514 illi
1453 473 1654 515 fautmes

150 532 278 572 illius
317 530 487 585 fiagitii
529 543 623 570 iem
674 529 961 571 manifestam
1002 531 1131 572 illam
1173 531 1451 585 redemptam
1492 543 1588 571 esse
1628 544 1656 571 a

151 586 377 628 iudicibus
408 585 710 627 confitentur.-
726 586 954 651 Accedit
983 587 1114 639 illud,
1144 587 1265 641 quod
1296 587 1380 628 illa
1409 587 1651 627 conciona-

151 645 209 683 lis
240 642 409 683 hiiudo
434 643 617 694 aeiarii,
647 642 815 683 misera
842 655 896 683 ac
925 640 1078 684 ieiuna
1106 643 1362 697 plebecula,
1391 655 1461 682 me
1485 643 1540 683 ab
1567 642 1656 683 hoc

151 698 332 754 Magno
359 699 490 739 unice
521 698 657 753 diligi
687 702 839 752 puta-t·
892 702 944 739 et
983 698 1171 739 hercule
1201 699 1345 739 multa
1384 702 1431 739 et
1459 698 1657 738 iucunda

153 756 478 797 consuetudine
512 755 741 796 coniuncti
774 756 894 795 inter
922 768 1003 796 nos
1033 768 1196 806 sumus,
1226 768 1366 808 usque
1396 767 1464 804 eo,
1495 758 1546 795 ut
1575 768 1655 794 no-

154 813 239 853 stri
269 812 349 852 isti
381 812 699 852 comissatores
730 811 1072 863 coniurationis,
1102 811 1330 852 barbatuli
1359 810 1567 861 iuvenes,
1597 810 1656 850 il-

153 869 245 909 lum
275 868 321 908 in
352 867 631 909 se1m0nibus
663 866 861 908 Gnaeum
891 868 1159 908 Ciceronem
1191 867 1435 922 appellent.
1494 866 1657 919 Itaque

155 929 201 966 et
241 924 362 965 ludis
403 927 449 965 et
490 923 820 978 gladiatoribus
859 923 1089 965 milandas
1120 924 1385 973 ἐπισημασίας
1424 921 1520 963 sine
1560 922 1659 962 ulla

93 994 143 1033 12
156 979 406 1036 pastoricia
434 979 591 1021 fistula
620 978 948 1021 auferebamus.
1017 979 1149 1021 Nunc
1179 983 1247 1020 est
1277 978 1562 1033 exspectatio
1592 977 1660 1018 in-

156 1049 283 1091 gens
307 1037 622 1088 comitioium⁷
672 1037 734 1076 in
757 1048 873 1101 quae
904 1037 1110 1077 omnibus
1139 1035 1300 1077 invitis
1328 1035 1476 1075 trudit
1505 1036 1661 1074 noster

152 1092 345 1147 Magnus
376 1093 485 1140 Auli
514 1091 685 1133 filium:
716 1091 875 1147 'atque
882 1092 929 1133 in
958 1106 1011 1134 eo
1042 1105 1185 1147 neque
1215 1092 1489 1133 auctmitate
1514 1102 1660 1145 neque

254 1223 310 1256 11.
343 1225 474 1266 status,
501 1223 683 1263 conditio,¹
712 1225 822 1268 Lage.
851 1241 894 1248 --
923 1234 979 1268 ap.
1007 1224 1106 1257 sord.
1135 1248 1143 1256 .
1170 1249 1178 1256 .
1198 1224 1358 1266 faecem,
1385 1223 1489 1256 heim
1506 1223 1662 1256 verdor-

157 1270 313 1302 bensten
339 1281 373 1304 u.
412 1272 501 1305 iibel
527 1274 720 1316 gesinnten
749 1271 887 1305 Theile
915 1272 979 1305 des
1005 1272 1140 1314 Adels,
1182 1271 1292 1306 nicht
1317 1272 1380 1305 bei
1408 1272 1475 1304 der
1500 1272 1662 1305 canaille

156 1324 195 1350 et
230 1317 306 1351 vile
339 1319 544 1373 populace,
599 1320 659 1354 die
693 1320 863 1354 nachher
889 1321 1060 1353 erw'ahnt
1086 1320 1192 1353 wird.
1219 1340 1263 1346 ——
1315 1321 1477 1360 Missus,
1512 1320 1660 1355 Bentiv.

160 1377 254 1412 susp.
283 1369 317 1399 et
341 1367 467 1401 missus
493 1375 646 1414 propter
673 1369 768 1402 illud
796 1373 829 1402 et
855 1368 955 1402 illud.
1010 1370 1058 1403 Ut
1084 1380 1187 1402 nunc
1214 1375 1283 1410 est,
1310 1371 1345 1401 et
1370 1368 1464 1401 illud
1489 1374 1545 1401 est
1568 1379 1664 1401 unus

157 1426 199 1446 ex
225 1415 354 1460 paucis
380 1415 486 1457 locis,
512 1418 551 1450 in
580 1418 713 1462 quibus
740 1421 775 1450 et
799 1427 868 1462 pro
897 1418 1003 1451 etiam
1030 1418 1183 1463 ponitur
1199 1394 1299 1462 apu'd
1312 1417 1432 1449 Cicer.
1463 1416 1661 1451 ORELLI.

158 1463 310 1497 Sensus:
338 1476 410 1506 „eo
434 1465 528 1511 ipso,
556 1467 659 1512 quod
686 1465 943 1499 testimonium
970 1478 1043 1500 non
1057 1466 1232 1508 valuerit,
1259 1465 1400 1499 invidia
1427 1471 1481 1497 est
1507 1471 1662 1508 mutata,

160 1512 266 1545 sicut
299 1509 320 1553 ἡ
346 1512 528 1560 πληθωρὴ
568 1515 750 1548 minuitui
775 1515 965 1559 sanguinis
999 1515 1245 1548 detractione.
1271 1507 1489 1548 SCHUTZ.
1518 1533 1561 1539 -
1589 1524 1663 1547 rem

160 1559 286 1602 manus.
306 1561 438 1601 illam
481 1563 627 1596 facinus
654 1564 747 1597 illud
773 1569 811 1596 et
839 1562 984 1597 crimen
1012 1564 1251 1597 manifestum
1280 1573 1370 1594 esse.
1419 1562 1521 1594 zllam
1547 1568 1663 1595 setzte

156 1609 310 1643 Ernesti
341 1609 474 1651 hinzu,
516 1611 659 1645 Sch'utz
693 1612 734 1645 in
762 1611 796 1643 d.
826 1612 876 1644 kl.
903 1611 1014 1655 Ausg.
1043 1611 1135 1655 tilgt
1161 1622 1211 1652 es,
1241 1610 1327 1643 weil
1354 1610 1522 1642 dasselbe
1548 1612 1663 1644 Wort

158 1669 201 1691 zu
236 1658 296 1691 oft
328 1658 589 1692 wiederkehre
621 1660 702 1693 und
735 1659 801 1692 der
838 1659 928 1692 Sinn
964 1660 1061 1693 ohne
1086 1660 1189 1692 ienes
1214 1659 1315 1692 illam
1341 1658 1566 1703 vollstandig
1593 1659 1662 1693 sei.

156 1708 208 1741 Es
231 1706 324 1751 liegt
349 1707 490 1741 iedoch
516 1707 602 1741 hier
627 1707 861 1742 Nachdruck
888 1708 1010 1741 datin.
1041 1727 1085 1733 —
1130 1707 1207 1740 red.
1235 1716 1310 1739 esse
1333 1708 1358 1739 i.
1386 1718 1417 1738 e.
1448 1713 1487 1739 et
1524 1706 1662 1740 redimi

156 1765 230 1788 non
257 1755 424 1801 potuisse
452 1756 522 1789 nisi
549 1756 836 1801 corrumpendis
863 1756 1062 1791 iudicibus.
1090 1775 1136 1781 -
1169 1755 1327 1788 Accedit
1353 1755 1459 1787 illud.
1510 1755 1663 1789 Ernesti

156 1804 246 1848 tilgt
280 1803 345 1836 das
378 1804 798 1847 Pronome11380hiitz
825 1806 932 1838 auch.
997 1805 1139 1839 Bentiv.
1165 1803 1382 1837 vermuthet
1408 1803 1560 1837 Accedit
1587 1802 1662 1838 lzuc.

161 1872 204 1878 --
226 1851 394 1887 'conc-ion.
421 1853 552 1887 hirudo
579 1864 669 1892 aer„
699 1854 767 1886 der
791 1852 986 1902 hungrige
1012 1854 1128 1887 Theil
1154 1853 1216 1885 des
1242 1852 1375 1894 Volks‚
1404 1852 1471 1884 der
1497 1852 1555 1885 die
1567 1852 1663 1885 Bur-

160 1902 557 1947 gerversammlungen
592 1902 690 1935 bloss
724 1902 905 1943 besueta,
948 1914 1010 1935 um
1044 1903 1115 1934 wie
1148 1901 1320 1948 Blutegel
1357 1911 1402 1932 an
1431 1900 1510 1932 der
1520 1902 1664 1934 Staats-

159 1948 472 1983 schatzkammer
500 1962 548 1985 zu
573 1962 724 1995 saugen.
761 1968 804 1975 -
840 1952 986 1993 Magno
1013 1951 1196 2005 Pompeio
1221 1949 1408 1994 populari,
1437 1960 1457 1980 a
1485 1960 1558 1993 quo
1586 1949 1664 1981 lar-

157 1997 320 2041 gitiones
344 2007 392 2031 ‘ex
418 1999 563 2033 aerario
588 1998 894 2044 exspectabat.—
922 1999 1095 2032 commiss.
1114 1998 1218 2039 coni„
1249 1998 1312 2031 die
1346 1997 1664 2031 Catilinarischen

159 2045 512 2089 Schinausbriider,
541 2048 592 2081 im
621 2047 676 2081 19.
703 2047 812 2080 Brief
835 2046 871 2091 ᾗ.
899 2048 921 2081 5
946 2057 1044 2089 grex
1070 2052 1243 2089 genennt.
1305 2045 1387 2089 Vgl.
1414 2046 1526 2079 Catil.
1555 2045 1606 2087 11,
1627 2045 1661 2080 5.-

159 2105 228 2138 pro
263 2097 364 2130 Mur.
399 2098 432 2131 6.
469 2108 526 2140 pr.
562 2096 666 2131 Coel.
705 2097 759 2130 15.
797 2115 845 2120 —
878 2096 1008 2139 Itaque
1043 2109 1092 2126 z
1125 2095 1177 2128 ita
1213 2101 1268 2128 est
1300 2095 1468 2135 factum,
1509 2099 1561 2127 ut.
1622 2095 1663 2129 S.

160 2144 331 2177 Ramsh.
352 2146 382 2188 ἓ.
418 2145 760 2187 187.11‚1.-
795 2148 829 2177 et
856 2144 1013 2186 gladiat.
1044 2150 1138 2177 statt
1172 2143 1387 2189 niuneq'bus
1421 2141 1663 2187 gladiatoriis

161 2191 285 2235 editis,
313 2193 376 2225 bei
403 2193 758 2238 Gladiatorspielen.
786 2211 830 2217 —
858 2193 1044 2236 ἐπισημ.
1072 2192 1396 2237 significationes,
1423 2196 1463 2224 ut
1488 2192 1663 2235 plausum

162 2248 197 2272 ct
232 2252 329 2285 quae
364 2246 557 2286 praeterea
592 2241 903 2274 benevolentiam
939 2241 1172 2295 significant,
1199 2237 1551 2281 H'a'ndeklatschen,
1579 2239 1665 2272 Be1-

161 2289 516 2333 fallsbezeigungen.
549 2308 595 2314 ——
628 2290 706 2323 sine
733 2314 740 2322 .
770 2289 951 2329 .fistula,
986 2290 1067 2322 sine
1095 2289 1226 2330 sibilo3
1252 2300 1338 2321 nam
1363 2287 1508 2321 fistulae
1537 2293 1662 2331 pasto-

160 2338 272 2370 ritiae
299 2339 463 2371 sibilant.

262 2388 320 2423 12.
347 2388 479 2427 ingens
505 2386 733 2419 comitiormn
760 2386 1029 2419 consularium.
1088 2383 1151 2419 Sic
1179 2385 1264 2418 dedi
1294 2385 1338 2417 de
1365 2384 1532 2418 Goveani
1560 2384 1664 2430 inge-

162 2434 272 2467 niosa
313 2436 545 2469 coniectura.
608 2445 704 2477 exsp.
743 2435 779 2467 t'n
807 2435 1044 2468 comitiorum
1076 2434 1217 2467 Medic.
1246 2435 1363 2468 Oxou.
1394 2435 1425 2466 l.
1454 2432 1550 2467 Edd.
1576 2433 1663 2465 Asc.

162 2483 268 2516 Vict.
302 2486 332 2518 1.
362 2494 460 2527 emp.
488 2493 578 2515 com.
608 2485 707 2517 Cett.
761 2483 960 2517 ORELLI.
990 2500 1030 2506 —
1079 2483 1118 2515 in
1146 2493 1246 2526 quae.
1299 2480 1362 2514 Sic
1389 2480 1555 2513 correxit
1579 2481 1666 2514 Ma·

163 2538 242 2564 nut-
283 2532 415 2565 Lamb.
450 2531 594 2564 Schiitz
622 2531 711 2565 niin.
747 2531 787 2563 tiz·
811 2542 901 2574 qua,
951 2530 1050 2576 quod
1084 2529 1331 2564 referendum
1370 2535 1466 2562 esset
1493 2528 1537 2561 ad
1566 2539 1662 2571 exsp.

162 2590 271 2613 sensu
308 2580 577 2622 incommodo,
621 2579 728 2614 [ssed.
761 2580 915 2614 Ascens.
949 2580 977 2612 1.
1020 2580 1121 2612 Crat.
1149 2579 1252 2611 Vict.
1283 2580 1316 2612 1.
1342 2579 1373 2612 2.
1412 2580 1492 2611 Bos.
1522 2577 1662 2609 Graev.

162 2629 313 2662 Ernest.
355 2629 502 2661 trudere
534 2629 572 2661 in
605 2628 755 2660 comitia
792 2628 857 2660 fiir
889 2627 1081 2660 obtrudere
1106 2628 1284 2667 comitiis,
1333 2626 1399 2658 der
1429 2624 1664 2659 Consulwahl

161 2677 402 2721 misdi-ingen.
431 2696 472 2701 -—
501 2681 677 2718 Magnus,
706 2676 919 2720 Pompeius.
949 2694 989 2700 -—
1019 2674 1270 2714 Aulifilz‘nm.
1322 2673 1371 2706 So
1389 2680 1506 2706 neunt
1529 2674 1666 2706 Cicero

162 2726 230 2759 den
257 2725 345 2759 bald
371 2726 509 2758 darauf
533 2725 706 2758 wirklicli
733 2736 819 2757 zum
849 2723 986 2756 Consul
1012 2724 1218 2755 erwzihlten
1253 2724 1295 2759 L..
1327 2723 1518 2762 Afranius,
1557 2721 1664 2753 einen

165 2775 284 2808 Meum
313 2772 412 2807 ohne
440 2774 628 2807 Herkunft
654 2772 728 2807 und
755 2771 993 2818 personliche
1023 2772 1241 2805 Vcrdicnste
1259 2798 1267 2812 ,
1313 2772 1421 2805 einen
1449 2780 1666 2816 gewesenen
