1742 3006
550 39 868 87 EPlsTOLA
898 40 1142 91 CLXXX.
1497 43 1588 91 587

100 153 188 191 tuis
227 163 480 203 sumpsero,
529 165 616 192 non
655 153 797 193 solum
838 152 1055 199 Παλλάόα,
1107 152 1185 195 sed
1225 155 1359 194 etiam
1402 155 1589 194 Ἀιιπιάὸα

101 206 346 246 nominabo.
419 205 565 257 Cilix,
603 207 786 249 libertus
827 212 953 259 tuus,
1001 213 1130 250 antea
1168 209 1277 250 mihi
1316 209 1461 250 minus
1503 210 1586 250 suit
1625 220 1649 256 2

101 265 255 303 notus:
296 262 398 315 sed,
425 265 474 303 ut
502 262 612 304 mihi
643 264 840 305 reddidit
869 277 894 304 a
924 269 966 304 te
995 266 1144 306 literas
1173 265 1324 319 plenas
1347 270 1392 306 et
1420 266 1585 305 amoris

98 321 144 358 et
174 316 342 368 officii,
371 318 562 362 mirifice
590 320 685 374 ipse
714 333 793 362 suo
822 332 1024 361 sermone
1053 322 1310 362 subsecutus
1339 324 1406 362 est
1434 318 1583 361 huma-

99 373 286 414 nitatem
314 373 544 416 literarum
573 380 761 417 tuarum.
818 376 1017 417 Iucunda
1046 375 1159 417 mihi
1185 377 1279 418 cius
1308 376 1452 418 oratio
1482 375 1583 427 suit,

98 442 232 484 quum
261 428 316 470 de
345 431 491 472 animo
521 435 622 483 tuo,
653 432 708 474 de
738 432 1036 484 sermonibus,
1076 446 1184 486 quos
1216 432 1271 473 de
1301 446 1371 474 me
1399 432 1584 473 haberes

99 484 326 540 quotidie,
355 485 467 527 mihi
494 493 711 529 narraret.
771 487 892 538 Quid
922 487 1124 542 quaeris?
1169 487 1311 528 Biduo
1343 489 1486 530 sactus
1517 493 1585 529 est

97 539 212 581 mihi
250 540 510 584 familiaris:
549 543 614 584 ita
656 549 828 592 tamen,
871 548 918 585 ut
954 543 1174 585 Phaniam
1204 545 1331 585 valde
1359 545 1441 586 sim
1467 543 1582 584 desi-

98 596 355 639 deraturus:
394 613 523 654 quem
553 613 685 655 quum
715 599 906 641 Romam
939 600 1161 651 remittes,
1201 600 1342 655 quod,
1383 605 1431 642 ut
1460 603 1582 654 puta-

97 652 277 704 bamus,
306 655 512 697 celeriter
542 670 640 698 eras
671 657 896 708 facturus,
928 657 1126 697 omnibus
1150 656 1191 697 ei
1216 656 1270 697 de
1292 657 1445 708 rebus,
1475 669 1582 710 quas

98 709 195 763 agi,
226 723 333 764 quas
361 712 511 752 curari
540 725 567 753 a
595 726 666 754 me
694 713 839 766 voles,
869 712 1076 753 mandata
1106 712 1182 753 des
1206 713 1353 754 velim.
1412 713 1465 754 L.
1493 711 1582 753 Va·
1620 722 1646 758 3

95 765 282 819 lei-ium,
312 767 679 821 iureconsultum,
710 769 836 810 valde
864 769 945 809 tibi
976 768 1259 810 commendo:
1298 768 1375 809 sed
1406 769 1470 810 ita
1500 770 1580 809 eti-

97 834 195 874 am,
226 821 264 862 si
294 836 382 864 non
411 827 478 865 cst
505 824 841 866 iureconsultus.
898 824 1059 865 Melius
1080 826 1194 865 enim
1218 825 1258 865 ei
1281 837 1436 866 cavere
1463 824 1582 875 volo,

84 890 226 931 *quam
254 877 349 933 ipse
378 879 478 920 aliis
508 881 635 922 solet.
693 881 837 922 Valde
856 879 1077 921 hominem
1099 881 1262 934 diligo:
1293 884 1360 921 est
1389 894 1444 921 ex
1472 879 1582 921 meis

95 933 354 976 domesticis
393 938 523 990 atque
560 937 729 978 intimis
769 937 1073 977 familiaribus.
1151 935 1347 978 Omnino
1376 936 1460 976 tibi
1491 935 1580 991 agit

95 990 285 1043 gratias:
324 991 405 1031 sed
433 992 555 1033 idem
584 993 745 1034 scribit
781 1006 902 1033 meas
940 991 1093 1033 literas
1123 992 1363 1033 maximum
1393 991 1509 1046 apud
1539 995 1583 1032 te.

92 1045 264 1099 pondus
312 1045 552 1089 habituras.
630 1048 686 1090 Id
724 1062 822 1090 eum
861 1062 915 1089 nc
956 1048 1107 1099 sallat,
1158 1047 1294 1090 etiam
1333 1051 1464 1102 atque
1503 1047 1576 1088 eti-

92 1115 164 1142 am
202 1115 324 1157 rogo.

91 1251 322 1288 Παλλάδα.
374 1252 437 1287 Sic
470 1254 552 1289 Md.
588 1252 690 1288 Vict.
730 1257 762 1289 1.
824 1254 922 1288 Hinc
964 1254 1078 1290 etiam
1121 1254 1283 1288 alterum
1320 1263 1402 1287 voc.
1435 1251 1582 1285 Graece

91 1303 237 1348 scripsi.
266 1301 468 1340 ORELLI.

186 1372 219 1405 2.
245 1380 308 1403 suo
339 1381 449 1406 serm.
483 1370 618 1406 sub-see.
655 1374 726 1413 est,
760 1381 803 1403 er
836 1370 1048 1413 begleitete.
1110 1370 1162 1402 Zu
1196 1369 1336 1402 diesem
1370 1373 1469 1411 trop.
1506 1368 1581 1402 Ge-

90 1417 255 1451 brancho
293 1419 370 1465 vgl.
399 1418 506 1451 Orat.
540 1419 611 1458 111,
643 1420 707 1453 59:
741 1417 811 1451 hos
844 1423 966 1450 motus
1002 1417 1164 1460 subsequi
1196 1417 1305 1450 debet
1341 1421 1475 1462 gestus
1505 1417 1580 1448 und

91 1466 186 1499 eben
213 1466 288 1500 das.
315 1477 448 1500 manus
482 1467 698 1508 subsequens
728 1467 853 1500 verba.
888 1485 931 1491 -—
969 1466 1063 1498 Ouid
1093 1465 1265 1509 qnaeris!
1291 1478 1339 1495 z
1367 1463 1479 1502 kurz,
1512 1466 1581 1496 mit

90 1517 216 1547 einem
234 1515 393 1548 Worte.
421 1513 456 1547 S.
473 1514 627 1549 Ramsb.
654 1514 682 1556 ᾖ.
712 1517 791 1554 174,
821 1516 849 1548 l.
877 1514 920 1546 N.
949 1514 985 1549 5.
1011 1515 1044 1548 6.
1062 1532 1101 1537 —
1130 1513 1348 1556 putabamus
1374 1512 1424 1544 im
1451 1512 1580 1544 Briefe

93 1577 139 1593 t:
162 1565 348 1606 putamus,
386 1562 457 1595 wie
491 1562 645 1595 Ernesti
680 1562 757 1596 und
784 1561 920 1594 Bened.
952 1561 1092 1609 geben,
1127 1572 1211 1594 eras
1227 1563 1405 1602 ⁸facturus
1431 1573 1478 1590 :-
1504 1559 1580 1592 eris

78 1611 272 1653 facturus.

184 1678 220 1712 3.
252 1677 291 1710 L.
323 1678 527 1717 Valerium,
563 1678 862 1711 iureconsultum
899 1677 1143 1710 mediocrem.
1181 1674 1264 1709 vid.
1295 1676 1339 1709 ad
1376 1675 1521 1709 nivers.
1549 1675 1579 1713 1,

92 1729 146 1762 10.
176 1726 263 1766 Vll,
292 1728 349 1760 ll.
377 1728 459 1764 XII.
488 1729 523 1762 7.
553 1746 593 1751 —
622 1726 654 1759 ei
679 1735 807 1758 cavere
832 1726 932 1761 volo.
968 1735 1067 1768 quam
1092 1725 1170 1767 ipse
1196 1724 1285 1757 aliis
1311 1734 1446 1756 cavere
1472 1724 1579 1761 solet,

86 1786 148 1808 wo
174 1784 302 1807 cavere
328 1775 378 1807 im
406 1774 661 1821 gedoppelten
681 1773 793 1807 Sinne
812 1773 1016 1817 gebraucht
1045 1772 1091 1805 ist
1117 1786 1165 1803 z
1193 1774 1253 1805 fiir
1282 1771 1482 1804 lemanden
1509 1771 1578 1803 mit

86 1821 268 1856 Vorsicht
293 1833 426 1867 sorgen
453 1822 530 1855 und
556 1835 605 1852 :-
631 1822 685 1855 als
710 1822 827 1856 lurist
860 1821 931 1854 den
961 1821 1135 1854 Clienten
1169 1819 1366 1853 aller-hand
1401 1819 1577 1852 Formeln

87 1870 166 1904 und.
197 1870 535 1918 Vorsichtsregeln
569 1869 707 1918 geben,
753 1869 872 1902 damit
905 1869 958 1902 sie
994 1868 1055 1902 bei
1090 1867 1200 1901 ihren
1234 1870 1436 1901 Processen
1471 1865 1577 1899 nicht

89 1929 165 1952 von
192 1918 259 1952 dei·
296 1918 552 1966 Gegenparlei
587 1917 787 1951 iiberlistet
820 1917 985 1951 werden.
1036 1916 1084 1949 So
1110 1917 1155 1949 ad
1182 1917 1330 1949 Divers.
1360 1916 1442 1955 vu,
1470 1916 1502 1949 6.
1533 1914 1577 1946 de

88 1967 238 2000 lnvent.
266 1966 318 2006 11,
344 1969 402 2002 47.
429 1978 487 2011 pr.
523 1966 694 2000 Muraen.
731 1977 761 1998 c.
794 1967 827 2000 9.
880 1965 1017 1998 Cicero
1050 1970 1150 2009 sagt:
1192 1963 1255 1996 ich
1288 1963 1369 1995 will
1402 1962 1470 1995 ihn
1508 1962 1578 1994 Dir

87 2013 198 2047 nicht
223 2014 339 2057 grado
366 2015 420 2048 als
455 2014 566 2048 einen
598 2024 751 2057 grossen
786 2014 948 2047 luristen
980 2011 1220 2057 empfehlen‚
1257 2011 1345 2044 weil
1380 2011 1445 2044 ich
1480 2010 1576 2051 ihu),

88 2062 135 2095 da
160 2072 203 2095 er
230 2062 293 2095 das
319 2061 430 2095 nicht
457 2063 523 2102 ist,
550 2061 721 2095 dadurch
749 2061 857 2094 melu·
882 2061 1042 2094 schaden
1068 2059 1120 2092 als
1143 2062 1281 2092 niitzen
1309 2060 1458 2097 diirfte3
1491 2069 1575 2090 son-

88 2111 182 2143 dern
209 2109 290 2142 ihm
317 2121 391 2143 nur
415 2110 542 2144 Etwas
568 2110 689 2142 durch
716 2108 812 2143 Dich
848 2108 1076 2142 zuwcnden:
1114 2108 1190 2141 also
1223 2107 1482 2150 vorsicbtiger
1509 2105 1574 2138 ibn

86 2156 293 2197 beratheri,
328 2158 381 2191 als
407 2169 448 2191 er
474 2159 542 2199 (als
567 2158 697 2199 Iun-ist)
726 2157 874 2190 Andere
899 2169 947 2189 zu
972 2155 1156 2189 berathen
1188 2156 1316 2201 pssegt.
1346 2176 1386 2180 —
1425 2154 1576 2186 Omnino

90 2220 138 2237 z
164 2206 394 2253 allerdings‚
422 2218 545 2248 μναῖ-ς
573 2207 642 2240 mit
669 2207 763 2251 solg.
790 2206 853 2237 sed
877 2217 912 2238 u.
941 2205 1002 2237 sed
1027 2208 1143 2236 tamen
1170 2204 1263 2236 oder
1289 2208 1429 2242 tamen,
1456 2212 1574 2233 rerum

89 2258 219 2288 tamen.
254 2253 287 2287 S.
318 2254 363 2287 ad
389 2252 502 2288 Attio.
529 2255 614 2296 Xll,
646 2255 698 2288 Μ.
725 2253 770 2286 ad
805 2253 947 2287 Divers.
982 2253 1050 2291 111,
1081 2254 1133 2287 12.
1164 2250 1209 2291 V,
1237 2252 1268 2285 6.
1305 2251 1406 2290 xm,
1433 2252 1490 2283 3³⁴.
1519 2252 1564 2283 ὅθ

89 2302 212 2336 Flacc·
238 2313 270 2334 c·
298 2303 355 2337 29.
383 2302 536 2336 Tuscul.
565 2303 614 2344 ll,
645 2303 701 2336 15.
729 2301 892 2346 Philipp.
920 2301 1004 2340 ΧΗ,
1035 2302 1086 2334 ll.
1122 2318 1164 2325 —
1199 2300 1245 2332 ld
1278 2310 1349 2331 mm
1376 2298 1573 2340 nesallal,

88 2350 169 2383 dass
201 2360 244 2383 er
270 2349 309 2382 in
336 2349 460 2384 dieser
485 2349 678 2395 Hoffnung
703 2349 779 2382 siclt
807 2349 913 2381 nicht
941 2347 1096 2381 iiiuaclm
1123 2349 1157 2382 d.
1187 2348 1208 2384 i.
1243 2348 1321 2380 duan
1350 2348 1403 2380 Du
1432 2346 1573 2378 inciner

89 2396 356 2432 sehrisslichen
384 2398 650 2446 Empsehlung
678 2397 809 2432 Gch'or
836 2398 955 2444 geben
982 2397 1138 2443 mogon.
