1742 3006
501 73 814 120 EPISTOLA
846 74 975 118 CIII.
1005 74 1129 119 CIV.
1461 75 1555 123 345

79 196 125 235 et
151 189 447 233 Mercuriales
477 187 534 228 de
563 187 760 242 collegio
790 187 1033 240 eiecerunt,
1063 189 1355 243 praesentem,
1394 186 1452 230 ad
1484 202 1559 243 pe-

81 250 159 292 des
188 246 532 299 uniuscuiusque
563 244 803 286 iacentem.

330 445 645 491 EPISTOLA
674 446 797 489 σιν.
854 446 934 499 (aa
962 444 1021 495 Q.
1052 446 1129 488 Fr.
1160 446 1224 489 11.
1253 447 1314 499 6.)

274 526 351 559 Ser.
377 525 521 557 Romae
546 523 588 556 v,
613 520 670 556 ld.
698 523 785 568 Apr.
813 521 855 556 A.
882 523 926 558 U.
954 522 995 557 c.
1022 522 1101 557 698.
1153 522 1204 563 (a.
1233 523 1272 556 e.
1297 523 1372 565 56.)

86 595 221 628 Narrat
246 604 284 626 se
315 590 497 637 sponsalia
532 589 741 636 Crassipedi
774 588 1010 635 praebuisse3
1038 591 1071 623 1.
1104 588 1235 634 Quinti
1266 589 1397 624 domus
1431 591 1562 626 aedifi·

87 643 275 675 cationem
315 639 543 685 inspexisse3
589 644 787 672 coenatum
829 637 927 682 apud
969 636 1228 682 Crassipedem
1268 638 1487 684 Pompeium
1526 646 1565 674 et

85 690 290 724 Lucceium
322 687 545 722 convenisse.
579 689 613 722 2.
646 688 744 720 Tum
777 687 953 728 fratrem,
991 691 1032 718 ut
1071 697 1182 730 quam
1222 687 1387 731 primum
1422 689 1564 732 redeat,

86 744 207 784 rogat.
232 739 267 773 3.
299 736 487 783 quomodo
520 747 558 769 se
587 746 648 768 res
673 736 868 768 Romanae
900 733 1086 775 habeant,
1119 734 1159 766 in
1181 734 1312 779 primis
1338 735 1382 769 de
1406 736 1565 780 iudicio,

327 796 400 831 quo
426 785 525 820 Sext.
552 782 702 819 Clodius
728 783 915 817 absolutus
942 788 1016 826 est,
1042 782 1204 828 exponit.
1227 783 1324 819 4-7.

544 871 750 908 MARCUS
783 873 826 918 Q.
851 870 1038 906 FRATRI
1070 871 1105 906 S.

198 942 249 983 A.
301 941 343 984 d.
392 953 485 981 vm.
533 939 601 981 Id.
648 940 755 994 Apr.
795 939 1022 994 sponsalia
1060 938 1319 995 Crassipedi
1365 940 1563 994 praebui.

88 997 210 1039 Huic
237 996 438 1039 convivio
467 1009 576 1050 puer
604 997 810 1049 optimus,
841 995 1031 1044 Quintus
1061 999 1158 1037 tuus
1188 1008 1419 1050 meusque,
1448 996 1565 1051 quod

90 1054 328 1109 perleviter
355 1056 598 1094 commotus
628 1052 789 1105 fuerat,
819 1049 974 1092 defuit.
1041 1052 1094 1093 A.
1136 1051 1178 1094 d.
1217 1064 1276 1093 vr.
1320 1051 1389 1093 Id.
1420 1053 1562 1106 April.

89 1110 194 1152 veni
231 1110 290 1151 ad
329 1108 539 1158 Quintum
579 1121 761 1162 eumque
798 1107 892 1149 vidi
918 1108 1046 1162 plane
1073 1108 1313 1162 integrum:
1361 1109 1566 1148 multum-

87 1179 172 1220 que
210 1165 249 1206 is
277 1178 451 1206 mecum
488 1177 740 1206 sermonem
775 1162 928 1205 habuit
966 1167 1011 1205 et
1047 1162 1364 1217 perhumanum
1394 1163 1449 1205 de
1478 1164 1567 1204 dis-

89 1221 259 1263 cordiis
279 1221 510 1262 mulierum
531 1223 791 1261 nostrarum.
847 1218 969 1269 Quid
992 1220 1190 1274 quaeris?
1218 1220 1332 1261 nihil
1352 1219 1567 1262 festivius.

87 1276 338 1332 Pomponia
365 1281 511 1318 autem
541 1276 675 1317 etiam
704 1275 759 1316 de
787 1278 831 1316 te
860 1278 1015 1330 questa
1044 1280 1132 1317 est:
1172 1276 1252 1317 sed
1280 1275 1389 1316 haec
1418 1289 1569 1318 coram

89 1346 282 1386 agemus.
367 1333 408 1373 A
435 1345 573 1386 puero
601 1335 650 1371 ut
679 1330 889 1385 discessi,
920 1331 967 1370 in
995 1343 1146 1372 aream
1174 1336 1295 1372 tuam
1325 1331 1448 1372 veni:
1498 1345 1569 1372 res

49 1392 65 1405 ²
91 1389 309 1442 agebatur
347 1388 499 1428 multis
549 1387 850 1427 structoribus.
939 1384 1193 1440 Longilium
1243 1387 1570 1441 redemptorem

90 1444 346 1486 cohortatus
375 1457 483 1485 sum.
538 1442 698 1484 Fidem
724 1441 837 1483 mihi
865 1441 1083 1495 faciebat,
1113 1455 1160 1483 se
1188 1443 1298 1485 velle
1326 1443 1450 1484 nobis
1479 1444 1573 1497 pla—

93 1512 209 1542 cere.
277 1500 449 1540 Domus
490 1498 576 1539 erit
605 1499 805 1552 egregia:
852 1499 991 1551 magis
1033 1498 1150 1539 enim
1181 1499 1304 1539 cerni
1331 1499 1420 1540 iam
1449 1504 1572 1553 pote-

92 1559 177 1607 rat,
206 1567 335 1610 quam
365 1558 574 1609 quantum
603 1567 656 1595 ex
684 1554 831 1595 forma
854 1554 1178 1596 iudicabamus:
1208 1555 1398 1609 itemque
1420 1559 1574 1597 nostra

93 1611 300 1653 celeriter
335 1610 671 1651 aedificabatur.
739 1610 809 1650 Eo
848 1609 922 1650 die
967 1610 1149 1652 coenavi
1187 1611 1304 1663 apud
1345 1611 1573 1666 Crassipe-

92 1666 202 1708 dem.
279 1665 529 1718 Coenatus,
566 1666 613 1706 in
656 1664 809 1706 hortos
857 1665 917 1706 ad
956 1665 1220 1720 Pompeium
1260 1667 1421 1708 lectica
1459 1668 1573 1709 latus

91 1736 202 1765 sum.
272 1721 512 1764 Lucceium
540 1722 776 1764 convenire
804 1734 891 1762 non
919 1725 1172 1776 potueram,
1201 1722 1327 1777 {quod
1356 1723 1572 1766 abfuerat.

93 1848 170 1882 Sat.
196 1848 247 1887 11,
272 1849 308 1888 3,
334 1849 399 1884 25:
425 1848 678 1892 „Mercuriali
701 1849 913 1894 imposuere
937 1849 1034 1883 mihi
1059 1854 1307 1896 cognomen.“
1365 1845 1469 1887 Uber
1493 1853 1576 1887 iene

97 1897 290 1941 Innungen
322 1908 351 1931 s.
376 1897 459 1935 Liv.
484 1898 534 1937 ΙΙ,
561 1899 605 1932 27
631 1909 669 1931 u.
693 1899 743 1937 V,
769 1898 830 1936 50.

193 1966 225 2000 1.
251 1965 303 1997 Α.
331 1964 363 1998 d.
394 1964 506 1999 VIII.
530 1964 587 2001 Id.
613 1965 731 2009 Apu,
766 1976 826 1998 am
852 1965 1004 1999 fiinften
1030 1967 1149 2012 April,
1177 1986 1221 1992 -
1256 1967 1423 2010 Crassip.
1456 1966 1492 2001 S.
1519 1979 1576 2013 ep.

98 2013 184 2051 CII,
209 2015 244 2047 2.
271 2024 308 2046 u.
336 2013 439 2052 CIII,
468 2015 499 2046 1.
526 2032 569 2038 —
606 2014 764 2056 sponsal.
795 2014 973 2057 praebui,
1008 2014 1073 2048 ich
1108 2016 1206 2049 habe
1241 2016 1324 2049 dem
1361 2018 1475 2049 Crass.
1505 2016 1577 2049 den

97 2060 507 2103 Verlobungssclimaus
534 2062 722 2105 gegeben.
750 2079 793 2085 —
826 2063 969 2104 perlev.
998 2068 1204 2096 commotum
1238 2074 1333 2105 esse,
1367 2076 1438 2097 von
1472 2065 1579 2098 einer

96 2109 245 2142 kleinen
273 2109 571 2153 Unpasslichkeit
599 2110 758 2142 befallen
784 2110 873 2143 sein.
901 2111 989 2155 Vgl.
1016 2112 1110 2146 Plin.
1138 2114 1181 2144 H.
1208 2113 1255 2146 N.
1283 2112 1332 2152 11,
1359 2113 1415 2146 41.
1441 2124 1473 2146 u.
1494 2114 1576 2149 Cic.

98 2157 145 2189 ad
179 2157 290 2191 Attie.
327 2156 409 2196 XII,
444 2159 483 2191 1:
517 2158 853 2201 commotiunculae,
891 2158 1051 2192 leichter
1082 2160 1345 2194 Fieberanfall.
1382 2181 1422 2186 —
1460 2162 1509 2195 A.
1545 2162 1577 2194 d.

103 2205 171 2239 VI.
196 2205 251 2238 Id.
279 2204 425 2248 April.‚
459 2216 521 2238 am
547 2208 633 2240 7ten
652 2207 772 2251 April.
802 2226 845 2231 —
877 2207 1084 2250 integrum,
1119 2208 1346 2253 hergestellt.
1375 2228 1418 2234 -
1451 2210 1580 2243 mulie-

99 2264 179 2286 rum
203 2257 427 2295 nostrarum,
461 2253 537 2286 also
563 2254 686 2288 seiner
711 2256 857 2288 Mutter
890 2256 1096 2300 Pomponia
1122 2257 1193 2290 mit
1219 2257 1400 2290 Terentia
1425 2269 1457 2290 u.
1486 2258 1582 2291 Tul-

97 2301 159 2334 lia.
184 2318 232 2325 -—
257 2300 351 2334 nihil
364 2301 546 2342 festivius
570 2316 619 2334 Ξ
644 2303 936 2348 perhumanum,
976 2315 1013 2336 es
1031 2304 1173 2337 konnte
1198 2306 1331 2339 Nichts
1359 2306 1582 2339 drollichte-

101 2360 161 2383 res
187 2349 278 2383 sein.
308 2367 348 2373 —
386 2349 495 2382 etiam
520 2350 561 2382 de
585 2355 640 2393 τες
681 2351 800 2384 damit
838 2362 878 2383 er
910 2351 1020 2385 nicht
1057 2353 1220 2397 glauben
1254 2353 1427 2396 miiehte,
1459 2354 1581 2387 sciuer-

100 2398 198 2431 Fran
223 2398 276 2430 sei
305 2408 375 2430 von
401 2397 466 2430 der
489 2398 613 2432 Tullia
638 2411 674 2432 u.
701 2401 881 2433 Terentia
906 2411 948 2432 zu
974 2399 1073 2434 nahe
1098 2401 1320 2446 geschehen.

197 2447 230 2480 2.
256 2456 379 2479 aream
404 2450 513 2480 tuam.
541 2448 576 2482 S.
605 2458 660 2492 ep.
690 2449 770 2489 CII,
798 2449 831 2482 2.
859 2466 903 2472 —-
935 2451 1137 2491 strncton,
1173 2450 1363 2483 Bauleute.
1392 2468 1439 2473 —
1466 2448 1582 2489 fidem

103 2493 220 2526 alicui
242 2495 401 2535 facere,
439 2495 571 2528 Einem
604 2495 872 2540 versprechem
907 2514 950 2520 —-
983 2507 1021 2529 se
1047 2523 1055 2530 .
1083 2524 1092 2531 .
1122 2500 1319 2541 .placere‚
1352 2498 1420 2529 wir
1446 2499 1579 2531 sollten

104 2541 174 2573 mit
198 2541 279 2574 ihm
306 2542 499 2575 zufrieclen
525 2544 617 2580 sein,
651 2562 698 2569 -
735 2548 922 2587 quantum,
959 2546 1057 2579 Vict.
1086 2548 1118 2581 2.
1145 2557 1242 2589 quum
1270 2553 1402 2577 contra
1427 2546 1507 2579 JMd.
1535 2566 1578 2571 —

107 2599 148 2621 ez
165 2588 306 2630 forma,
335 2590 435 2622 nach
456 2591 540 2624 dem
560 2592 706 2625 blossen
729 2593 844 2631 Risse,
872 2592 945 2625 den
973 2593 1040 2627 der
1059 2594 1255 2627 Architekt
1276 2593 1464 2627 Minucius
1483 2596 1580 2636 (Nu-

105 2635 249 2678 misius)
276 2638 452 2680 gemacht
478 2639 595 2674 hatte.
621 2640 655 2673 S.
683 2652 739 2684 ep.
760 2641 908 2680 XCVII,
936 2643 953 2675 l
981 2653 1039 2674 am
1057 2643 1177 2676 Ende,
1204 2659 1250 2664 —
1276 2641 1314 2673 in
1331 2640 1465 2676 hortos.
1494 2645 1578 2677 Sch.

105 2685 144 2716 in
181 2683 236 2716 ed.
269 2686 358 2721 mai.
391 2687 508 2720 tacite
541 2689 651 2730 Apud
681 2689 940 2731 Crassipedem
971 2689 1008 2721 in
1039 2688 1176 2729 l1‹›rtis‚·
1220 2690 1334 2721 etiam
1367 2691 1462 2724 Liin.
1503 2692 1578 2725 ΘΚ.

108 2734 140 2765 S.
170 2742 226 2777 ep.
256 2734 348 2775 CVI,
374 2735 404 2769 3.
434 2752 476 2760 -
505 2737 544 2771 L.
571 2737 711 2771 Luccei.
738 2737 772 2771 S.
800 2748 859 2782 ep.
884 2738 946 2780 Iv,
975 2739 1005 2771 1.
1034 2739 1114 2778 Vll,
1144 2739 1173 2771 1.
1200 2737 1296 2779 XIX,
1323 2740 1354 2773 7.
1383 2738 1502 2781 xxu,
1521 2741 1577 2774 11.
