1742 3006
470 64 785 110 EPISTOLA
831 67 1096 111 CXLVIII.
1438 70 1530 118 481

50 175 338 218 vehementer
382 189 600 218 recusare.
689 178 967 220 Gravissime
1006 185 1153 222 autem
1200 181 1367 233 me“,in
1413 181 1531 224 hanc

50 237 243 273 mentem
272 233 452 288 impulit
497 237 541 273 et
570 233 780 289 Pompeii
810 232 940 286 fides,
979 249 1111 289 quam
1151 235 1207 277 de
1245 250 1315 277 me
1345 235 1530 279 Caesari

7 320 12 326 ,
50 287 254 339 dederat,
283 293 329 328 et
357 287 513 329 fratris
542 289 647 340 mei,
677 302 810 344 quam
837 288 1071 344 Pompeio.
1131 292 1275 333 Erant
1296 296 1531 347 praeterea

50 342 165 384 haec
194 342 592 385 animadvertenda
629 345 677 385 in
707 345 908 396 civitate,
947 359 1062 400 quae
1091 351 1194 388 sunt
1224 348 1342 403 apud
1369 347 1530 390 Plato-

50 412 152 439 nem
189 403 389 440 nostrum
429 399 600 453 scripta
639 400 878 442 divinitus:
941 400 1146 451 »Quales
1183 403 1229 443 in
1273 417 1319 444 re
1348 405 1531 458 publica

33 453 277 509 ¹principes
307 458 470 506 essent,
513 455 628 496 tales
673 457 870 511 reliquos
912 456 1060 498 solere
1091 471 1187 498 esse
1217 458 1376 500 cives«
1438 460 1529 502 Te-

50 510 206 551 nebam
233 510 462 561 memoria,
492 510 620 551 nobis
650 512 906 553 consulibus
936 525 989 553 ea
1008 511 1300 555 fundamenta
1322 515 1442 557 iacta
1470 529 1532 556 ex

11 583 13 585 ·
49 564 270 606 Kalendis
300 565 520 607 Ianuariis
551 566 846 608 confimandi
885 572 1080 621 senatus,
1119 573 1168 610 ut
1196 571 1416 612 neminem
1446 572 1531 612 mi-

7 643 13 652 ·
50 621 144 661 rari
185 624 436 675 oporteret,
485 621 628 665 Nonis
679 622 1006 665 Decembribus
1055 628 1227 666 tantum
1276 627 1348 667 vel
1390 627 1531 668 animi

51 674 190 716 fuisse
220 678 268 717 in
298 676 383 717 illo
414 676 572 718 ordine
600 678 673 719 vel
705 679 1002 720 auctoritatis.
1063 680 1279 735 Idemque
1318 683 1531 723 memine-

7 732 12 737 ’
51 744 146 772 ram
175 732 303 772 nobis
333 732 524 786 privatis
565 746 703 788 usque
744 734 802 775 ad
832 734 1070 777 Caesarem
1109 741 1153 776 et
1183 735 1395 779 Bibulum
1426 751 1531 779 con-

51 787 186 839 sules,
216 801 351 842 quum
380 789 628 829 sententiae
656 793 836 831 nostrae
866 804 1071 844 magnum
1102 792 1149 832 in
1171 797 1327 833 senatu
1358 794 1532 848 pondus

50 841 292 895 haberent,
344 856 480 883 unum
529 843 624 884 fere
663 857 838 885 sensum
879 844 1019 887 fuisse
1061 848 1279 888 bonorum
1319 850 1529 889 omnium.

7 935 11 939 .
50 897 233 951 Postea,
264 912 397 952 quum
428 902 476 938 tu
505 898 774 953 Hispaniam
805 900 1063 942 citeriorem
1104 916 1203 943 cum
1234 903 1425 957 imperio
1455 905 1532 946 ob-
1547 905 1599 947 13

52 954 218 1008 tineres
257 966 399 1007 neque
439 966 510 994 res
549 955 732 1008 publica
769 956 976 997 consules
1007 955 1210 1008 haberet,
1252 959 1331 999 sed
1361 973 1532 1001 merca-

7 1015 13 1038 '-
52 1014 174 1050 tores
211 1009 544 1063 provinciarum
593 1013 639 1050 et
677 1009 949 1051 seditionum
997 1024 1150 1053 servos
1191 1025 1244 1053 ac
1285 1015 1532 1067 ministros,

52 1064 162 1105 iecit
190 1064 371 1118 quidam
401 1078 529 1105 casus
569 1070 704 1119 caput
739 1079 883 1107 meum
925 1067 1056 1120 quasi
1096 1069 1356 1110 certaminis
1398 1083 1533 1111 causa

54 1121 101 1160 in
129 1120 322 1161 mediam
352 1120 682 1161 contentionem
713 1120 1124 1176 dissensionemque
1165 1124 1360 1165 civilem.
1429 1125 1533 1174 Quo

54 1177 100 1215 in
131 1176 391 1216 discrimine
432 1189 566 1229 quum
595 1175 792 1217 mirifica
821 1181 1012 1227 senatus,
1052 1178 1337 1220 incredibilis
1367 1180 1534 1221 Italiae

9 1276 13 1289 ¹
54 1232 206 1282 totius,
236 1232 479 1285 singularis
510 1232 706 1272 omnium
736 1233 951 1273 bonorum
981 1234 1216 1274 consensio
1246 1235 1292 1275 in
1313 1249 1383 1275 me
1406 1240 1533 1277 tuen-

10 1293 13 1298 '
55 1287 112 1327 do
153 1288 427 1328 exstitisset:
467 1300 555 1328 non
595 1287 757 1340 dicam,
800 1288 909 1342 quid
939 1288 1160 1330 acciderit
1199 1308 1250 1315 —-
1292 1291 1534 1333 multorum

54 1346 122 1383 est
150 1343 267 1383 enim
298 1347 342 1383 et
368 1342 496 1384 varia
526 1343 660 1396 culpa
689 1366 739 1372 —
770 1347 941 1384 tantum
972 1343 1123 1385 dicam
1151 1345 1292 1397 brevi,
1333 1360 1419 1388 non
1450 1349 1535 1387 mi-

56 1397 106 1439 hi
137 1397 400 1452 exercitum,
430 1398 510 1439 sed
541 1398 674 1440 duces
706 1398 916 1441 defuisse.
985 1400 1040 1440 In
1070 1414 1173 1455 quo,
1202 1405 1252 1441 ut
1281 1402 1369 1443 iam
1399 1403 1459 1444 sit
1487 1404 1535 1443 in

9 1503 14 1545 ·¹
56 1527 175 1563 gegen
201 1528 247 1550 zu
272 1516 454 1550 str'ziuben.
507 1516 543 1550 S.
569 1517 720 1550 Ramsh.
748 1518 776 1559 §.
807 1519 885 1558 193,
916 1518 946 1557 1,
973 1519 1004 1552 4.
1040 1535 1082 1542 -—
1128 1519 1163 1551 in
1189 1517 1280 1551 hanc
1305 1524 1461 1564 mentem,
1490 1533 1536 1555 zu

55 1558 197 1599 diesem
235 1563 492 1598 Entschlusse.
542 1564 605 1598 Sic
639 1565 710 1599 Md.
743 1567 860 1610 Neap.
894 1566 975 1599 Asc.
1005 1566 1100 1599 Vict.
1127 1568 1160 1601 2.
1205 1567 1332 1600 Lamb.
1369 1579 1449 1612 sqq.
1499 1569 1538 1602 in

56 1612 123 1646 hac
149 1616 265 1645 mente
293 1612 384 1654 (wol
410 1613 450 1645 in
476 1612 547 1646 hic
574 1614 716 1656 mente)
741 1614 840 1649 Vict.
868 1614 899 1647 2.
928 1613 1063 1647 Graev.
1091 1615 1310 1661 Mart-Lag.
1342 1615 1536 1649 ORELLI.

10 1690 14 1699 ,
59 1679 100 1684 -
125 1659 214 1699 fides
238 1675 286 1691 ἶ
313 1660 558 1694 Ehrenwort.
588 1680 630 1685 —
658 1661 832 1705 Pompeio
865 1661 947 1695 scil.
988 1662 1154 1696 dederat.
1201 1679 1242 1685 ——
1284 1664 1463 1698 animadv.
1498 1664 1536 1697 in

57 1709 136 1749 civ„
163 1720 210 1741 zu
235 1707 464 1752 beherzigen
491 1709 531 1741 in
556 1708 738 1743 Hinsicht
770 1710 836 1742 auf
858 1709 920 1742 das
948 1709 1247 1744 Gemeinwesen.
1301 1729 1341 1734 —
1394 1711 1537 1744 Platon.

57 1756 145 1790 libr.
172 1756 224 1788 IV
249 1755 295 1788 de
321 1756 462 1804 Legg..·
502 1754 627 1799 μηδεὶς
650 1755 742 1800 ὑμᾶς
767 1756 940 1799 πειθέτω,
976 1749 1002 1790 ὦ
1027 1757 1140 1801 φίλοι,
1176 1753 1290 1799 ἄλλην
1314 1756 1454 1792 θᾶττον
1479 1758 1540 1793 καὶ

12 1805 14 1807 ’
57 1802 147 1849 ῥᾷον
171 1799 409 1848 μεταβάλλειν
444 1800 488 1837 ἄν
512 1816 597 1838 ποτε
633 1802 739 1838 πόλιν
772 1800 837 1838 καῖ
865 1804 948 1845 τοὺς
973 1801 1106 1849 νόμους
1130 1802 1154 1847 ἢ
1179 1803 1222 1851 τῇ
1248 1804 1314 1839 τῶν
1341 1804 1539 1840 δυναστευ-

58 1849 168 1886 όντων
190 1850 377 1897 ἡγεμονίᾳ.
423 1869 464 1874 -—
517 1862 561 1885 ex
587 1852 675 1885 Kal.
701 1854 794 1894 Ian„
845 1865 865 1886 a
890 1853 1014 1897 primo
1042 1853 1254 1887 consulatus
1283 1854 1357 1887 mei
1382 1855 1442 1887 die
1468 1866 1539 1900 per

58 1907 180 1934 totum
206 1899 340 1934 deinde
368 1911 519 1934 annum.
570 1900 653 1933 Vid.
680 1900 779 1934 Orat.
806 1901 846 1933 in
873 1901 996 1934 Pison.
1025 1912 1056 1935 C.
1084 1903 1116 1937 2.
1154 1921 1195 1926 —
1231 1902 1324 1935 Non.
1352 1902 1454 1945 Dee,
1479 1914 1538 1935 am

57 1950 92 1983 5.
115 1948 340 1990 December,
378 1958 451 1991 quo
489 1948 549 1980 die
585 1948 629 1981 de
662 1949 870 1982 coniuratis
906 1955 1074 1993 extremo
1102 1949 1293 1994 supplicio
1329 1950 1539 1984 afficiendis

60 2002 208 2029 senatus
243 1995 457 2030 consultum
490 1997 631 2029 sactum
664 2003 729 2029 est.
781 1997 881 2031 Orat.
908 2007 977 2041 pro
1010 1997 1135 2030 Flacc.
1170 2008 1203 2030 c.
1230 1998 1286 2030 40.
1338 1997 1540 2032 MANUT.

12 2059 14 2063 ·
58 2044 122 2078 Bei
149 2042 399 2089 Gelegenheit
431 2041 500 2076 der
524 2043 829 2089 Verschwo'rung
865 2044 927 2078 des
963 2044 1135 2079 Catilina.
1176 2065 1216 2069 —
1260 2044 1364 2078 Caes.
1393 2049 1427 2078 et
1453 2046 1539 2079 Bib.

13 2097 15 2106 '
59 2102 157 2125 cons.
184 2091 237 2123 im
263 2092 292 2124 1.
319 2092 402 2126 695.

156 2141 212 2175 13.
249 2140 392 2179 Postea,
430 2139 563 2173 Pisone
589 2147 626 2174 et
651 2139 810 2174 Gabinio
837 2139 1063 2176 consulibus,
1090 2150 1186 2173 anno
1213 2141 1293 2175 696.
1324 2161 1365 2167 —
1403 2142 1540 2185 Hispa..

60 2187 160 2220 niam
185 2187 393 2221 citeriorem
427 2187 479 2219 im
507 2188 742 2222 Geoensatze
769 2198 844 2220 von
871 2188 916 2220 Η.
942 2187 1113 2220 ulterior.
1141 2187 1335 2229 Lentulus,
1376 2189 1445 2223 der
1469 2191 1540 2225 694

12 2232 15 2285 ξ
62 2236 195 2269 Pr'zitor
217 2246 394 2283 gewesen
419 2246 513 2276 war,
550 2219 684 2270 btekam
711 2235 766 2269 als
794 2235 998 2280 Propr'a‘tor
1023 2236 1091 2270 695
1117 2234 1179 2268 das
1205 2235 1420 2283 diesseitige
1447 2236 1540 2281 spa-

13 2291 15 2323 ζ
60 2282 150 2316 nien
175 2292 244 2317 zm·
269 2282 444 2316 Provinz.
495 2282 532 2316 S.
560 2283 660 2317 Caes.
687 2284 732 2317 de
759 2284 797 2317 B.
825 2283 865 2316 C.
893 2294 924 2316 c.
952 2283 1008 2317 22.
1047 2303 1089 2308 —
1139 2293 1216 2316 cum
1254 2284 1421 2328 imperio,
1460 2285 1539 2319 also

12 2327 16 2377 ξ
61 2331 134 2365 mit
161 2331 286 2364 einem
311 2329 574 2377 Kriegsheere.
601 2350 645 2356 —
683 2334 919 2365 mercatores.
949 2330 1011 2374 qui
1039 2341 1158 2363 meam
1186 2331 1342 2365 salutem
1376 2333 1540 2377 acceptis

62 2379 182 2423 pretii
207 2379 290 2413 loco
316 2378 524 2423 provinciis
550 2379 701 2413 tribuno
727 2379 847 2424 plebis
877 2378 1007 2411 Clodio
1033 2378 1292 2413 vendiderunt.
1337 2380 1418 2412 Vid.
1439 2379 1538 2413 Orat.

14 2422 16 2431 '
62 2438 133 2470 pro
159 2426 287 2460 Sextio
315 2438 346 2459 c.
375 2428 428 2459 10.
455 2426 500 2458 de
526 2438 632 2471 prov.
661 2426 800 2461 consul.
828 2437 860 2459 c.
888 2428 920 2460 4.
959 2425 999 2458 in
1026 2426 1146 2462 Pison,
1176 2438 1206 2459 c.
1233 2428 1291 2461 21.
1343 2427 1538 2462 MANUT.

14 2470 17 2503 ἶ
64 2474 116 2507 Es
143 2474 226 2508 sind
251 2474 340 2508 hier
365 2474 425 2507 die
452 2473 616 2508 Consuln
641 2475 722 2509 Piso
749 2474 824 2507 und
851 2473 1032 2506 Gabinius
1057 2474 1237 2521 gemeint.
1268 2495 1308 2500 —
1339 2475 1428 2506 iecit
1454 2481 1539 2516 etc„

14 2520 17 2556 ἓ
65 2521 110 2554 da
134 2524 236 2555 warf
258 2521 396 2568 irgend
423 2521 483 2555 ein
510 2523 636 2555 Zufall
662 2523 813 2556 meinen
840 2522 940 2565 Kopf
961 2521 1035 2554 wie
1062 2522 1172 2554 einen
1195 2521 1308 2566 Apscl
1328 2521 1395 2554 der
1413 2523 1538 2557 Zwie-

14 2559 17 2571 '
66 2568 194 2603 tracht
225 2571 363 2604 mitten
397 2575 509 2602 unter
539 2570 600 2603 die
636 2569 870 2604 streitenden
900 2570 1071 2602 Parteien
1098 2570 1149 2602 im
1177 2568 1310 2601 Stante.
1374 2569 1537 2615 Elegans

15 2633 17 2645 ι
65 2616 202 2650 allusio
228 2617 273 2650 ad
297 2628 449 2663 pomum
477 2617 612 2652 Eridos
639 2618 850 2652 coniectum
878 2616 978 2649 inter
1003 2617 1098 2650 deos.
1128 2616 1355 2650 ERNESTI.
1384 2636 1428 2642 —
1462 2619 1538 2653 Quo

15 2653 18 2703 ξ
66 2674 103 2696 m
142 2664 267 2700 discr.,
310 2665 349 2697 in
385 2665 524 2698 diesem
558 2665 874 2699 entscheidenden
907 2663 1185 2711 Augenblicke.
1237 2682 1283 2688 —
1341 2667 1537 2698 consensio.

15 2736 18 2751 ἶ
68 2711 323 2746 Οτεεν.»Ει·η.
351 2711 437 2746 Sch.
467 2713 556 2746 L'un.
584 2713 760 2754 mirificus
785 2722 989 2746 consensus.
1020 2731 1060 2736 —
1087 2715 1124 2742 ut
1144 2736 1175 2744 ..
1199 2713 1258 2754 sit,
1288 2719 1444 2757 gesetzt,
1471 2714 1540 2748 Die

134 2791 192 2818 Cic.
213 2790 314 2818 Briefe
334 2800 360 2817 ν,
384 2791 506 2820 Billerb.
547 2794 568 2816 1.
1086 2766 1142 2804 31
