1742 3006
199 109 293 157 370
500 106 561 148 M.
593 106 647 148 Τ.
683 100 1024 146 CICERONIS
1056 101 1434 146 EPISTOLAE.

198 236 330 280 quam
361 219 504 263 laudis
535 216 722 258 inimici.
781 215 882 267 Quo
912 215 1088 272 quidem
1119 219 1334 271 tempore,
1367 219 1417 257 ut
1446 218 1687 273 perscripsi

198 281 255 323 ad
284 285 327 321 te
356 283 503 327 antea,
533 274 721 328 cognovi
751 272 1040 314 Hortensium
1070 273 1361 328 percupidum
1389 273 1479 327 tui,
1520 275 1687 315 studio-

199 351 297 378 sum
336 333 596 374 Lucullum:
647 343 700 370 ex
740 330 1070 383 magistratibus
1111 334 1257 370 autem
1299 328 1351 369 L.
1383 328 1608 370 Racilium
1646 335 1689 371 et

199 393 288 434 fide
337 393 382 429 et
431 388 578 430 animo
633 386 859 440 singulari.
949 384 1066 425 Nam
1105 390 1257 426 nostra
1296 386 1588 440 propugnatio
1635 399 1689 427 ac

199 446 401 488 defensio
447 443 677 499 dignitatis
718 446 818 482 tuae
856 445 1039 495 propter
1077 442 1427 494 magnitudinem
1484 440 1687 483 beneficii

198 504 263 545 tui
294 502 485 542 fortasse
515 499 739 554 plerisque
770 497 914 537 officii
944 497 1158 538 maiorem
1188 499 1496 538 auctoritatem
1527 497 1693 539 habere·

198 559 416 610 videatur,
447 569 577 611 quam
607 555 868 596 sententiae.
928 552 1173 594 Praeterea
1201 553 1377 609 quidem
1408 553 1463 595 de
1487 554 1686 595 consula-

199 617 320 657 ribus
359 612 526 654 nemini
567 624 745 665 possum
786 613 861 650 aut
899 609 1035 649 studii
1075 623 1180 663 erga
1231 614 1274 650 te
1314 614 1389 651 aut
1431 609 1574 651 officii
1612 614 1688 651 aut

196 671 329 713 amici
360 669 497 710 animi
526 680 622 707 esse
650 667 794 708 testis,
881 665 1061 705 Etenim
1090 666 1378 720 Pompeium,
1409 667 1483 721 qui
1513 680 1686 708 meeum

196 727 455 781 saepissime
493 737 582 764 non
622 724 765 764 solum
805 735 831 762 a
869 735 941 761 me
971 726 1263 776 provocatus,
1321 722 1399 762 sed
1437 722 1569 763 etiam
1608 736 1687 763 sua

195 787 351 839 sponte
380 781 434 823 de
463 783 508 820 te
538 779 868 820 communicare
897 777 1033 825 solet‚
1063 778 1151 817 scis
1181 778 1451 832 temporibus
1479 778 1567 819 illis
1598 792 1688 819 non

196 853 327 894 saepe
362 838 408 878 in
448 840 604 878 senatu
643 835 794 875 fuisse.
870 833 955 875 Cui
995 833 1172 889 quidem
1214 834 1368 874 literae
1406 837 1533 885 tuae,
1579 848 1687 889 quas

199 896 408 952 proxime
436 893 649 939 miseras,
698 890 816 945 quod
862 889 996 931 facile
1027 890 1346 942 intellexerim,
1393 889 1688 944 periucundae

200 954 389 993 suerunt.
457 948 575 989 Mihi
615 948 796 1002 quidem
835 944 1085 986 humanitas
1127 950 1202 986 tua
1240 947 1309 987 vel
1342 958 1513 986 summa
1541 948 1688 1000 potius

198 1008 418 1063 sapientia
446 1019 534 1046 non
562 1003 754 1044 iucunda
783 1002 952 1053 solum,
1001 1002 1079 1041 sed
1121 1004 1254 1043 etiam
1286 1000 1562 1042 admirabilis
1591 1004 1688 1045 visa

198 1069 279 1106 est.
350 1062 515 1103 Virum
558 1060 673 1100 enim
716 1058 1005 1099 excellentem
1050 1061 1093 1098 et
1132 1058 1213 1098 tibi
1255 1062 1330 1097 tua
1369 1059 1611 1111 praestanti
1639 1060 1686 1099 in

198 1133 300 1162 eum
328 1117 594 1159 liberalitate
624 1115 901 1165 devinctum,
948 1112 1147 1153 nonnihil
1186 1114 1478 1168 suspicantem
1507 1118 1689 1169 propter

198 1177 447 1230 aliquorum
489 1170 738 1225 opinionem
778 1182 884 1210 suae
923 1169 1179 1223 cupiditatis·
1218 1174 1261 1209 te
1299 1171 1352 1210 ab
1391 1183 1438 1210 se
1470 1171 1686 1212 abaliena-

198 1238 307 1282 tum,
337 1231 415 1269 illa
443 1228 630 1282 epistola
659 1226 894 1266 retinuisti.
969 1226 1058 1274 Qui
1088 1224 1197 1265 mihi
1226 1239 1358 1279 quum
1387 1239 1560 1280 semper
1587 1231 1689 1267 tuac

198 1287 321 1329 laudi
350 1285 500 1326 favere
528 1283 649 1324 visus
679 1286 760 1334 est,
791 1281 924 1322 etiam
955 1284 1053 1334 ipso
1083 1281 1456 1330 suspiciosissimo
1486 1286 1686 1337 tempore

197 1342 480 1392 Caniniano,
510 1342 604 1381 tum
634 1351 766 1390 vero,
797 1337 926 1378 lectis
954 1337 1042 1377 tuis
1072 1336 1240 1389 literis,
1280 1341 1535 1390 perspectus
1565 1343 1632 1380 est
1661 1351 1687 1379 a

199 1554 380 1581 memores.
408 1560 452 1567 -
478 1542 608 1580 virtus,
634 1538 1017 1574 Rechtschaffenheit
1041 1547 1160 1585 gegen
1187 1538 1256 1570 sie.
1285 1556 1329 1562 -
1363 1538 1473 1572 Ilm-t.
1500 1562 1510 1571 .
1539 1562 1549 1571 .
1578 1564 1586 1572 .
1616 1539 1688 1573 Lu-

200 1594 286 1629 cull.
312 1592 389 1629 vid.
420 1603 477 1636 ep.
504 1592 545 1629 C,
571 1590 603 1624 2.
629 1607 676 1613 ——
703 1588 744 1621 L.
772 1587 955 1621 Racilium
982 1587 1056 1620 hoc
1083 1598 1177 1618 auno
1203 1586 1395 1618 tribunum
1417 1587 1547 1631 plebis.
1601 1587 1684 1623 vid.

200 1654 259 1688 ep.
284 1642 360 1682 XC,
386 1642 424 1677 3,
449 1656 498 1662 -
531 1641 565 1671 et
591 1638 712 1671 animo
738 1636 835 1678 sing.
863 1635 996 1672 Lami„
1023 1634 1272 1680 Mart.-Lag.
1307 1631 1471 1670 Liinemss
1502 1635 1622 1668 ιιηὶηιο
1646 1635 1685 1668 in

201 1695 237 1723 te
259 1700 288 1722 s.
320 1686 515 1722 ORELLI.
550 1705 595 1711 —
631 1686 746 1728 benef.
776 1685 846 1722 tui,
874 1685 1014 1718 Deiner
1042 1682 1264 1715 Verdienste
1290 1694 1355 1715 um
1380 1681 1499 1718 mich.
1537 1701 1579 1706 —
1619 1683 1682 1725 off.

201 1738 285 1771 mai.
312 1739 406 1769 auct.
433 1734 568 1767 habere
594 1758 602 1767 .
631 1759 639 1767 .
667 1759 676 1767 .
706 1744 810 1776 quam
835 1736 953 1774 sene„
1006 1731 1134 1764 durno
1167 1731 1274 1763 mehr
1312 1731 1377 1763 das
1411 1731 1585 1765 Ausehen
1619 1731 1684 1765 der

198 1782 535 1820 Verbiudlichkeit
561 1783 615 1815 als
642 1782 760 1814 freier
786 1780 1163 1823 Selbstbestiiumung
1192 1779 1328 1812 haben.

295 1861 331 1894 3.
357 1867 523 1902 proroc„
550 1856 827 1904 aufgcfordert.
853 1873 901 1878 —
928 1855 969 1887 de
994 1858 1028 1887 te
1055 1865 1175 1887 comm.
1192 1880 1201 1895 ‚
1229 1855 1297 1886 der
1322 1866 1392 1887 von
1419 1855 1488 1887 Dir
1515 1855 1584 1888 mit
1611 1855 1686 1889 mir

199 1921 242 1943 zu
267 1907 386 1942 reden
412 1906 544 1951 pilegt.
571 1922 618 1928 --
650 1903 867 1947 temporibus
892 1902 995 1944 illis,
1024 1903 1077 1935 als
1103 1903 1163 1934 die
1191 1901 1312 1935 sache
1337 1903 1373 1935 in
1401 1903 1468 1936 der
1494 1902 1682 1936 stiirksten

199 1959 421 2000 Bewegung
446 1964 532 1985 war.
559 1970 606 1976 —
632 1962 701 1984 von
727 1977 734 1983 .
767 1977 773 1983 .
800 1975 808 1983 .
827 1951 964 1992 fuisse.
1017 1952 1049 1982 S.
1077 1961 1133 1994 ep.
1160 1951 1218 1991 99,
1247 1951 1280 1983 4.
1329 1951 1407 1984 Seit
1433 1952 1554 1984 seiner
1579 1952 1684 1984 Rede

198 2016 270 2052 pro
298 2003 444 2037 Milone
469 2001 563 2034 hielt
588 2011 629 2033 er
654 1999 735 2031 sich
763 2010 825 2031 aus
852 1997 996 2031 Fun-ebt
1030 2010 1076 2030 zu
1102 2000 1222 2031 Haase
1249 1998 1321 2030 und
1348 1999 1516 2033 naclihcr
1540 1999 1593 2032 als
1621 2011 1684 2032 cu-

199 2052 341 2088 rationi
374 2051 429 2083 rei
461 2048 734 2082 frumentariae
770 2058 858 2079 cum
895 2046 1056 2090 imperio
1091 2047 1325 2090 praepositus
1357 2047 1488 2080 durste
1521 2059 1562 2080 er
1588 2047 1686 2081 ohne

198 2100 407 2136 besondere
431 2097 651 2132 Erlaubniss
677 2096 739 2128 des
765 2095 896 2128 Senats
924 2094 1030 2126 nicht
1055 2106 1119 2126 zur
1144 2093 1253 2127 Stadt
1279 2095 1467 2129 kommen.
1484 2113 1525 2120 —
1553 2095 1684 2129 literae

200 2155 297 2188 tuae,
324 2157 412 2192 quas
437 2157 496 2190 pr.
522 2145 687 2183 miseras,
715 2144 814 2176 Dein
839 2143 967 2175 letztes
996 2142 1204 2175 Schreiben
1231 2154 1276 2175 an
1303 2144 1379 2177 ihu.
1405 2162 1452 2168 —-
1483 2144 1681 2187 sapientia,

199 2199 261 2231 die
289 2193 617 2237 Verstzindigkeit‚
664 2192 797 2225 womit
822 2192 886 2223 das
912 2190 1119 2223 Schrciben
1146 2191 1334 2234 abgesasst
1359 2192 1419 2225 ist.
1456 2211 1497 2217 —
1547 2191 1681 2224 libera-

197 2246 313 2280 litate.
363 2244 474 2276 Denn
498 2241 676 2275 Lentulus
702 2241 804 2273 hatte
830 2240 884 2272 als
913 2239 1045 2272 Consul
1080 2238 1159 2270 111111
1188 2240 1246 2272 die
1272 2251 1362 2272 cura
1390 2240 1444 2272 rei
1477 2240 1684 2273 frumenta-

199 2295 280 2328 riae
315 2302 400 2324 cum
435 2290 598 2334 imperio
633 2287 849 2334 zugespielt.
908 2287 943 2320 S.
980 2298 1035 2332 ep.
1066 2287 1292 2328 LXXXVII,
1320 2290 1354 2323 6.
1390 2291 1422 2322 7.
1451 2308 1492 2313 —
1520 2286 1683 2320 nonnihil

200 2353 297 2385 susp.
326 2365 334 2372 .
360 2364 369 2372 .
398 2338 651 2375 abalienatum,
679 2337 744 2369 der
770 2335 905 2368 iedoch
933 2335 1083 2382 einigen
1113 2335 1302 2368 Verdacht
1328 2337 1455 2379 hegte,
1483 2336 1544 2370 Du
1570 2335 1680 2368 soiest

201 2400 332 2437 wegen
361 2387 429 2419 der
454 2386 638 2430 Meinung
663 2386 835 2430 gewisser
861 2385 991 2425 Lente,
1019 2383 1101 2415 dass
1128 2394 1168 2416 er
1186 2383 1288 2416 Di·ch
1316 2384 1353 2416 in
1381 2384 1447 2416 der
1472 2383 1590 2417 Sache
1615 2382 1679 2415 des

199 2435 478 2483 Aegyptischen
513 2435 653 2478 K‘duigs·
689 2446 734 2466 zu
761 2432 989 2476 verrii-{ingen
1018 2432 1147 2470 suche,
1190 2432 1270 2465 ihm
1298 2431 1439 2465 abhold
1467 2431 1677 2476 geworden.

202 2506 245 2511 —
269 2484 387 2528 cupid.
416 2482 673 2516 Ptolemaeum
700 2481 914 2514 reducendi.
941 2500 983 2505 ——-
1034 2480 1236 2519 retinuisti,
1271 2480 1339 2512 den
1369 2481 1569 2524 Pompeius
1595 2478 1680 2512 hast

201 2536 263 2567 Du
290 2534 359 2567 Dir
384 2530 501 2563 durch
530 2530 601 2562 den
629 2529 734 2562 Bries
760 2535 934 2573 gemmet,
961 2528 994 2560 d.
1023 2528 1047 2560 i.
1076 2528 1176 2560 scine
1197 2528 1468 2560 Freuudscliast
1490 2527 1677 2568 erhalten,

202 2582 323 2614 seinen
350 2578 538 2626 Argwolin
566 2588 686 2621 gegen
716 2578 815 2610 Dicli
842 2576 1088 2620 ausgeliisclit.
1108 2595 1150 2599 —
1177 2587 1277 2619 susp.
1306 2580 1410 2618 temp.
1430 2575 1531 2616 sz.‚
1559 2576 1596 2608 in
1624 2575 1676 2607 ie-

198 2641 286 2662 nem
319 2626 624 2671 argivohnvolleu
660 2626 884 2669 Zeitpuncte
918 2626 981 2656 des
1019 2623 1209 2663 Caninius,
1252 2636 1311 2657 wo
1345 2624 1454 2656 Viele
1487 2624 1675 2668 glauliten‚

199 2679 323 2710 dieser
355 2676 498 2709 Tribuu
533 2673 678 2707 hand’le
705 2674 803 2706 bloss
840 2673 891 2705 als
918 2674 1036 2715 Orgau
1070 2672 1133 2705 des
1167 2672 1292 2705 liinter
1319 2671 1399 2704 ihm
1426 2671 1510 2704 sich
1537 2678 1677 2704 vente-²

196 2725 365 2758 ckenden
391 2723 612 2767 Pompeius,
646 2721 712 2753 der
740 2720 912 2754 wirklich
941 2721 1036 2752 nach
1066 2721 1130 2752 der
1158 2720 1256 2753 Ehre
1283 2720 1450 2760 trachtc,
1492 2720 1570 2753 dass
1595 2718 1675 2751 ihm

197 2774 260 2808 dic
286 2770 606 2815 Zuruckfflhrung
640 2769 702 2803 des
730 2770 942 2803 Ptolcmfius
969 2769 1214 2812 ansgoti-agen
1241 2768 1379 2803 werde.
1444 2768 1546 2801 Eben
1580 2767 1680 2800 diess,
