<?xml version="1.0" encoding="UTF-8"?>
<!DOCTYPE html PUBLIC "-//W3C//DTD XHTML 1.0 Transitional//EN"
    "http://www.w3.org/TR/xhtml1/DTD/xhtml1-transitional.dtd">
<html xmlns="http://www.w3.org/1999/xhtml" xml:lang="en" lang="en">
 <head>
  <title>
</title>
<meta http-equiv="Content-Type" content="text/html;charset=utf-8" />
  <meta name='ocr-system' content='tesseract 3.04.00' />
  <meta name='ocr-capabilities' content='ocr_page ocr_carea ocr_par ocr_line ocrx_word'/>
</head>
<body>
  <div class='ocr_page' id='page_1' title='image "./epistolaeadattic00ciceuoft_0547.png"; bbox 0 0 1742 3006; ppageno 0'>
   <div class='ocr_carea' id='block_1_1' title="bbox 513 100 1538 147">
    <p class='ocr_par' dir='ltr' id='par_1_1' title="bbox 513 100 1538 147">
     <span class='ocr_line' id='line_1_1' title="bbox 513 100 1538 147; baseline 0.002 -2"><span class='ocrx_word' id='word_1_1' title='bbox 513 101 835 146; x_wconf 80' lang='lat' dir='ltr'><strong>EPISTOLA</strong></span> <span class='ocrx_word' id='word_1_2' title='bbox 867 101 1039 146; x_wconf 84' lang='lat' dir='ltr'><strong>CLIII.</strong></span> <span class='ocrx_word' id='word_1_3' title='bbox 1445 100 1538 147; x_wconf 84' lang='lat'><strong>527</strong></span> 
     </span>
    </p>
   </div>
   <div class='ocr_carea' id='block_1_2' title="bbox 0 213 1545 1447">
    <p class='ocr_par' dir='ltr' id='par_1_2' title="bbox 0 213 1545 1447">
     <span class='ocr_line' id='line_1_2' title="bbox 0 213 1539 272; baseline -0.002 -15"><span class='ocrx_word' id='word_1_4' title='bbox 0 230 1 248; x_wconf 80' lang='lat'>1</span> <span class='ocrx_word' id='word_1_5' title='bbox 44 216 104 257; x_wconf 79' lang='lat' dir='ltr'><strong>do</strong></span> <span class='ocrx_word' id='word_1_6' title='bbox 134 219 330 272; x_wconf 74' lang='lat' dir='ltr'><strong>tempus,</strong></span> <span class='ocrx_word' id='word_1_7' title='bbox 360 215 441 257; x_wconf 86' lang='lat' dir='ltr'><strong>scd</strong></span> <span class='ocrx_word' id='word_1_8' title='bbox 470 215 608 256; x_wconf 77' lang='lat' dir='ltr'><strong>etiam</strong></span> <span class='ocrx_word' id='word_1_9' title='bbox 637 216 836 255; x_wconf 82' lang='lat' dir='ltr'><strong>animum</strong></span> <span class='ocrx_word' id='word_1_10' title='bbox 864 227 1056 257; x_wconf 77' lang='lat' dir='ltr'><strong>vacuum</strong></span> <span class='ocrx_word' id='word_1_11' title='bbox 1086 214 1143 256; x_wconf 86' lang='lat' dir='ltr'><strong>ab</strong></span> <span class='ocrx_word' id='word_1_12' title='bbox 1170 214 1293 256; x_wconf 90' lang='lat' dir='ltr'><strong>omni</strong></span> <span class='ocrx_word' id='word_1_13' title='bbox 1323 217 1433 254; x_wconf 73' lang='lat' dir='ltr'><strong>eura</strong></span> <span class='ocrx_word' id='word_1_14' title='bbox 1462 213 1539 255; x_wconf 87' lang='lat' dir='ltr'><strong>de-</strong></span> 
     </span>
     <span class='ocr_line' id='line_1_3' title="bbox 0 270 1540 324; baseline -0.002 -11"><span class='ocrx_word' id='word_1_15' title='bbox 0 278 1 286; x_wconf 63' lang='lat'><em>*</em></span> <span class='ocrx_word' id='word_1_16' title='bbox 44 272 240 314; x_wconf 74' lang='lat' dir='ltr'><strong>siden-at:</strong></span> <span class='ocrx_word' id='word_1_17' title='bbox 289 272 369 314; x_wconf 88' lang='lat' dir='ltr'><strong>sed</strong></span> <span class='ocrx_word' id='word_1_18' title='bbox 399 273 526 314; x_wconf 84' lang='lat' dir='ltr'><strong>abest</strong></span> <span class='ocrx_word' id='word_1_19' title='bbox 555 271 691 312; x_wconf 69' lang='lat' dir='ltr'><strong>etiam</strong></span> <span class='ocrx_word' id='word_1_20' title='bbox 721 270 1020 324; x_wconf 48' lang='grc' dir='ltr'><strong><em>ἐνθουσιασμός</em></strong></span> <span class='ocrx_word' id='word_1_21' title='bbox 1089 270 1192 313; x_wconf 89' lang='lat' dir='ltr'><strong>Non</strong></span> <span class='ocrx_word' id='word_1_22' title='bbox 1233 270 1351 311; x_wconf 87' lang='lat' dir='ltr'><strong>enim</strong></span> <span class='ocrx_word' id='word_1_23' title='bbox 1389 281 1540 310; x_wconf 85' lang='lat' dir='ltr'><strong>sumus</strong></span> 
     </span>
     <span class='ocr_line' id='line_1_4' title="bbox 0 325 1538 378; baseline -0.002 -9"><span class='ocrx_word' id='word_1_24' title='bbox 0 339 2 343; x_wconf 87' lang='lat'>·</span> <span class='ocrx_word' id='word_1_25' title='bbox 45 330 228 370; x_wconf 89' lang='lat' dir='ltr'><strong>omnino</strong></span> <span class='ocrx_word' id='word_1_26' title='bbox 257 329 354 370; x_wconf 84' lang='lat' dir='ltr'><strong>sine</strong></span> <span class='ocrx_word' id='word_1_27' title='bbox 384 338 493 370; x_wconf 79' lang='lat' dir='ltr'><strong>cura</strong></span> <span class='ocrx_word' id='word_1_28' title='bbox 520 327 748 370; x_wconf 71' lang='lat' dir='ltr'><strong>venientis</strong></span> <span class='ocrx_word' id='word_1_29' title='bbox 778 327 908 378; x_wconf 85' lang='lat' dir='ltr'><strong>anni,</strong></span> <span class='ocrx_word' id='word_1_30' title='bbox 938 327 1026 368; x_wconf 74' lang='lat' dir='ltr'><strong>etsi</strong></span> <span class='ocrx_word' id='word_1_31' title='bbox 1055 339 1206 368; x_wconf 87' lang='lat' dir='ltr'><strong>sumus</strong></span> <span class='ocrx_word' id='word_1_32' title='bbox 1235 327 1333 368; x_wconf 89' lang='lat' dir='ltr'><strong>sine</strong></span> <span class='ocrx_word' id='word_1_33' title='bbox 1363 325 1538 367; x_wconf 84' lang='lat' dir='ltr'><strong>timore.</strong></span> 
     </span>
     <span class='ocr_line' id='line_1_5' title="bbox 44 380 1541 437; baseline -0.002 -12"><span class='ocrx_word' id='word_1_34' title='bbox 44 384 191 426; x_wconf 85' lang='lat' dir='ltr'><strong>Simul</strong></span> <span class='ocrx_word' id='word_1_35' title='bbox 223 389 268 426; x_wconf 81' lang='lat' dir='ltr'><strong>et</strong></span> <span class='ocrx_word' id='word_1_36' title='bbox 297 380 430 437; x_wconf 89' lang='lat' dir='ltr'><strong>illud,</strong></span> <span class='ocrx_word' id='word_1_37' title='bbox 458 408 513 415; x_wconf 93' lang='lat'><strong>--</strong></span> <span class='ocrx_word' id='word_1_38' title='bbox 554 384 652 425; x_wconf 89' lang='lat' dir='ltr'><strong>sine</strong></span> <span class='ocrx_word' id='word_1_39' title='bbox 681 384 777 425; x_wconf 81' lang='lat' dir='ltr'><strong>ulla</strong></span> <span class='ocrx_word' id='word_1_40' title='bbox 814 382 1074 425; x_wconf 81' lang='lat' dir='ltr'>mehercule</span> <span class='ocrx_word' id='word_1_41' title='bbox 1101 383 1266 424; x_wconf 87' lang='lat' dir='ltr'><strong>-ironia</strong></span> <span class='ocrx_word' id='word_1_42' title='bbox 1296 383 1460 437; x_wconf 84' lang='lat' dir='ltr'><strong>loquor</strong></span> <span class='ocrx_word' id='word_1_43' title='bbox 1486 405 1541 413; x_wconf 92' lang='lat'><em>-</em></span> 
     </span>
     <span class='ocr_line' id='line_1_6' title="bbox 45 434 1540 496; baseline -0.001 -16"><span class='ocrx_word' id='word_1_44' title='bbox 45 441 129 480; x_wconf 71' lang='lat' dir='ltr'><strong>tibi</strong></span> <span class='ocrx_word' id='word_1_45' title='bbox 169 442 301 481; x_wconf 82' lang='lat' dir='ltr'><strong>istius</strong></span> <span class='ocrx_word' id='word_1_46' title='bbox 347 441 526 496; x_wconf 86' lang='lat' dir='ltr'><strong>generis</strong></span> <span class='ocrx_word' id='word_1_47' title='bbox 570 440 618 480; x_wconf 91' lang='lat' dir='ltr'><strong>in</strong></span> <span class='ocrx_word' id='word_1_48' title='bbox 657 439 897 481; x_wconf 90' lang='lat' dir='ltr'><strong>scribendo</strong></span> <span class='ocrx_word' id='word_1_49' title='bbox 944 439 1122 494; x_wconf 85' lang='lat' dir='ltr'><strong>priores</strong></span> <span class='ocrx_word' id='word_1_50' title='bbox 1171 442 1321 493; x_wconf 77' lang='lat' dir='ltr'><strong>partes</strong></span> <span class='ocrx_word' id='word_1_51' title='bbox 1373 434 1540 490; x_wconf 78' lang='lat' dir='ltr'><strong>tribuo,</strong></span> 
     </span>
     <span class='ocr_line' id='line_1_7' title="bbox 44 494 1540 550; baseline -0.001 -14"><span class='ocrx_word' id='word_1_52' title='bbox 44 510 174 550; x_wconf 85' lang='lat' dir='ltr'><strong>quam</strong></span> <span class='ocrx_word' id='word_1_53' title='bbox 204 496 331 536; x_wconf 86' lang='lat' dir='ltr'><strong>mihi.</strong></span> <span class='ocrx_word' id='word_1_54' title='bbox 399 497 472 537; x_wconf 86' lang='lat' dir='ltr'><strong>De</strong></span> <span class='ocrx_word' id='word_1_55' title='bbox 495 495 779 537; x_wconf 83' lang='lat' dir='ltr'>bibliotheca</span> <span class='ocrx_word' id='word_1_56' title='bbox 807 500 885 537; x_wconf 82' lang='lat' dir='ltr'><strong>tua</strong></span> <span class='ocrx_word' id='word_1_57' title='bbox 907 496 1085 537; x_wconf 83' lang='lat' dir='ltr'><strong>Graeca</strong></span> <span class='ocrx_word' id='word_1_58' title='bbox 1113 494 1379 549; x_wconf 85' lang='lat' dir='ltr'><strong>supplenda,</strong></span> <span class='ocrx_word' id='word_1_59' title='bbox 1408 495 1540 535; x_wconf 86' lang='lat' dir='ltr'><strong>libris</strong></span> 
     </span>
     <span class='ocr_line' id='line_1_8' title="bbox 45 551 1539 607; baseline -0.001 -15"><span class='ocrx_word' id='word_1_60' title='bbox 45 553 392 605; x_wconf 83' lang='lat' dir='ltr'><strong>commutandis,</strong></span> <span class='ocrx_word' id='word_1_61' title='bbox 423 552 601 594; x_wconf 84' lang='lat' dir='ltr'><strong>Latinis</strong></span> <span class='ocrx_word' id='word_1_62' title='bbox 632 551 968 607; x_wconf 80' lang='lat' dir='ltr'><strong>comparandis3</strong></span> <span class='ocrx_word' id='word_1_63' title='bbox 997 551 1129 593; x_wconf 71' lang='lat' dir='ltr'><strong>valde</strong></span> <span class='ocrx_word' id='word_1_64' title='bbox 1148 551 1288 593; x_wconf 78' lang='lat' dir='ltr'><strong>velim</strong></span> <span class='ocrx_word' id='word_1_65' title='bbox 1316 551 1406 591; x_wconf 83' lang='lat' dir='ltr'><strong>ista</strong></span> <span class='ocrx_word' id='word_1_66' title='bbox 1434 563 1539 593; x_wconf 89' lang='lat' dir='ltr'><strong>con-</strong></span> 
     </span>
     <span class='ocr_line' id='line_1_9' title="bbox 44 607 1539 663; baseline -0.001 -15"><span class='ocrx_word' id='word_1_67' title='bbox 44 607 151 659; x_wconf 87' lang='lat' dir='ltr'><strong>fici,</strong></span> <span class='ocrx_word' id='word_1_68' title='bbox 189 609 456 662; x_wconf 83' lang='lat' dir='ltr'><strong>praesertim</strong></span> <span class='ocrx_word' id='word_1_69' title='bbox 499 621 634 663; x_wconf 90' lang='lat' dir='ltr'><strong>quum</strong></span> <span class='ocrx_word' id='word_1_70' title='bbox 673 609 730 649; x_wconf 85' lang='lat' dir='ltr'><strong>ad</strong></span> <span class='ocrx_word' id='word_1_71' title='bbox 769 622 916 650; x_wconf 90' lang='lat' dir='ltr'><strong>meum</strong></span> <span class='ocrx_word' id='word_1_72' title='bbox 957 620 1133 663; x_wconf 87' lang='lat' dir='ltr'><strong>quoquc</strong></span> <span class='ocrx_word' id='word_1_73' title='bbox 1162 621 1292 648; x_wconf 89' lang='lat' dir='ltr'><strong>usum</strong></span> <span class='ocrx_word' id='word_1_74' title='bbox 1321 610 1539 662; x_wconf 73' lang='lat' dir='ltr'>spectent.</span> 
     </span>
     <span class='ocr_line' id='line_1_10' title="bbox 46 661 1540 719; baseline 0.001 -15"><span class='ocrx_word' id='word_1_75' title='bbox 46 663 134 704; x_wconf 85' lang='lat' dir='ltr'><strong>Sed</strong></span> <span class='ocrx_word' id='word_1_76' title='bbox 183 678 282 718; x_wconf 80' lang='lat' dir='ltr'><strong>ego,</strong></span> <span class='ocrx_word' id='word_1_77' title='bbox 330 664 445 705; x_wconf 90' lang='lat' dir='ltr'><strong>mihi</strong></span> <span class='ocrx_word' id='word_1_78' title='bbox 489 664 578 719; x_wconf 88' lang='lat' dir='ltr'><strong>ipsi</strong></span> <span class='ocrx_word' id='word_1_79' title='bbox 618 665 708 706; x_wconf 81' lang='lat' dir='ltr'><strong>ista</strong></span> <span class='ocrx_word' id='word_1_80' title='bbox 745 678 828 719; x_wconf 88' lang='lat' dir='ltr'><strong>per</strong></span> <span class='ocrx_word' id='word_1_81' title='bbox 867 678 997 719; x_wconf 87' lang='lat' dir='ltr'><strong>quem</strong></span> <span class='ocrx_word' id='word_1_82' title='bbox 1038 676 1192 717; x_wconf 82' lang='lat' dir='ltr'><strong>agam,</strong></span> <span class='ocrx_word' id='word_1_83' title='bbox 1251 676 1338 703; x_wconf 91' lang='lat' dir='ltr'><strong>non</strong></span> <span class='ocrx_word' id='word_1_84' title='bbox 1380 661 1540 705; x_wconf 81' lang='lat' dir='ltr'><strong>haben.</strong></span> 
     </span>
     <span class='ocr_line' id='line_1_11' title="bbox 4 719 1541 775; baseline -0.002 -14"><span class='ocrx_word' id='word_1_85' title='bbox 4 733 9 773; x_wconf 45' lang='grc' dir='ltr'><em>ᾗ</em></span> <span class='ocrx_word' id='word_1_86' title='bbox 44 719 201 774; x_wconf 85' lang='lat' dir='ltr'><strong>Neque</strong></span> <span class='ocrx_word' id='word_1_87' title='bbox 231 721 351 761; x_wconf 88' lang='lat' dir='ltr'><strong>enim</strong></span> <span class='ocrx_word' id='word_1_88' title='bbox 381 721 562 761; x_wconf 80' lang='lat' dir='ltr'><strong>venalia</strong></span> <span class='ocrx_word' id='word_1_89' title='bbox 590 725 709 772; x_wconf 78' lang='lat' dir='ltr'><strong>sunt,</strong></span> <span class='ocrx_word' id='word_1_90' title='bbox 741 734 854 775; x_wconf 86' lang='lat' dir='ltr'><strong>quae</strong></span> <span class='ocrx_word' id='word_1_91' title='bbox 885 720 1067 775; x_wconf 89' lang='lat' dir='ltr'><strong>quidem</strong></span> <span class='ocrx_word' id='word_1_92' title='bbox 1097 720 1332 774; x_wconf 74' lang='lat' dir='ltr'><strong>placeant,</strong></span> <span class='ocrx_word' id='word_1_93' title='bbox 1363 721 1408 759; x_wconf 80' lang='lat' dir='ltr'><strong>et</strong></span> <span class='ocrx_word' id='word_1_94' title='bbox 1437 731 1541 759; x_wconf 85' lang='lat' dir='ltr'><strong>con-</strong></span> 
     </span>
     <span class='ocr_line' id='line_1_12' title="bbox 5 775 1540 831; baseline -0.001 -13"><span class='ocrx_word' id='word_1_95' title='bbox 5 812 9 818; x_wconf 91' lang='lat'><strong>.</strong></span> <span class='ocrx_word' id='word_1_96' title='bbox 44 775 124 816; x_wconf 87' lang='lat' dir='ltr'><strong>fici</strong></span> <span class='ocrx_word' id='word_1_97' title='bbox 156 777 244 818; x_wconf 86' lang='lat' dir='ltr'><strong>nisi</strong></span> <span class='ocrx_word' id='word_1_98' title='bbox 276 790 355 830; x_wconf 88' lang='lat' dir='ltr'><strong>per</strong></span> <span class='ocrx_word' id='word_1_99' title='bbox 383 775 609 818; x_wconf 87' lang='lat' dir='ltr'><strong>hominem</strong></span> <span class='ocrx_word' id='word_1_100' title='bbox 648 782 695 818; x_wconf 85' lang='lat' dir='ltr'><strong>et</strong></span> <span class='ocrx_word' id='word_1_101' title='bbox 723 778 916 831; x_wconf 77' lang='lat' dir='ltr'><strong>peritum</strong></span> <span class='ocrx_word' id='word_1_102' title='bbox 947 781 995 817; x_wconf 83' lang='lat' dir='ltr'><strong>et</strong></span> <span class='ocrx_word' id='word_1_103' title='bbox 1023 776 1292 830; x_wconf 78' lang='lat' dir='ltr'><strong>diligentem</strong></span> <span class='ocrx_word' id='word_1_104' title='bbox 1321 788 1409 817; x_wconf 86' lang='lat' dir='ltr'><strong>non</strong></span> <span class='ocrx_word' id='word_1_105' title='bbox 1439 788 1540 829; x_wconf 86' lang='lat' dir='ltr'><strong>pos-</strong></span> 
     </span>
     <span class='ocr_line' id='line_1_13' title="bbox 5 820 1541 888; baseline -0.001 -16"><span class='ocrx_word' id='word_1_106' title='bbox 5 820 10 867; x_wconf 59' lang='grc' dir='ltr'>Ϋ</span> <span class='ocrx_word' id='word_1_107' title='bbox 46 837 164 873; x_wconf 78' lang='lat' dir='ltr'><strong>sunt.</strong></span> <span class='ocrx_word' id='word_1_108' title='bbox 248 832 511 888; x_wconf 81' lang='lat' dir='ltr'>Chrysippo</span> <span class='ocrx_word' id='word_1_109' title='bbox 552 837 701 873; x_wconf 84' lang='lat' dir='ltr'><strong>tamen</strong></span> <span class='ocrx_word' id='word_1_110' title='bbox 745 833 975 887; x_wconf 83' lang='lat' dir='ltr'><strong>imperabo</strong></span> <span class='ocrx_word' id='word_1_111' title='bbox 1017 837 1064 874; x_wconf 82' lang='lat' dir='ltr'><strong>et</strong></span> <span class='ocrx_word' id='word_1_112' title='bbox 1103 846 1205 873; x_wconf 91' lang='lat' dir='ltr'><strong>cum</strong></span> <span class='ocrx_word' id='word_1_113' title='bbox 1244 832 1541 887; x_wconf 81' lang='lat' dir='ltr'><strong>Tyrannione</strong></span> 
     </span>
     <span class='ocr_line' id='line_1_14' title="bbox 9 886 1540 943; baseline -0.001 -15"><span class='ocrx_word' id='word_1_114' title='bbox 9 917 11 920; x_wconf 88' lang='lat'><em>-</em></span> <span class='ocrx_word' id='word_1_115' title='bbox 46 888 220 942; x_wconf 84' lang='lat' dir='ltr'><strong>loquar.</strong></span> <span class='ocrx_word' id='word_1_116' title='bbox 253 914 257 918; x_wconf 86' lang='lat'><em>-</em></span> <span class='ocrx_word' id='word_1_117' title='bbox 288 888 362 929; x_wconf 92' lang='lat' dir='ltr'><strong>De</strong></span> <span class='ocrx_word' id='word_1_118' title='bbox 400 887 513 930; x_wconf 90' lang='lat' dir='ltr'><strong>fisco</strong></span> <span class='ocrx_word' id='word_1_119' title='bbox 555 889 667 943; x_wconf 84' lang='lat' dir='ltr'><strong>quid</strong></span> <span class='ocrx_word' id='word_1_120' title='bbox 708 889 855 942; x_wconf 82' lang='lat' dir='ltr'><strong>egerit</strong></span> <span class='ocrx_word' id='word_1_121' title='bbox 895 889 1078 943; x_wconf 85' lang='lat' dir='ltr'><strong>Scipio,</strong></span> <span class='ocrx_word' id='word_1_122' title='bbox 1118 901 1345 943; x_wconf 81' lang='lat' dir='ltr'><strong>quaeram.</strong></span> <span class='ocrx_word' id='word_1_123' title='bbox 1406 886 1540 937; x_wconf 85' lang='lat' dir='ltr'><strong>Quod</strong></span> 
     </span>
     <span class='ocr_line' id='line_1_15' title="bbox 7 944 1541 997; baseline -0.001 -13"><span class='ocrx_word' id='word_1_124' title='bbox 7 951 13 996; x_wconf 61' lang='grc' dir='ltr'>ᾖ</span> <span class='ocrx_word' id='word_1_125' title='bbox 46 944 280 985; x_wconf 81' lang='lat' dir='ltr'><strong>videbitur</strong></span> <span class='ocrx_word' id='word_1_126' title='bbox 309 948 482 986; x_wconf 81' lang='lat' dir='ltr'><strong>rectum</strong></span> <span class='ocrx_word' id='word_1_127' title='bbox 512 957 625 997; x_wconf 81' lang='lat' dir='ltr'><strong>esse,</strong></span> <span class='ocrx_word' id='word_1_128' title='bbox 655 945 834 985; x_wconf 88' lang='lat' dir='ltr'><strong>curabo.</strong></span> <span class='ocrx_word' id='word_1_129' title='bbox 912 944 984 985; x_wconf 93' lang='lat' dir='ltr'><strong>De</strong></span> <span class='ocrx_word' id='word_1_130' title='bbox 1014 945 1293 996; x_wconf 85' lang='lat' dir='ltr'><strong>Ascanione,</strong></span> <span class='ocrx_word' id='word_1_131' title='bbox 1337 949 1388 983; x_wconf 82' lang='lat' dir='ltr'><strong>tu</strong></span> <span class='ocrx_word' id='word_1_132' title='bbox 1417 956 1541 995; x_wconf 82' lang='lat' dir='ltr'><strong>vero,</strong></span> 
     </span>
     <span class='ocr_line' id='line_1_16' title="bbox 8 998 1542 1054; baseline 0 -15"><span class='ocrx_word' id='word_1_133' title='bbox 8 1033 12 1039; x_wconf 80' lang='lat'><strong>.</strong></span> <span class='ocrx_word' id='word_1_134' title='bbox 46 1000 167 1053; x_wconf 90' lang='lat' dir='ltr'><strong>quod</strong></span> <span class='ocrx_word' id='word_1_135' title='bbox 205 1000 358 1053; x_wconf 81' lang='lat' dir='ltr'><strong>voles,</strong></span> <span class='ocrx_word' id='word_1_136' title='bbox 400 999 564 1042; x_wconf 85' lang='lat' dir='ltr'><strong>facies:</strong></span> <span class='ocrx_word' id='word_1_137' title='bbox 612 1013 683 1041; x_wconf 90' lang='lat' dir='ltr'><strong>me</strong></span> <span class='ocrx_word' id='word_1_138' title='bbox 723 998 840 1040; x_wconf 89' lang='lat' dir='ltr'><strong>nihil</strong></span> <span class='ocrx_word' id='word_1_139' title='bbox 871 999 1124 1054; x_wconf 82' lang='lat' dir='ltr'><strong>interpono.</strong></span> <span class='ocrx_word' id='word_1_140' title='bbox 1183 1000 1256 1040; x_wconf 89' lang='lat' dir='ltr'><strong>De</strong></span> <span class='ocrx_word' id='word_1_141' title='bbox 1286 1000 1542 1040; x_wconf 86' lang='lat' dir='ltr'><strong>suburbano</strong></span> 
     </span>
     <span class='ocr_line' id='line_1_17' title="bbox 9 1053 1543 1111; baseline 0 -16"><span class='ocrx_word' id='word_1_142' title='bbox 9 1068 14 1106; x_wconf 65' lang='lat' dir='ltr'><em>q</em></span> <span class='ocrx_word' id='word_1_143' title='bbox 46 1056 167 1110; x_wconf 89' lang='lat' dir='ltr'><strong>quod</strong></span> <span class='ocrx_word' id='word_1_144' title='bbox 198 1070 285 1097; x_wconf 92' lang='lat' dir='ltr'><strong>non</strong></span> <span class='ocrx_word' id='word_1_145' title='bbox 317 1069 558 1111; x_wconf 88' lang='lat' dir='ltr'><strong>properas,</strong></span> <span class='ocrx_word' id='word_1_146' title='bbox 587 1055 748 1097; x_wconf 87' lang='lat' dir='ltr'><strong>laudo:</strong></span> <span class='ocrx_word' id='word_1_147' title='bbox 778 1059 828 1097; x_wconf 86' lang='lat' dir='ltr'><strong>ut</strong></span> <span class='ocrx_word' id='word_1_148' title='bbox 856 1060 906 1096; x_wconf 80' lang='lat' dir='ltr'><strong>tu</strong></span> <span class='ocrx_word' id='word_1_149' title='bbox 935 1055 1119 1108; x_wconf 81' lang='lat' dir='ltr'><strong>habeas,</strong></span> <span class='ocrx_word' id='word_1_150' title='bbox 1149 1053 1325 1097; x_wconf 75' lang='lat' dir='ltr'><strong>hortor.</strong></span> <span class='ocrx_word' id='word_1_151' title='bbox 1413 1054 1543 1096; x_wconf 85' lang='lat' dir='ltr'><strong>Haec</strong></span> 
     </span>
     <span class='ocr_line' id='line_1_18' title="bbox 10 1111 1540 1166; baseline -0.003 -10"><span class='ocrx_word' id='word_1_152' title='bbox 10 1128 15 1156; x_wconf 78' lang='grc' dir='ltr'>ῑ</span> <span class='ocrx_word' id='word_1_153' title='bbox 46 1113 214 1166; x_wconf 85' lang='lat' dir='ltr'><strong>scripsi</strong></span> <span class='ocrx_word' id='word_1_154' title='bbox 244 1126 284 1154; x_wconf 87' lang='lat' dir='ltr'><strong>a.</strong></span> <span class='ocrx_word' id='word_1_155' title='bbox 317 1112 359 1153; x_wconf 89' lang='lat' dir='ltr'><strong>d.</strong></span> <span class='ocrx_word' id='word_1_156' title='bbox 388 1126 450 1152; x_wconf 78' lang='lat' dir='ltr'><strong>lx.</strong></span> <span class='ocrx_word' id='word_1_157' title='bbox 482 1112 680 1154; x_wconf 85' lang='lat' dir='ltr'><strong>Kalend.</strong></span> <span class='ocrx_word' id='word_1_158' title='bbox 711 1111 946 1164; x_wconf 89' lang='lat' dir='ltr'><strong>Novemb.,</strong></span> <span class='ocrx_word' id='word_1_159' title='bbox 976 1126 1065 1166; x_wconf 92' lang='lat' dir='ltr'><strong>quo</strong></span> <span class='ocrx_word' id='word_1_160' title='bbox 1096 1112 1172 1152; x_wconf 88' lang='lat' dir='ltr'><strong>die</strong></span> <span class='ocrx_word' id='word_1_161' title='bbox 1203 1111 1305 1152; x_wconf 91' lang='lat' dir='ltr'><strong>ludi</strong></span> <span class='ocrx_word' id='word_1_162' title='bbox 1334 1111 1540 1152; x_wconf 76' lang='lat' dir='ltr'><strong>commit-</strong></span> 
     </span>
     <span class='ocr_line' id='line_1_19' title="bbox 11 1166 1542 1222; baseline -0.001 -14"><span class='ocrx_word' id='word_1_163' title='bbox 11 1171 17 1208; x_wconf 70' lang='lat'><strong>‘1</strong></span> <span class='ocrx_word' id='word_1_164' title='bbox 44 1168 276 1220; x_wconf 75' lang='lat' dir='ltr'><strong>tebantur,</strong></span> <span class='ocrx_word' id='word_1_165' title='bbox 321 1169 367 1209; x_wconf 91' lang='lat' dir='ltr'><strong>in</strong></span> <span class='ocrx_word' id='word_1_166' title='bbox 399 1167 711 1209; x_wconf 83' lang='lat' dir='ltr'><strong>Tusculanum</strong></span> <span class='ocrx_word' id='word_1_167' title='bbox 739 1166 1037 1222; x_wconf 86' lang='lat' dir='ltr'><strong>proficiscens</strong></span> <span class='ocrx_word' id='word_1_168' title='bbox 1067 1167 1326 1221; x_wconf 87' lang='lat' dir='ltr'><strong>ducensque</strong></span> <span class='ocrx_word' id='word_1_169' title='bbox 1366 1180 1542 1208; x_wconf 89' lang='lat' dir='ltr'><strong>mecum</strong></span> 
     </span>
     <span class='ocr_line' id='line_1_20' title="bbox 11 1223 1541 1276; baseline -0.001 -11"><span class='ocrx_word' id='word_1_170' title='bbox 11 1241 15 1249; x_wconf 92' lang='lat'><em>·</em></span> <span class='ocrx_word' id='word_1_171' title='bbox 44 1224 313 1265; x_wconf 88' lang='lat' dir='ltr'><strong>Ciceronem</strong></span> <span class='ocrx_word' id='word_1_172' title='bbox 353 1237 498 1265; x_wconf 87' lang='lat' dir='ltr'><strong>meum</strong></span> <span class='ocrx_word' id='word_1_173' title='bbox 539 1225 586 1264; x_wconf 92' lang='lat' dir='ltr'><strong>in</strong></span> <span class='ocrx_word' id='word_1_174' title='bbox 617 1223 775 1265; x_wconf 89' lang='lat' dir='ltr'><strong>ludum</strong></span> <span class='ocrx_word' id='word_1_175' title='bbox 806 1223 1042 1276; x_wconf 85' lang='lat' dir='ltr'><strong>discendi,</strong></span> <span class='ocrx_word' id='word_1_176' title='bbox 1090 1237 1180 1264; x_wconf 90' lang='lat' dir='ltr'><strong>non</strong></span> <span class='ocrx_word' id='word_1_177' title='bbox 1210 1223 1426 1266; x_wconf 88' lang='lat' dir='ltr'><strong>lusionis:</strong></span> <span class='ocrx_word' id='word_1_178' title='bbox 1487 1235 1541 1264; x_wconf 88' lang='lat' dir='ltr'><strong>ea</strong></span> 
     </span>
     <span class='ocr_line' id='line_1_21' title="bbox 13 1273 1540 1335; baseline -0.001 -15"><span class='ocrx_word' id='word_1_179' title='bbox 13 1273 18 1326; x_wconf 71' lang='grc' dir='ltr'><strong>ἱ</strong></span> <span class='ocrx_word' id='word_1_180' title='bbox 49 1293 97 1320; x_wconf 89' lang='lat' dir='ltr'><strong>re</strong></span> <span class='ocrx_word' id='word_1_181' title='bbox 127 1293 215 1322; x_wconf 91' lang='lat' dir='ltr'><strong>non</strong></span> <span class='ocrx_word' id='word_1_182' title='bbox 246 1280 442 1334; x_wconf 81' lang='lat' dir='ltr'><strong>longius,</strong></span> <span class='ocrx_word' id='word_1_183' title='bbox 473 1293 607 1335; x_wconf 84' lang='lat' dir='ltr'><strong>quam</strong></span> <span class='ocrx_word' id='word_1_184' title='bbox 635 1280 818 1332; x_wconf 79' lang='lat' dir='ltr'><strong>vellem,</strong></span> <span class='ocrx_word' id='word_1_185' title='bbox 847 1279 967 1334; x_wconf 91' lang='lat' dir='ltr'><strong>quod</strong></span> <span class='ocrx_word' id='word_1_186' title='bbox 997 1279 1262 1334; x_wconf 80' lang='lat' dir='ltr'><strong>Pomptinio</strong></span> <span class='ocrx_word' id='word_1_187' title='bbox 1293 1278 1351 1320; x_wconf 82' lang='lat' dir='ltr'><strong>ad</strong></span> <span class='ocrx_word' id='word_1_188' title='bbox 1380 1278 1540 1319; x_wconf 83' lang='lat' dir='ltr'><strong>trium-</strong></span> 
     </span>
     <span class='ocr_line' id='line_1_22' title="bbox 14 1329 1545 1395; baseline -0.001 -19"><span class='ocrx_word' id='word_1_189' title='bbox 14 1329 183 1395; x_wconf 62' lang='lat' dir='ltr'><strong>iphum</strong></span> <span class='ocrx_word' id='word_1_190' title='bbox 211 1349 251 1377; x_wconf 89' lang='lat' dir='ltr'><strong>a.</strong></span> <span class='ocrx_word' id='word_1_191' title='bbox 283 1336 328 1378; x_wconf 86' lang='lat' dir='ltr'><strong>d.</strong></span> <span class='ocrx_word' id='word_1_192' title='bbox 359 1351 422 1377; x_wconf 92' lang='lat'><strong>111.</strong></span> <span class='ocrx_word' id='word_1_193' title='bbox 454 1335 569 1377; x_wconf 87' lang='lat' dir='ltr'><strong>Non.</strong></span> <span class='ocrx_word' id='word_1_194' title='bbox 599 1335 816 1377; x_wconf 89' lang='lat' dir='ltr'><strong>Novemb.</strong></span> <span class='ocrx_word' id='word_1_195' title='bbox 853 1336 1063 1377; x_wconf 86' lang='lat' dir='ltr'><strong>volebam</strong></span> <span class='ocrx_word' id='word_1_196' title='bbox 1102 1335 1273 1377; x_wconf 83' lang='lat' dir='ltr'><strong>adesse.</strong></span> <span class='ocrx_word' id='word_1_197' title='bbox 1359 1334 1545 1376; x_wconf 85' lang='lat' dir='ltr'><strong>Etenim</strong></span> 
     </span>
     <span class='ocr_line' id='line_1_23' title="bbox 15 1390 1543 1447; baseline -0.001 -14"><span class='ocrx_word' id='word_1_198' title='bbox 15 1392 134 1442; x_wconf 61' lang='lat' dir='ltr'><strong>‚terit</strong></span> <span class='ocrx_word' id='word_1_199' title='bbox 161 1393 315 1434; x_wconf 89' lang='lat' dir='ltr'><strong>nescio</strong></span> <span class='ocrx_word' id='word_1_200' title='bbox 345 1391 456 1447; x_wconf 84' lang='lat' dir='ltr'><strong>quid</strong></span> <span class='ocrx_word' id='word_1_201' title='bbox 486 1392 721 1447; x_wconf 86' lang='lat' dir='ltr'><strong>negotioli.</strong></span> <span class='ocrx_word' id='word_1_202' title='bbox 780 1390 896 1434; x_wconf 84' lang='lat' dir='ltr'><strong>Nam</strong></span> <span class='ocrx_word' id='word_1_203' title='bbox 926 1391 1041 1433; x_wconf 83' lang='lat' dir='ltr'><strong>Cato</strong></span> <span class='ocrx_word' id='word_1_204' title='bbox 1071 1395 1118 1432; x_wconf 84' lang='lat' dir='ltr'><strong>et</strong></span> <span class='ocrx_word' id='word_1_205' title='bbox 1145 1391 1384 1444; x_wconf 83' lang='lat' dir='ltr'><strong>Servilius,</strong></span> <span class='ocrx_word' id='word_1_206' title='bbox 1414 1403 1543 1447; x_wconf 84' lang='lat' dir='ltr'><strong>prae-</strong></span> 
     </span>
    </p>
   </div>
   <div class='ocr_carea' id='block_1_3' title="bbox 16 1462 667 1516">
    <p class='ocr_par' dir='ltr' id='par_1_3' title="bbox 16 1462 667 1516">
     <span class='ocr_line' id='line_1_24' title="bbox 16 1462 667 1516; baseline 0 -25"><span class='ocrx_word' id='word_1_207' title='bbox 16 1462 667 1516; x_wconf 32' lang='lat' dir='ltr'><strong>{ffl-</strong></span> 
     </span>
    </p>
   </div>
   <div class='ocr_carea' id='block_1_4' title="bbox 17 1522 1546 1830">
    <p class='ocr_par' dir='ltr' id='par_1_4' title="bbox 17 1522 1546 1830">
     <span class='ocr_line' id='line_1_25' title="bbox 17 1522 1542 1590; baseline 0.001 -16"><span class='ocrx_word' id='word_1_208' title='bbox 17 1522 176 1590; x_wconf 78' lang='lat' dir='ltr'><strong>{horem</strong></span> <span class='ocrx_word' id='word_1_209' title='bbox 202 1540 439 1586; x_wconf 81' lang='lat' dir='ltr'><strong>perficiendi.</strong></span> <span class='ocrx_word' id='word_1_210' title='bbox 465 1560 513 1567; x_wconf 93' lang='lat'><strong>—-</strong></span> <span class='ocrx_word' id='word_1_211' title='bbox 545 1537 875 1586; x_wconf 78' lang='grc' dir='ltr'>ἑνθουσιασμό</span> <span class='ocrx_word' id='word_1_212' title='bbox 887 1554 925 1585; x_wconf 86' lang='grc' dir='ltr'><strong>ς,</strong></span> <span class='ocrx_word' id='word_1_213' title='bbox 960 1542 1113 1576; x_wconf 82' lang='lat' dir='ltr'><strong>afflatus</strong></span> <span class='ocrx_word' id='word_1_214' title='bbox 1146 1541 1316 1583; x_wconf 85' lang='lat' dir='ltr'><strong>divinus,</strong></span> <span class='ocrx_word' id='word_1_215' title='bbox 1348 1542 1542 1587; x_wconf 83' lang='lat' dir='ltr'><strong>Begeiste·</strong></span> 
     </span>
     <span class='ocr_line' id='line_1_26' title="bbox 19 1590 1545 1636; baseline 0.001 -12"><span class='ocrx_word' id='word_1_216' title='bbox 19 1598 153 1635; x_wconf 55' lang='lat' dir='ltr'><strong>§rung</strong></span> <span class='ocrx_word' id='word_1_217' title='bbox 205 1590 332 1635; x_wconf 83' lang='lat' dir='ltr'><strong>Vergl.</strong></span> <span class='ocrx_word' id='word_1_218' title='bbox 365 1601 424 1636; x_wconf 82' lang='lat' dir='ltr'><strong>cp.</strong></span> <span class='ocrx_word' id='word_1_219' title='bbox 458 1590 594 1632; x_wconf 83' lang='lat' dir='ltr'><strong>CLIV,</strong></span> <span class='ocrx_word' id='word_1_220' title='bbox 621 1592 667 1625; x_wconf 73' lang='lat'><strong>4:</strong></span> <span class='ocrx_word' id='word_1_221' title='bbox 711 1602 781 1624; x_wconf 88' lang='lat' dir='ltr'><strong>nec</strong></span> <span class='ocrx_word' id='word_1_222' title='bbox 817 1602 906 1624; x_wconf 86' lang='lat' dir='ltr'><strong>sane</strong></span> <span class='ocrx_word' id='word_1_223' title='bbox 943 1591 1033 1625; x_wconf 80' lang='lat' dir='ltr'><strong>satis</strong></span> <span class='ocrx_word' id='word_1_224' title='bbox 1060 1602 1301 1625; x_wconf 84' lang='lat' dir='ltr'><strong>commoveor</strong></span> <span class='ocrx_word' id='word_1_225' title='bbox 1335 1591 1462 1625; x_wconf 81' lang='lat' dir='ltr'><strong>animo</strong></span> <span class='ocrx_word' id='word_1_226' title='bbox 1496 1591 1545 1625; x_wconf 82' lang='lat' dir='ltr'><strong>ad</strong></span> 
     </span>
     <span class='ocr_line' id='line_1_27' title="bbox 19 1632 1543 1684; baseline 0.001 -12"><span class='ocrx_word' id='word_1_227' title='bbox 19 1632 109 1680; x_wconf 61' lang='lat' dir='ltr'><strong>lea,</strong></span> <span class='ocrx_word' id='word_1_228' title='bbox 143 1649 240 1684; x_wconf 80' lang='lat' dir='ltr'><strong>quae</strong></span> <span class='ocrx_word' id='word_1_229' title='bbox 266 1639 342 1679; x_wconf 87' lang='lat' dir='ltr'><strong>vis,</strong></span> <span class='ocrx_word' id='word_1_230' title='bbox 379 1639 562 1675; x_wconf 81' lang='lat' dir='ltr'><strong>canenda,</strong></span> <span class='ocrx_word' id='word_1_231' title='bbox 605 1657 648 1663; x_wconf 90' lang='lat'>—</span> <span class='ocrx_word' id='word_1_232' title='bbox 700 1639 779 1672; x_wconf 81' lang='lat' dir='ltr'><strong>sine</strong></span> <span class='ocrx_word' id='word_1_233' title='bbox 804 1649 904 1672; x_wconf 82' lang='lat' dir='ltr'><strong>cura.</strong></span> <span class='ocrx_word' id='word_1_234' title='bbox 956 1639 1011 1673; x_wconf 84' lang='lat' dir='ltr'><strong>Er</strong></span> <span class='ocrx_word' id='word_1_235' title='bbox 1045 1640 1292 1673; x_wconf 79' lang='lat' dir='ltr'><strong>befiirchtete</strong></span> <span class='ocrx_word' id='word_1_236' title='bbox 1318 1640 1543 1679; x_wconf 83' lang='lat' dir='ltr'><strong>besonders.</strong></span> 
     </span>
     <span class='ocr_line' id='line_1_28' title="bbox 19 1673 1546 1736; baseline 0.001 -16"><span class='ocrx_word' id='word_1_237' title='bbox 19 1673 128 1736; x_wconf 49' lang='lat' dir='ltr'><strong>idass</strong></span> <span class='ocrx_word' id='word_1_238' title='bbox 155 1686 308 1720; x_wconf 87' lang='lat' dir='ltr'><strong>Clodius</strong></span> <span class='ocrx_word' id='word_1_239' title='bbox 334 1687 471 1720; x_wconf 67' lang='lat' dir='ltr'><strong>Prator</strong></span> <span class='ocrx_word' id='word_1_240' title='bbox 496 1687 650 1721; x_wconf 87' lang='lat' dir='ltr'><strong>werden</strong></span> <span class='ocrx_word' id='word_1_241' title='bbox 678 1687 840 1721; x_wconf 71' lang='lat' dir='ltr'><strong>mochte.</strong></span> <span class='ocrx_word' id='word_1_242' title='bbox 864 1706 906 1712; x_wconf 96' lang='lat'><strong>—</strong></span> <span class='ocrx_word' id='word_1_243' title='bbox 934 1686 993 1720; x_wconf 77' lang='lat' dir='ltr'><strong>ist.</strong></span> <span class='ocrx_word' id='word_1_244' title='bbox 1020 1688 1169 1731; x_wconf 82' lang='lat' dir='ltr'><strong>generis</strong></span> <span class='ocrx_word' id='word_1_245' title='bbox 1194 1689 1230 1722; x_wconf 79' lang='lat' dir='ltr'><strong>in</strong></span> <span class='ocrx_word' id='word_1_246' title='bbox 1255 1688 1379 1727; x_wconf 82' lang='lat' dir='ltr'><strong>scrib.‚</strong></span> <span class='ocrx_word' id='word_1_247' title='bbox 1405 1688 1444 1722; x_wconf 87' lang='lat' dir='ltr'><strong>in</strong></span> <span class='ocrx_word' id='word_1_248' title='bbox 1463 1688 1546 1721; x_wconf 86' lang='lat' dir='ltr'><strong>die-</strong></span> 
     </span>
     <span class='ocr_line' id='line_1_29' title="bbox 44 1734 1544 1781; baseline 0 -11"><span class='ocrx_word' id='word_1_249' title='bbox 44 1747 105 1770; x_wconf 79' lang='lat' dir='ltr'><strong>ser</strong></span> <span class='ocrx_word' id='word_1_250' title='bbox 126 1735 198 1768; x_wconf 84' lang='lat' dir='ltr'><strong>Art</strong></span> <span class='ocrx_word' id='word_1_251' title='bbox 222 1747 267 1768; x_wconf 86' lang='lat' dir='ltr'><strong>zu</strong></span> <span class='ocrx_word' id='word_1_252' title='bbox 294 1734 510 1777; x_wconf 85' lang='lat' dir='ltr'><strong>schreiben,</strong></span> <span class='ocrx_word' id='word_1_253' title='bbox 534 1736 588 1768; x_wconf 86' lang='lat' dir='ltr'><strong>im</strong></span> <span class='ocrx_word' id='word_1_254' title='bbox 616 1736 882 1770; x_wconf 81' lang='lat' dir='ltr'><strong>Versmacheu.</strong></span> <span class='ocrx_word' id='word_1_255' title='bbox 941 1736 1021 1770; x_wconf 86' lang='lat' dir='ltr'><strong>Der</strong></span> <span class='ocrx_word' id='word_1_256' title='bbox 1047 1737 1177 1771; x_wconf 87' lang='lat' dir='ltr'><strong>Genit.</strong></span> <span class='ocrx_word' id='word_1_257' title='bbox 1211 1737 1330 1781; x_wconf 60' lang='lat' dir='ltr'><strong>hangt</strong></span> <span class='ocrx_word' id='word_1_258' title='bbox 1356 1747 1431 1770; x_wconf 82' lang='lat' dir='ltr'><strong>von</strong></span> <span class='ocrx_word' id='word_1_259' title='bbox 1456 1747 1544 1781; x_wconf 81' lang='lat' dir='ltr'><strong>par-</strong></span> 
     </span>
     <span class='ocr_line' id='line_1_30' title="bbox 25 1783 1375 1830; baseline 0 -12"><span class='ocrx_word' id='word_1_260' title='bbox 25 1788 96 1825; x_wconf 45' lang='lat' dir='ltr'><strong>,tcs</strong></span> <span class='ocrx_word' id='word_1_261' title='bbox 119 1784 180 1817; x_wconf 85' lang='lat' dir='ltr'><strong>ab.</strong></span> <span class='ocrx_word' id='word_1_262' title='bbox 232 1784 314 1828; x_wconf 88' lang='lat' dir='ltr'><strong>Vgl.</strong></span> <span class='ocrx_word' id='word_1_263' title='bbox 342 1783 414 1817; x_wconf 87' lang='lat' dir='ltr'><strong>den</strong></span> <span class='ocrx_word' id='word_1_264' title='bbox 441 1784 534 1828; x_wconf 76' lang='lat' dir='ltr'><strong>folg.</strong></span> <span class='ocrx_word' id='word_1_265' title='bbox 561 1784 671 1818; x_wconf 84' lang='lat' dir='ltr'><strong>Brief</strong></span> <span class='ocrx_word' id='word_1_266' title='bbox 694 1784 731 1828; x_wconf 77' lang='lat'><strong>§.</strong></span> <span class='ocrx_word' id='word_1_267' title='bbox 758 1785 781 1819; x_wconf 79' lang='lat'>4</span> <span class='ocrx_word' id='word_1_268' title='bbox 806 1785 882 1818; x_wconf 89' lang='lat' dir='ltr'><strong>isto</strong></span> <span class='ocrx_word' id='word_1_269' title='bbox 908 1784 1008 1830; x_wconf 87' lang='lat' dir='ltr'><strong>eloq.</strong></span> <span class='ocrx_word' id='word_1_270' title='bbox 1036 1792 1075 1819; x_wconf 90' lang='lat' dir='ltr'><strong>et</strong></span> <span class='ocrx_word' id='word_1_271' title='bbox 1097 1796 1198 1830; x_wconf 82' lang='lat' dir='ltr'><strong>expr.</strong></span> <span class='ocrx_word' id='word_1_272' title='bbox 1224 1796 1375 1830; x_wconf 84' lang='lat' dir='ltr'><strong>genere.</strong></span> 
     </span>
    </p>
   </div>
   <div class='ocr_carea' id='block_1_5' title="bbox 23 1834 1546 2376">
    <p class='ocr_par' dir='ltr' id='par_1_5' title="bbox 23 1834 1546 2376">
     <span class='ocr_line' id='line_1_31' title="bbox 23 1834 1544 1890; baseline -0.001 -10"><span class='ocrx_word' id='word_1_273' title='bbox 23 1834 28 1887; x_wconf 59' lang='grc' dir='ltr'>ξ</span> <span class='ocrx_word' id='word_1_274' title='bbox 139 1847 173 1880; x_wconf 86' lang='lat'><strong>5.</strong></span> <span class='ocrx_word' id='word_1_275' title='bbox 201 1845 258 1878; x_wconf 80' lang='lat' dir='ltr'><strong>De</strong></span> <span class='ocrx_word' id='word_1_276' title='bbox 283 1858 332 1876; x_wconf 68' lang='lat' dir='ltr'><em>z</em></span> <span class='ocrx_word' id='word_1_277' title='bbox 359 1858 433 1880; x_wconf 74' lang='lat' dir='ltr'><strong>was</strong></span> <span class='ocrx_word' id='word_1_278' title='bbox 459 1847 635 1890; x_wconf 81' lang='lat' dir='ltr'><strong>anlangt,</strong></span> <span class='ocrx_word' id='word_1_279' title='bbox 663 1846 826 1881; x_wconf 76' lang='lat' dir='ltr'><strong>betrifft.</strong></span> <span class='ocrx_word' id='word_1_280' title='bbox 885 1837 991 1880; x_wconf 71' lang='lat' dir='ltr'><strong>fiber</strong></span> <span class='ocrx_word' id='word_1_281' title='bbox 1018 1846 1078 1880; x_wconf 79' lang='lat' dir='ltr'><strong>die</strong></span> <span class='ocrx_word' id='word_1_282' title='bbox 1105 1846 1309 1882; x_wconf 75' lang='lat' dir='ltr'><strong>Gerundiv.</strong></span> <span class='ocrx_word' id='word_1_283' title='bbox 1337 1859 1365 1880; x_wconf 81' lang='lat' dir='ltr'><strong>s.</strong></span> <span class='ocrx_word' id='word_1_284' title='bbox 1394 1847 1544 1881; x_wconf 76' lang='lat' dir='ltr'><strong>Grotef.</strong></span> 
     </span>
     <span class='ocr_line' id='line_1_32' title="bbox 47 1894 1546 1940; baseline 0 -12"><span class='ocrx_word' id='word_1_285' title='bbox 47 1897 76 1938; x_wconf 82' lang='lat'><strong>§.</strong></span> <span class='ocrx_word' id='word_1_286' title='bbox 103 1895 183 1929; x_wconf 79' lang='lat'><strong>318.</strong></span> <span class='ocrx_word' id='word_1_287' title='bbox 213 1894 371 1931; x_wconf 75' lang='lat' dir='ltr'><strong>Ramsh.</strong></span> <span class='ocrx_word' id='word_1_288' title='bbox 399 1897 427 1940; x_wconf 85' lang='lat'><strong>§.</strong></span> <span class='ocrx_word' id='word_1_289' title='bbox 457 1896 538 1937; x_wconf 82' lang='lat'><strong>169,</strong></span> <span class='ocrx_word' id='word_1_290' title='bbox 565 1896 599 1929; x_wconf 86' lang='lat'><strong>5.</strong></span> <span class='ocrx_word' id='word_1_291' title='bbox 630 1913 673 1920; x_wconf 88' lang='lat'><strong>——</strong></span> <span class='ocrx_word' id='word_1_292' title='bbox 707 1898 889 1938; x_wconf 80' lang='lat' dir='ltr'><strong>spectent,</strong></span> <span class='ocrx_word' id='word_1_293' title='bbox 916 1895 1069 1928; x_wconf 82' lang='lat' dir='ltr'><strong>zumahl</strong></span> <span class='ocrx_word' id='word_1_294' title='bbox 1096 1895 1143 1928; x_wconf 79' lang='lat' dir='ltr'><strong>da</strong></span> <span class='ocrx_word' id='word_1_295' title='bbox 1169 1896 1235 1929; x_wconf 87' lang='lat' dir='ltr'><strong>ich</strong></span> <span class='ocrx_word' id='word_1_296' title='bbox 1261 1896 1388 1929; x_wconf 80' lang='lat' dir='ltr'><strong>meine</strong></span> <span class='ocrx_word' id='word_1_297' title='bbox 1413 1895 1546 1940; x_wconf 84' lang='lat' dir='ltr'><strong>eigene</strong></span> 
     </span>
     <span class='ocr_line' id='line_1_33' title="bbox 45 1942 1542 1989; baseline 0 -12"><span class='ocrx_word' id='word_1_298' title='bbox 45 1943 258 1989; x_wconf 77' lang='lat' dir='ltr'><strong>Rechnung-</strong></span> <span class='ocrx_word' id='word_1_299' title='bbox 285 1942 395 1976; x_wconf 86' lang='lat' dir='ltr'><strong>dabei</strong></span> <span class='ocrx_word' id='word_1_300' title='bbox 421 1942 549 1977; x_wconf 61' lang='lat' dir='ltr'><strong>sande.</strong></span> <span class='ocrx_word' id='word_1_301' title='bbox 574 1946 712 1986; x_wconf 79' lang='lat' dir='ltr'><strong>spectet</strong></span> <span class='ocrx_word' id='word_1_302' title='bbox 727 1943 848 1977; x_wconf 84' lang='lat' dir='ltr'><strong>Land.</strong></span> <span class='ocrx_word' id='word_1_303' title='bbox 875 1961 923 1967; x_wconf 92' lang='grc'><strong>--</strong></span> <span class='ocrx_word' id='word_1_304' title='bbox 946 1953 1017 1987; x_wconf 81' lang='lat' dir='ltr'><strong>per</strong></span> <span class='ocrx_word' id='word_1_305' title='bbox 1041 1954 1141 1987; x_wconf 75' lang='lat' dir='ltr'><strong>quem</strong></span> <span class='ocrx_word' id='word_1_306' title='bbox 1168 1954 1290 1986; x_wconf 80' lang='lat' dir='ltr'><strong>agam,</strong></span> <span class='ocrx_word' id='word_1_307' title='bbox 1316 1954 1389 1976; x_wconf 71' lang='lat' dir='ltr'><strong>von</strong></span> <span class='ocrx_word' id='word_1_308' title='bbox 1415 1943 1542 1977; x_wconf 79' lang='lat' dir='ltr'><strong>habeo.</strong></span> 
     </span>
     <span class='ocr_line' id='line_1_34' title="bbox 26 1986 1544 2034; baseline 0.002 -11"><span class='ocrx_word' id='word_1_309' title='bbox 26 1986 85 2026; x_wconf 73' lang='lat' dir='ltr'><strong>lS.</strong></span> <span class='ocrx_word' id='word_1_310' title='bbox 113 1992 269 2024; x_wconf 84' lang='lat' dir='ltr'><strong>Ramsh.</strong></span> <span class='ocrx_word' id='word_1_311' title='bbox 297 1993 327 2034; x_wconf 84' lang='lat'><strong>§.</strong></span> <span class='ocrx_word' id='word_1_312' title='bbox 355 1992 434 2033; x_wconf 68' lang='lat'><strong>184,</strong></span> <span class='ocrx_word' id='word_1_313' title='bbox 462 1993 494 2026; x_wconf 89' lang='lat'><strong>2.</strong></span> <span class='ocrx_word' id='word_1_314' title='bbox 523 1991 676 2026; x_wconf 83' lang='lat' dir='ltr'><strong>Grotef.</strong></span> <span class='ocrx_word' id='word_1_315' title='bbox 704 1990 733 2033; x_wconf 63' lang='grc' dir='ltr'><strong>ξ.</strong></span> <span class='ocrx_word' id='word_1_316' title='bbox 755 1992 838 2033; x_wconf 83' lang='grc'><strong>432,</strong></span> <span class='ocrx_word' id='word_1_317' title='bbox 863 1991 977 2028; x_wconf 74' lang='grc' dir='ltr'><strong>Αηιη.</strong></span> <span class='ocrx_word' id='word_1_318' title='bbox 996 1992 1027 2026; x_wconf 85' lang='grc'><strong>2.</strong></span> <span class='ocrx_word' id='word_1_319' title='bbox 1055 2011 1100 2016; x_wconf 92' lang='grc'><strong>-</strong></span> <span class='ocrx_word' id='word_1_320' title='bbox 1127 2003 1193 2025; x_wconf 75' lang='lat' dir='ltr'><strong>uec</strong></span> <span class='ocrx_word' id='word_1_321' title='bbox 1296 1991 1544 2026; x_wconf 55' lang='lat' dir='ltr'><strong>nis-iznicht</strong></span> 
     </span>
     <span class='ocr_line' id='line_1_35' title="bbox 28 2035 1542 2083; baseline 0.001 -12"><span class='ocrx_word' id='word_1_322' title='bbox 28 2035 182 2072; x_wconf 64' lang='lat' dir='ltr'><strong>{anders</strong></span> <span class='ocrx_word' id='word_1_323' title='bbox 209 2039 274 2077; x_wconf 79' lang='lat' dir='ltr'><strong>a1s‚</strong></span> <span class='ocrx_word' id='word_1_324' title='bbox 301 2049 384 2072; x_wconf 81' lang='lat' dir='ltr'><strong>nur.</strong></span> <span class='ocrx_word' id='word_1_325' title='bbox 439 2039 590 2073; x_wconf 80' lang='lat' dir='ltr'><strong>Ramsh.</strong></span> <span class='ocrx_word' id='word_1_326' title='bbox 617 2039 651 2083; x_wconf 73' lang='lat'><strong>§-</strong></span> <span class='ocrx_word' id='word_1_327' title='bbox 680 2041 761 2082; x_wconf 85' lang='lat'><strong>190,</strong></span> <span class='ocrx_word' id='word_1_328' title='bbox 789 2043 821 2075; x_wconf 90' lang='grc'><strong>7.</strong></span> <span class='ocrx_word' id='word_1_329' title='bbox 849 2040 886 2072; x_wconf 89' lang='lat' dir='ltr'><strong>b.</strong></span> <span class='ocrx_word' id='word_1_330' title='bbox 935 2040 1084 2074; x_wconf 87' lang='lat' dir='ltr'><strong>Grotef.</strong></span> <span class='ocrx_word' id='word_1_331' title='bbox 1119 2042 1148 2083; x_wconf 59' lang='grc' dir='ltr'><strong>ᾗ.</strong></span> <span class='ocrx_word' id='word_1_332' title='bbox 1175 2041 1269 2079; x_wconf 80' lang='grc'>406,</span> <span class='ocrx_word' id='word_1_333' title='bbox 1310 2038 1421 2074; x_wconf 72' lang='lat' dir='ltr'><strong>Anni.</strong></span> <span class='ocrx_word' id='word_1_334' title='bbox 1449 2042 1482 2076; x_wconf 86' lang='lat'><strong>2.</strong></span> <span class='ocrx_word' id='word_1_335' title='bbox 1509 2043 1542 2076; x_wconf 85' lang='lat'><strong>3.</strong></span> 
     </span>
     <span class='ocr_line' id='line_1_36' title="bbox 28 2087 1543 2140; baseline 0.001 -20"><span class='ocrx_word' id='word_1_336' title='bbox 28 2088 84 2140; x_wconf 60' lang='lat'><strong>&#39;&#39;§.</strong></span> <span class='ocrx_word' id='word_1_337' title='bbox 111 2088 181 2122; x_wconf 70' lang='lat'><strong>461</strong></span> <span class='ocrx_word' id='word_1_338' title='bbox 207 2099 269 2120; x_wconf 87' lang='lat' dir='ltr'><strong>am</strong></span> <span class='ocrx_word' id='word_1_339' title='bbox 294 2087 410 2120; x_wconf 89' lang='lat' dir='ltr'><strong>Ende.</strong></span> <span class='ocrx_word' id='word_1_340' title='bbox 439 2107 483 2112; x_wconf 95' lang='lat'><strong>—</strong></span> <span class='ocrx_word' id='word_1_341' title='bbox 512 2087 734 2132; x_wconf 76' lang='lat' dir='ltr'><strong>Chrysippus</strong></span> <span class='ocrx_word' id='word_1_342' title='bbox 759 2099 796 2126; x_wconf 74' lang='grc' dir='ltr'><strong>ιι,</strong></span> <span class='ocrx_word' id='word_1_343' title='bbox 823 2089 1030 2133; x_wconf 80' lang='lat' dir='ltr'><strong>Tyrannio,</strong></span> <span class='ocrx_word' id='word_1_344' title='bbox 1058 2088 1152 2122; x_wconf 88' lang='lat' dir='ltr'><strong>zwei</strong></span> <span class='ocrx_word' id='word_1_345' title='bbox 1177 2088 1351 2133; x_wconf 81' lang='lat' dir='ltr'><strong>gelehrte</strong></span> <span class='ocrx_word' id='word_1_346' title='bbox 1367 2089 1543 2132; x_wconf 80' lang='lat' dir='ltr'><strong>Sklaven3</strong></span> 
     </span>
     <span class='ocr_line' id='line_1_37' title="bbox 29 2135 1544 2184; baseline 0.002 -15"><span class='ocrx_word' id='word_1_347' title='bbox 29 2136 227 2171; x_wconf 61' lang='lat' dir='ltr'><strong>iletzterer</strong></span> <span class='ocrx_word' id='word_1_348' title='bbox 252 2135 348 2169; x_wconf 85' lang='lat' dir='ltr'><strong>auch</strong></span> <span class='ocrx_word' id='word_1_349' title='bbox 375 2136 518 2169; x_wconf 87' lang='lat' dir='ltr'><strong>Lehrer</strong></span> <span class='ocrx_word' id='word_1_350' title='bbox 552 2136 617 2169; x_wconf 83' lang='lat' dir='ltr'><strong>des</strong></span> <span class='ocrx_word' id='word_1_351' title='bbox 650 2136 790 2184; x_wconf 84' lang='lat' dir='ltr'><strong>iungen</strong></span> <span class='ocrx_word' id='word_1_352' title='bbox 824 2135 991 2177; x_wconf 81' lang='lat' dir='ltr'><strong>Quintus.</strong></span> <span class='ocrx_word' id='word_1_353' title='bbox 1049 2138 1088 2174; x_wconf 82' lang='lat' dir='ltr'><strong>S.</strong></span> <span class='ocrx_word' id='word_1_354' title='bbox 1116 2147 1172 2181; x_wconf 84' lang='lat' dir='ltr'><strong>ep.</strong></span> <span class='ocrx_word' id='word_1_355' title='bbox 1206 2137 1359 2179; x_wconf 82' lang='lat' dir='ltr'><strong>XXXII,</strong></span> <span class='ocrx_word' id='word_1_356' title='bbox 1389 2140 1420 2172; x_wconf 85' lang='lat'><strong>1.</strong></span> <span class='ocrx_word' id='word_1_357' title='bbox 1461 2139 1544 2180; x_wconf 85' lang='lat' dir='ltr'><strong>Cu,</strong></span> 
     </span>
     <span class='ocr_line' id='line_1_38' title="bbox 31 2179 1544 2233; baseline 0.001 -14"><span class='ocrx_word' id='word_1_358' title='bbox 31 2179 82 2233; x_wconf 67' lang='lat'><strong>[2.</strong></span> <span class='ocrx_word' id='word_1_359' title='bbox 107 2202 154 2209; x_wconf 91' lang='lat'><strong>-—-</strong></span> <span class='ocrx_word' id='word_1_360' title='bbox 197 2184 255 2217; x_wconf 86' lang='lat' dir='ltr'><strong>De</strong></span> <span class='ocrx_word' id='word_1_361' title='bbox 281 2182 389 2224; x_wconf 74' lang='lat' dir='ltr'><strong>fisco.</strong></span> <span class='ocrx_word' id='word_1_362' title='bbox 436 2186 554 2223; x_wconf 81' lang='lat' dir='ltr'><strong>„was</strong></span> <span class='ocrx_word' id='word_1_363' title='bbox 579 2184 706 2229; x_wconf 80' lang='lat' dir='ltr'><strong>Scipio</strong></span> <span class='ocrx_word' id='word_1_364' title='bbox 733 2196 779 2218; x_wconf 86' lang='lat' dir='ltr'><strong>zu</strong></span> <span class='ocrx_word' id='word_1_365' title='bbox 804 2185 948 2220; x_wconf 85' lang='lat' dir='ltr'><strong>Deiner</strong></span> <span class='ocrx_word' id='word_1_366' title='bbox 973 2184 1193 2230; x_wconf 71' lang='lat' dir='ltr'><strong>forderung</strong></span> <span class='ocrx_word' id='word_1_367' title='bbox 1227 2196 1272 2218; x_wconf 82' lang='lat' dir='ltr'><strong>an</strong></span> <span class='ocrx_word' id='word_1_368' title='bbox 1302 2185 1363 2219; x_wconf 83' lang='lat' dir='ltr'><strong>die</strong></span> <span class='ocrx_word' id='word_1_369' title='bbox 1388 2186 1544 2220; x_wconf 70' lang='lat' dir='ltr'><strong>Scluatz-</strong></span> 
     </span>
     <span class='ocr_line' id='line_1_39' title="bbox 32 2232 1545 2282; baseline 0.001 -16"><span class='ocrx_word' id='word_1_370' title='bbox 32 2233 215 2277; x_wconf 15' lang='lat' dir='ltr'><strong>*kammer</strong></span> <span class='ocrx_word' id='word_1_371' title='bbox 241 2238 345 2277; x_wconf 83' lang='lat' dir='ltr'><strong>sagt,</strong></span> <span class='ocrx_word' id='word_1_372' title='bbox 389 2233 468 2266; x_wconf 86' lang='lat' dir='ltr'><strong>will</strong></span> <span class='ocrx_word' id='word_1_373' title='bbox 493 2232 560 2266; x_wconf 83' lang='lat' dir='ltr'><strong>ich</strong></span> <span class='ocrx_word' id='word_1_374' title='bbox 585 2233 775 2282; x_wconf 82' lang='lat' dir='ltr'><strong>erfragen.</strong></span> <span class='ocrx_word' id='word_1_375' title='bbox 834 2233 870 2267; x_wconf 86' lang='lat' dir='ltr'><strong>S.</strong></span> <span class='ocrx_word' id='word_1_376' title='bbox 896 2244 957 2279; x_wconf 82' lang='lat' dir='ltr'><strong>ep.</strong></span> <span class='ocrx_word' id='word_1_377' title='bbox 987 2232 1121 2275; x_wconf 87' lang='lat' dir='ltr'><strong>CLIV,</strong></span> <span class='ocrx_word' id='word_1_378' title='bbox 1148 2234 1171 2269; x_wconf 83' lang='lat'><strong>6</strong></span> <span class='ocrx_word' id='word_1_379' title='bbox 1195 2245 1257 2268; x_wconf 75' lang='lat' dir='ltr'><strong>aiu</strong></span> <span class='ocrx_word' id='word_1_380' title='bbox 1283 2233 1404 2271; x_wconf 80' lang='lat' dir='ltr'><strong>Ende.</strong></span> <span class='ocrx_word' id='word_1_381' title='bbox 1432 2254 1477 2259; x_wconf 93' lang='lat'>—</span> <span class='ocrx_word' id='word_1_382' title='bbox 1503 2235 1545 2268; x_wconf 72' lang='lat' dir='ltr'><strong>dc</strong></span> 
     </span>
     <span class='ocr_line' id='line_1_40' title="bbox 31 2281 1539 2327; baseline 0 -12"><span class='ocrx_word' id='word_1_383' title='bbox 31 2281 255 2316; x_wconf 69' lang='lat' dir='ltr'><strong>tsuhurbano</strong></span> <span class='ocrx_word' id='word_1_384' title='bbox 289 2281 469 2321; x_wconf 84' lang='lat' dir='ltr'><strong>emendo,</strong></span> <span class='ocrx_word' id='word_1_385' title='bbox 511 2281 556 2315; x_wconf 82' lang='lat' dir='ltr'><strong>de</strong></span> <span class='ocrx_word' id='word_1_386' title='bbox 590 2292 662 2327; x_wconf 91' lang='lat' dir='ltr'><strong>quo</strong></span> <span class='ocrx_word' id='word_1_387' title='bbox 698 2282 904 2327; x_wconf 77' lang='lat' dir='ltr'><strong>scripserat</strong></span> <span class='ocrx_word' id='word_1_388' title='bbox 929 2282 1087 2327; x_wconf 81' lang='lat' dir='ltr'><strong>Quintus</strong></span> <span class='ocrx_word' id='word_1_389' title='bbox 1119 2281 1166 2314; x_wconf 81' lang='lat' dir='ltr'><strong>ad</strong></span> <span class='ocrx_word' id='word_1_390' title='bbox 1191 2283 1376 2316; x_wconf 85' lang='lat' dir='ltr'><strong>Anicium.</strong></span> <span class='ocrx_word' id='word_1_391' title='bbox 1406 2283 1539 2317; x_wconf 78' lang='lat' dir='ltr'><strong>MAN.</strong></span> 
     </span>
     <span class='ocr_line' id='line_1_41' title="bbox 33 2329 1544 2376; baseline 0.001 -13"><span class='ocrx_word' id='word_1_392' title='bbox 33 2329 133 2363; x_wconf 82' lang='lat' dir='ltr'><strong>¹Vid.</strong></span> <span class='ocrx_word' id='word_1_393' title='bbox 160 2340 221 2374; x_wconf 86' lang='lat' dir='ltr'><strong>ep.</strong></span> <span class='ocrx_word' id='word_1_394' title='bbox 248 2329 414 2369; x_wconf 85' lang='lat' dir='ltr'><strong>CXLVI,</strong></span> <span class='ocrx_word' id='word_1_395' title='bbox 442 2330 502 2365; x_wconf 86' lang='lat'><strong>23.</strong></span> <span class='ocrx_word' id='word_1_396' title='bbox 528 2347 569 2353; x_wconf 89' lang='lat'><strong>—</strong></span> <span class='ocrx_word' id='word_1_397' title='bbox 598 2329 655 2363; x_wconf 84' lang='lat' dir='ltr'><strong>De</strong></span> <span class='ocrx_word' id='word_1_398' title='bbox 679 2330 900 2364; x_wconf 79' lang='lat' dir='ltr'><strong>Ascanione.</strong></span> <span class='ocrx_word' id='word_1_399' title='bbox 953 2330 1219 2364; x_wconf 72' lang='lat' dir='ltr'><strong>Vermutlnlich</strong></span> <span class='ocrx_word' id='word_1_400' title='bbox 1245 2331 1305 2364; x_wconf 87' lang='lat' dir='ltr'><strong>ein</strong></span> <span class='ocrx_word' id='word_1_401' title='bbox 1329 2331 1544 2376; x_wconf 81' lang='lat' dir='ltr'><strong>Liebh‘ngs-</strong></span> 
     </span>
    </p>
   </div>
   <div class='ocr_carea' id='block_1_6' title="bbox 33 2377 1540 2467">
    <p class='ocr_par' dir='ltr' id='par_1_6' title="bbox 33 2377 1540 2467">
     <span class='ocr_line' id='line_1_42' title="bbox 33 2377 1540 2430; baseline 0.002 -19"><span class='ocrx_word' id='word_1_402' title='bbox 33 2377 176 2430; x_wconf 48' lang='lat' dir='ltr'><strong>{sklam</strong></span> <span class='ocrx_word' id='word_1_403' title='bbox 225 2378 409 2412; x_wconf 82' lang='lat' dir='ltr'><strong>welchem</strong></span> <span class='ocrx_word' id='word_1_404' title='bbox 452 2378 613 2423; x_wconf 85' lang='lat' dir='ltr'><strong>Quintus</strong></span> <span class='ocrx_word' id='word_1_405' title='bbox 647 2379 708 2412; x_wconf 83' lang='lat' dir='ltr'><strong>die</strong></span> <span class='ocrx_word' id='word_1_406' title='bbox 743 2378 912 2413; x_wconf 83' lang='lat' dir='ltr'><strong>Freiheit</strong></span> <span class='ocrx_word' id='word_1_407' title='bbox 947 2390 991 2413; x_wconf 78' lang='lat' dir='ltr'><strong>zu</strong></span> <span class='ocrx_word' id='word_1_408' title='bbox 1029 2378 1221 2414; x_wconf 84' lang='lat' dir='ltr'><strong>schenken</strong></span> <span class='ocrx_word' id='word_1_409' title='bbox 1253 2379 1419 2425; x_wconf 84' lang='lat' dir='ltr'><strong>gewillet</strong></span> <span class='ocrx_word' id='word_1_410' title='bbox 1453 2391 1540 2414; x_wconf 83' lang='lat' dir='ltr'><strong>war.</strong></span> 
     </span>
     <span class='ocr_line' id='line_1_43' title="bbox 35 2425 545 2467; baseline 0.008 -9"><span class='ocrx_word' id='word_1_411' title='bbox 35 2425 79 2459; x_wconf 66' lang='lat' dir='ltr'><strong>÷S.</strong></span> <span class='ocrx_word' id='word_1_412' title='bbox 107 2426 258 2460; x_wconf 80' lang='lat' dir='ltr'><strong>Ramsh.</strong></span> <span class='ocrx_word' id='word_1_413' title='bbox 285 2425 314 2467; x_wconf 81' lang='lat'><strong>§.</strong></span> <span class='ocrx_word' id='word_1_414' title='bbox 345 2427 425 2465; x_wconf 69' lang='lat'><strong>143,</strong></span> <span class='ocrx_word' id='word_1_415' title='bbox 451 2427 486 2466; x_wconf 87' lang='lat'><strong>2,</strong></span> <span class='ocrx_word' id='word_1_416' title='bbox 514 2438 545 2462; x_wconf 81' lang='lat' dir='ltr'><strong>a.</strong></span> 
     </span>
    </p>
   </div>
   <div class='ocr_carea' id='block_1_7' title="bbox 36 2488 1540 2834">
    <p class='ocr_par' dir='ltr' id='par_1_7' title="bbox 36 2488 1540 2834">
     <span class='ocr_line' id='line_1_44' title="bbox 136 2488 1539 2531; baseline 0 -11"><span class='ocrx_word' id='word_1_417' title='bbox 136 2489 172 2523; x_wconf 84' lang='grc'><strong>6.</strong></span> <span class='ocrx_word' id='word_1_418' title='bbox 202 2497 235 2520; x_wconf 86' lang='lat' dir='ltr'><strong>a.</strong></span> <span class='ocrx_word' id='word_1_419' title='bbox 263 2488 297 2522; x_wconf 79' lang='lat' dir='ltr'><strong>d.</strong></span> <span class='ocrx_word' id='word_1_420' title='bbox 326 2488 395 2522; x_wconf 76' lang='lat' dir='ltr'><strong>lx.</strong></span> <span class='ocrx_word' id='word_1_421' title='bbox 424 2488 556 2528; x_wconf 74' lang='lat'><strong>(1&#39;111.</strong></span> <span class='ocrx_word' id='word_1_422' title='bbox 586 2489 703 2524; x_wconf 79' lang='lat' dir='ltr'><strong>oxon.</strong></span> <span class='ocrx_word' id='word_1_423' title='bbox 730 2490 767 2526; x_wconf 85' lang='lat'><strong>2.</strong></span> <span class='ocrx_word' id='word_1_424' title='bbox 793 2490 897 2526; x_wconf 82' lang='lat' dir='ltr'><strong>Man.</strong></span> <span class='ocrx_word' id='word_1_425' title='bbox 924 2489 1077 2529; x_wconf 85' lang='lat' dir='ltr'><strong>Lamb.)</strong></span> <span class='ocrx_word' id='word_1_426' title='bbox 1112 2489 1200 2522; x_wconf 76' lang='lat' dir='ltr'><strong>Kal.</strong></span> <span class='ocrx_word' id='word_1_427' title='bbox 1227 2490 1345 2531; x_wconf 63' lang='lat' dir='ltr'><strong>Nom,</strong></span> <span class='ocrx_word' id='word_1_428' title='bbox 1385 2501 1447 2524; x_wconf 85' lang='lat' dir='ltr'><strong>am</strong></span> <span class='ocrx_word' id='word_1_429' title='bbox 1483 2490 1539 2524; x_wconf 71' lang='lat'><strong>21.</strong></span> 
     </span>
     <span class='ocr_line' id='line_1_45' title="bbox 36 2536 1540 2585; baseline 0.001 -17"><span class='ocrx_word' id='word_1_430' title='bbox 36 2536 227 2585; x_wconf 52' lang='lat' dir='ltr'><strong>{Octoben</strong></span> <span class='ocrx_word' id='word_1_431' title='bbox 279 2537 464 2570; x_wconf 82' lang='lat' dir='ltr'><strong>Fortassis</strong></span> <span class='ocrx_word' id='word_1_432' title='bbox 507 2537 573 2571; x_wconf 82' lang='lat' dir='ltr'><strong>Vl.</strong></span> <span class='ocrx_word' id='word_1_433' title='bbox 622 2538 722 2572; x_wconf 85' lang='lat' dir='ltr'><strong>Nam</strong></span> <span class='ocrx_word' id='word_1_434' title='bbox 751 2539 790 2571; x_wconf 86' lang='lat' dir='ltr'><strong>in</strong></span> <span class='ocrx_word' id='word_1_435' title='bbox 823 2545 947 2572; x_wconf 87' lang='lat' dir='ltr'><strong>vetere</strong></span> <span class='ocrx_word' id='word_1_436' title='bbox 979 2537 1205 2571; x_wconf 76' lang='lat' dir='ltr'><strong>Kalendario</strong></span> <span class='ocrx_word' id='word_1_437' title='bbox 1246 2540 1422 2571; x_wconf 80' lang='lat' dir='ltr'><strong>Romano</strong></span> <span class='ocrx_word' id='word_1_438' title='bbox 1461 2538 1540 2583; x_wconf 84' lang='lat' dir='ltr'><strong>pri-</strong></span> 
     </span>
     <span class='ocr_line' id='line_1_46' title="bbox 38 2583 1537 2621; baseline 0.002 -6"><span class='ocrx_word' id='word_1_439' title='bbox 38 2594 152 2617; x_wconf 85' lang='lat' dir='ltr'><strong>:mnm</strong></span> <span class='ocrx_word' id='word_1_440' title='bbox 179 2583 290 2617; x_wconf 89' lang='lat' dir='ltr'><strong>video</strong></span> <span class='ocrx_word' id='word_1_441' title='bbox 315 2584 492 2618; x_wconf 84' lang='lat' dir='ltr'><strong>ludorum</strong></span> <span class='ocrx_word' id='word_1_442' title='bbox 519 2585 710 2619; x_wconf 79' lang='lat' dir='ltr'><strong>Victoriae</strong></span> <span class='ocrx_word' id='word_1_443' title='bbox 736 2586 836 2620; x_wconf 87' lang='lat' dir='ltr'><strong>diem</strong></span> <span class='ocrx_word' id='word_1_444' title='bbox 863 2587 929 2620; x_wconf 92' lang='lat' dir='ltr'><strong>VI.</strong></span> <span class='ocrx_word' id='word_1_445' title='bbox 957 2586 1035 2619; x_wconf 85' lang='lat' dir='ltr'><strong>Kal.</strong></span> <span class='ocrx_word' id='word_1_446' title='bbox 1063 2587 1156 2620; x_wconf 81' lang='lat' dir='ltr'><strong>Nov.</strong></span> <span class='ocrx_word' id='word_1_447' title='bbox 1186 2586 1390 2621; x_wconf 79' lang='lat' dir='ltr'><strong>MANUT.</strong></span> <span class='ocrx_word' id='word_1_448' title='bbox 1420 2605 1462 2611; x_wconf 89' lang='lat'><strong>-—</strong></span> <span class='ocrx_word' id='word_1_449' title='bbox 1497 2597 1537 2619; x_wconf 74' lang='lat' dir='ltr'><strong>ea</strong></span> 
     </span>
     <span class='ocr_line' id='line_1_47' title="bbox 39 2629 1537 2679; baseline 0.002 -15"><span class='ocrx_word' id='word_1_450' title='bbox 39 2629 88 2679; x_wconf 44' lang='lat' dir='ltr'><strong>fre</strong></span> <span class='ocrx_word' id='word_1_451' title='bbox 114 2641 185 2665; x_wconf 79' lang='lat' dir='ltr'><strong>non</strong></span> <span class='ocrx_word' id='word_1_452' title='bbox 211 2633 360 2674; x_wconf 73' lang='lat' dir='ltr'><strong>longius</strong></span> <span class='ocrx_word' id='word_1_453' title='bbox 384 2634 551 2666; x_wconf 81' lang='lat' dir='ltr'><strong>abiturus</strong></span> <span class='ocrx_word' id='word_1_454' title='bbox 576 2645 668 2675; x_wconf 85' lang='lat' dir='ltr'><strong>sum,</strong></span> <span class='ocrx_word' id='word_1_455' title='bbox 695 2634 760 2667; x_wconf 84' lang='lat' dir='ltr'><strong>ich</strong></span> <span class='ocrx_word' id='word_1_456' title='bbox 786 2636 883 2668; x_wconf 83' lang='lat' dir='ltr'><strong>reise</strong></span> <span class='ocrx_word' id='word_1_457' title='bbox 903 2635 1116 2679; x_wconf 82' lang='lat' dir='ltr'><strong>desswegen</strong></span> <span class='ocrx_word' id='word_1_458' title='bbox 1143 2634 1255 2667; x_wconf 84' lang='lat' dir='ltr'><strong>nicht</strong></span> <span class='ocrx_word' id='word_1_459' title='bbox 1281 2634 1410 2668; x_wconf 81' lang='lat' dir='ltr'><strong>weiter</strong></span> <span class='ocrx_word' id='word_1_460' title='bbox 1434 2635 1486 2676; x_wconf 89' lang='lat' dir='ltr'><strong>(d.</strong></span> <span class='ocrx_word' id='word_1_461' title='bbox 1515 2637 1537 2668; x_wconf 83' lang='lat' dir='ltr'><strong>i.</strong></span> 
     </span>
     <span class='ocr_line' id='line_1_48' title="bbox 40 2679 1538 2725; baseline 0.004 -13"><span class='ocrx_word' id='word_1_462' title='bbox 40 2680 147 2717; x_wconf 61' lang='lat' dir='ltr'><strong>{nach</strong></span> <span class='ocrx_word' id='word_1_463' title='bbox 175 2679 250 2713; x_wconf 88' lang='lat' dir='ltr'><strong>den</strong></span> <span class='ocrx_word' id='word_1_464' title='bbox 277 2682 406 2714; x_wconf 87' lang='lat' dir='ltr'><strong>weiter</strong></span> <span class='ocrx_word' id='word_1_465' title='bbox 432 2681 658 2725; x_wconf 81' lang='lat' dir='ltr'><strong>entlegenen</strong></span> <span class='ocrx_word' id='word_1_466' title='bbox 677 2683 825 2725; x_wconf 84' lang='lat' dir='ltr'><strong>Villen),</strong></span> <span class='ocrx_word' id='word_1_467' title='bbox 850 2683 902 2715; x_wconf 82' lang='lat' dir='ltr'><strong>als</strong></span> <span class='ocrx_word' id='word_1_468' title='bbox 929 2683 990 2716; x_wconf 88' lang='lat' dir='ltr'><strong>ich</strong></span> <span class='ocrx_word' id='word_1_469' title='bbox 1019 2683 1092 2716; x_wconf 89' lang='lat' dir='ltr'><strong>wol</strong></span> <span class='ocrx_word' id='word_1_470' title='bbox 1118 2689 1223 2715; x_wconf 84' lang='lat' dir='ltr'><strong>sonst</strong></span> <span class='ocrx_word' id='word_1_471' title='bbox 1251 2683 1392 2717; x_wconf 83' lang='lat' dir='ltr'><strong>wollte.</strong></span> <span class='ocrx_word' id='word_1_472' title='bbox 1418 2702 1466 2708; x_wconf 90' lang='lat'><strong>--</strong></span> <span class='ocrx_word' id='word_1_473' title='bbox 1492 2684 1538 2719; x_wconf 77' lang='lat' dir='ltr'><strong>C.</strong></span> 
     </span>
     <span class='ocr_line' id='line_1_49' title="bbox 40 2726 1536 2776; baseline 0.003 -16"><span class='ocrx_word' id='word_1_474' title='bbox 40 2726 256 2772; x_wconf 50' lang='lat' dir='ltr'><strong>&#39;Pomptinio</strong></span> <span class='ocrx_word' id='word_1_475' title='bbox 284 2728 330 2762; x_wconf 89' lang='lat' dir='ltr'><strong>de</strong></span> <span class='ocrx_word' id='word_1_476' title='bbox 356 2729 621 2773; x_wconf 81' lang='lat' dir='ltr'><strong>Allobrogibus</strong></span> <span class='ocrx_word' id='word_1_477' title='bbox 646 2732 943 2776; x_wconf 80' lang='lat' dir='ltr'><strong>triumphaturo.</strong></span> <span class='ocrx_word' id='word_1_478' title='bbox 985 2733 1035 2764; x_wconf 86' lang='lat' dir='ltr'><strong>cf.</strong></span> <span class='ocrx_word' id='word_1_479' title='bbox 1064 2743 1119 2775; x_wconf 83' lang='lat' dir='ltr'><strong>ep.</strong></span> <span class='ocrx_word' id='word_1_480' title='bbox 1150 2730 1312 2773; x_wconf 83' lang='lat' dir='ltr'><strong>CXLIX,</strong></span> <span class='ocrx_word' id='word_1_481' title='bbox 1342 2733 1395 2766; x_wconf 83' lang='lat'><strong>12.</strong></span> <span class='ocrx_word' id='word_1_482' title='bbox 1436 2732 1536 2765; x_wconf 65' lang='lat' dir='ltr'><strong>Pom</strong></span> 
     </span>
     <span class='ocr_line' id='line_1_50' title="bbox 41 2776 1537 2834; baseline 0.001 -27"><span class='ocrx_word' id='word_1_483' title='bbox 41 2776 152 2834; x_wconf 51' lang='lat' dir='ltr'><strong>{ptimo</strong></span> <span class='ocrx_word' id='word_1_484' title='bbox 178 2777 275 2814; x_wconf 83' lang='lat' dir='ltr'><strong>Ern.</strong></span> <span class='ocrx_word' id='word_1_485' title='bbox 303 2776 388 2811; x_wconf 88' lang='lat' dir='ltr'><strong>Sch.</strong></span> <span class='ocrx_word' id='word_1_486' title='bbox 422 2778 591 2811; x_wconf 66' lang='lat' dir='ltr'><strong>Pontinio</strong></span> <span class='ocrx_word' id='word_1_487' title='bbox 622 2781 721 2813; x_wconf 83' lang='lat' dir='ltr'><strong>Vict.</strong></span> <span class='ocrx_word' id='word_1_488' title='bbox 751 2782 780 2814; x_wconf 87' lang='lat'><strong>2.</strong></span> <span class='ocrx_word' id='word_1_489' title='bbox 814 2800 848 2805; x_wconf 67' lang='lat'><em>-</em></span> <span class='ocrx_word' id='word_1_490' title='bbox 881 2791 902 2811; x_wconf 83' lang='lat' dir='ltr'><strong>a</strong></span> <span class='ocrx_word' id='word_1_491' title='bbox 942 2780 965 2812; x_wconf 83' lang='grc' dir='ltr'><strong>(Ι</strong></span> <span class='ocrx_word' id='word_1_492' title='bbox 1004 2780 1071 2811; x_wconf 87' lang='grc'><strong><em>111.</em></strong></span> <span class='ocrx_word' id='word_1_493' title='bbox 1106 2779 1196 2813; x_wconf 77' lang='lat' dir='ltr'><strong>Non.</strong></span> <span class='ocrx_word' id='word_1_494' title='bbox 1232 2779 1336 2815; x_wconf 60' lang='lat' dir='ltr'><strong>Nor..</strong></span> <span class='ocrx_word' id='word_1_495' title='bbox 1364 2791 1423 2812; x_wconf 79' lang='lat' dir='ltr'><strong>am</strong></span> <span class='ocrx_word' id='word_1_496' title='bbox 1450 2781 1537 2813; x_wconf 73' lang='lat' dir='ltr'><strong>2ten</strong></span> 
     </span>
    </p>
   </div>
   <div class='ocr_carea' id='block_1_8' title="bbox 0 402 7 687">
    <p class='ocr_par' dir='ltr' id='par_1_8' title="bbox 0 402 7 687">
     <span class='ocr_line' id='line_1_51' title="bbox 0 402 5 465; baseline 0 0"><span class='ocrx_word' id='word_1_497' title='bbox 0 402 5 465; x_wconf 69' lang='grc' dir='ltr'><strong>ἓ,</strong></span> 
     </span>
     <span class='ocr_line' id='line_1_52' title="bbox 0 470 5 510; baseline 0 0"><span class='ocrx_word' id='word_1_498' title='bbox 0 470 5 510; x_wconf 74' lang='lat'><em>2</em></span> 
     </span>
     <span class='ocr_line' id='line_1_53' title="bbox 0 519 6 587; baseline 0 0"><span class='ocrx_word' id='word_1_499' title='bbox 0 519 6 587; x_wconf 60' lang='lat' dir='ltr'><strong>l</strong></span> 
     </span>
     <span class='ocr_line' id='line_1_54' title="bbox 0 624 7 687; baseline 0 0"><span class='ocrx_word' id='word_1_500' title='bbox 0 624 7 687; x_wconf 71' lang='lat'><strong>&#39;3-</strong></span> 
     </span>
    </p>
   </div>
   <div class='ocr_carea' id='block_1_9' title="bbox 0 716 45 2967">
    <p class='ocr_par' dir='ltr' id='par_1_9' title="bbox 0 716 45 2967">
     <span class='ocr_line' id='line_1_55' title="bbox 0 716 12 918; baseline -0.333 -56"><span class='ocrx_word' id='word_1_501' title='bbox 0 716 12 918; x_wconf 95' lang='lat' dir='ltr'><strong>   </strong></span> <span class='ocrx_word' id='word_1_502' title='bbox 10 806 12 858; x_wconf 95' lang='lat' dir='ltr'><strong> </strong></span> 
     </span>
     <span class='ocr_line' id='line_1_56' title="bbox 0 918 16 1024; baseline 0.063 -1"><span class='ocrx_word' id='word_1_503' title='bbox 0 918 16 1024; x_wconf 95' lang='lat' dir='ltr'><strong>   </strong></span> 
     </span>
     <span class='ocr_line' id='line_1_57' title="bbox 4 1140 13 1363; baseline 0 0"><span class='ocrx_word' id='word_1_504' title='bbox 4 1140 13 1363; x_wconf 95' lang='lat' dir='ltr'><strong>   </strong></span> 
     </span>
     <span class='ocr_line' id='line_1_58' title="bbox 8 1363 17 1624; baseline 0 -196"><span class='ocrx_word' id='word_1_505' title='bbox 8 1363 17 1624; x_wconf 95' lang='lat' dir='ltr'><strong>    </strong></span> 
     </span>
     <span class='ocr_line' id='line_1_59' title="bbox 13 1624 25 1816; baseline 0 -106"><span class='ocrx_word' id='word_1_506' title='bbox 13 1624 25 1816; x_wconf 95' lang='lat' dir='ltr'><strong>    </strong></span> 
     </span>
     <span class='ocr_line' id='line_1_60' title="bbox 13 1816 33 1962; baseline 0 -74"><span class='ocrx_word' id='word_1_507' title='bbox 13 1816 33 1962; x_wconf 95' lang='lat' dir='ltr'><strong>  </strong></span> <span class='ocrx_word' id='word_1_508' title='bbox 28 1853 33 1888; x_wconf 95' lang='lat' dir='ltr'><strong> </strong></span> 
     </span>
     <span class='ocr_line' id='line_1_61' title="bbox 13 1962 26 2166; baseline 0 -108"><span class='ocrx_word' id='word_1_509' title='bbox 13 1962 26 2166; x_wconf 95' lang='lat' dir='ltr'><strong>   </strong></span> 
     </span>
     <span class='ocr_line' id='line_1_62' title="bbox 22 2166 28 2260; baseline 0 0"><span class='ocrx_word' id='word_1_510' title='bbox 22 2166 28 2260; x_wconf 95' lang='lat' dir='ltr'><strong>  </strong></span> 
     </span>
     <span class='ocr_line' id='line_1_63' title="bbox 22 2260 37 2513; baseline 0 -163"><span class='ocrx_word' id='word_1_511' title='bbox 22 2260 37 2513; x_wconf 95' lang='lat' dir='ltr'><strong>     </strong></span> 
     </span>
     <span class='ocr_line' id='line_1_64' title="bbox 23 2513 36 2641; baseline 0 0"><span class='ocrx_word' id='word_1_512' title='bbox 23 2513 36 2641; x_wconf 95' lang='lat' dir='ltr'><strong>  </strong></span> 
     </span>
     <span class='ocr_line' id='line_1_65' title="bbox 30 2641 45 2967; baseline 0 -263"><span class='ocrx_word' id='word_1_513' title='bbox 30 2641 45 2967; x_wconf 95' lang='lat' dir='ltr'><strong>     </strong></span> 
     </span>
    </p>
   </div>
   <div class='ocr_carea' id='block_1_10' title="bbox 668 1485 917 1491">
    <p class='ocr_par' dir='ltr' id='par_1_10' title="bbox 668 1485 917 1491">
     <span class='ocr_line' id='line_1_66' title="bbox 668 1485 917 1491; baseline 0 0"><span class='ocrx_word' id='word_1_514' title='bbox 668 1485 917 1491; x_wconf 95' lang='lat' dir='ltr'><strong> </strong></span> 
     </span>
    </p>
   </div>
  </div>
 </body>
</html>
