1742 3006
389 51 709 115 Eplqu1.A
751 51 1300 98 CXLvl1.CXLvl11.
1358 70 1362 74 ,
1492 57 1582 105 471

95 164 297 216 veniunt,
338 164 583 218 superbiam
624 166 741 205 tuam
780 169 1013 214 accusant,
1051 166 1168 221 quod
1205 172 1363 222 negent
1402 174 1443 210 te
1483 185 1581 223 per-

96 221 371 262 contantibus
419 219 698 273 respondere.
784 219 874 261 Sed
916 224 1061 262 tamen
1115 227 1182 263 est
1221 224 1337 279 quod
1374 227 1578 279 gaudeas.

96 277 284 319 Constat
314 276 429 316 enim
469 275 585 316 inter
614 289 763 317 omnes
792 275 1010 317 neminem
1039 280 1083 318 te
1112 290 1199 320 uno
1240 280 1577 324 Samarobrivae

98 334 205 378 iuris
234 332 490 388 peritiorem
525 343 636 373 esse.

302 533 619 577 EPISTOLA
659 532 924 577 CXLVIII.
985 534 1062 580 (ad
1094 536 1196 578 Div.
1232 538 1266 578 Ι.
1298 540 1357 586 9.)

270 609 350 644 scr.
376 610 518 645 Romae
551 619 678 642 menso
711 607 812 654 Sept.
838 607 880 644 Α.
907 609 953 643 U.
983 610 1024 644 c.
1052 611 1133 645 τοο.
1188 612 1233 652 (a.
1261 613 1301 646 c,
1328 614 1403 654 54.)

91 680 261 714 Primum
296 677 450 712 Lentuli
484 676 613 710 literas
653 674 724 708 sibi
757 675 1005 721 periucundas
1040 677 1154 711 fuisse
1191 678 1443 722 demonstrat,
1478 682 1575 726 quod

92 733 201 775 grata
233 739 297 760 sua
331 736 422 770 erga
455 726 578 770 ipsum
616 724 735 757 studia
770 735 845 757 esse
877 724 1093 769 scripserit3
1137 736 1300 770 eumque
1335 727 1577 773 imperatoris

90 776 245 810 nomine
271 780 450 809 ornatum
476 778 513 805 et
543 772 781 818 provinciam
815 784 901 805 cum
937 773 1106 806 exercitu
1132 774 1278 808 victore
1305 775 1474 809 obtinere
1499 778 1574 810 lae-

89 830 204 858 tatur.
233 825 320 858 1-3.
372 820 515 856 Deinde
541 820 642 864 quod
668 820 849 853 Lentulus
874 820 1077 865 scripserat
1103 833 1161 863 se,
1198 823 1298 866 quod
1325 824 1460 858 Cicero
1487 836 1573 859 cum

92 873 249 908 Caesare
277 877 314 904 et
337 869 458 915 Appio
490 868 528 901 in
561 868 685 914 gratia
718 867 783 904 sit,
826 877 901 901 non
935 868 1234 913 reprehendere,
1268 870 1400 904 mirari
1435 878 1573 915 tamen,

91 920 184 964 quid
209 919 257 952 sit
283 917 383 963 quod
419 916 610 950 Vatinium
639 915 852 948 defenderit
877 926 919 948 ac
945 916 1120 952 laudarit.
1146 918 1180 952 4.
1215 917 1341 963 primo
1374 920 1458 953 loco
1492 921 1574 954 fuse

90 967 266 1014 exponit,
302 966 436 1011 quibus
462 962 667 997 rationibus
692 963 873 996 adductus
908 965 1105 998 Caesarem
1133 966 1203 998 sibi
1230 966 1438 1000 ornandum
1464 973 1574 1012 puta-

89 1017 142 1050 rit
166 1015 319 1059 eiusque
347 1012 569 1058 dignitatem
596 1010 773 1045 tuendam
799 1011 1019 1056 susceperit.
1041 1013 1156 1047 5-18.
1188 1013 1343 1056 deinde,
1379 1025 1494 1058 quum
1528 1015 1574 1049 de

89 1063 210 1109 Appio
237 1062 336 1096 nihil
362 1073 454 1106 opus
479 1059 527 1094 sit
552 1058 689 1094 dicere.
721 1060 777 1094 19.
804 1070 872 1093 cur
898 1059 1090 1094 Vatinium
1116 1061 1344 1098 defenderit.
1372 1064 1416 1097 19
1453 1069 1489 1096 et
1506 1073 1575 1096 cur

90 1123 176 1145 cum
210 1112 340 1147 Crasso
377 1110 415 1142 iu
448 1107 606 1153 gratiam
641 1107 817 1149 redierit,
850 1107 1015 1153 exponit.
1047 1110 1105 1143 20.
1136 1109 1299 1153 denique
1334 1110 1509 1144 universe
1536 1121 1573 1144 se

90 1170 134 1192 ea
159 1158 316 1193 consilia
344 1156 467 1202 sequi,
508 1166 602 1200 quae
636 1166 751 1198 quum
786 1155 855 1189 sibi
881 1162 961 1189 tum
988 1156 1102 1189 etiam
1130 1158 1185 1190 rei
1210 1157 1386 1202 publicae
1413 1159 1575 1192 rationi-

89 1209 155 1242 bus
189 1207 400 1241 conducere
432 1210 560 1250 putet,
596 1204 771 1237 affirmat.
804 1206 941 1239 21-22.
993 1205 1189 1238 Postremo
1223 1203 1327 1238 addit
1361 1206 1433 1239 alia
1460 1218 1572 1251 quae-

88 1257 196 1299 dam,
224 1256 270 1289 de
297 1255 448 1298 scriptis
473 1253 545 1285 suis
569 1257 651 1296 post
676 1252 828 1286 Lentuli
862 1253 1076 1289 discessum,
1104 1254 1161 1288 23.
1196 1252 1241 1286 de
1276 1253 1427 1287 Lentuli
1461 1255 1572 1288 rebus

88 1303 322 1345 domesticis,
350 1302 394 1335 de
412 1300 546 1347 Quinti
565 1300 693 1333 fratris
712 1300 886 1347 negotio,
913 1301 958 1333 de
983 1311 1048 1333 suo
1074 1301 1114 1333 in
1132 1300 1331 1334 Lentulum
1359 1302 1492 1336 studio.
1510 1303 1567 1337 2³1.

134 1353 179 1386 de
204 1351 318 1397 Appii
343 1350 380 1383 in
406 1347 645 1395 provinciam
681 1348 922 1382 successione.
949 1349 1008 1386 25.
1045 1349 1090 1382 de
1122 1348 1335 1394 publicanis
1362 1350 1523 1383 Lentulo

651 1396 908 1430 conciliandis.
946 1398 1005 1433 26.

290 1471 345 1505 M.
374 1468 552 1505 CICERO
580 1469 614 1502 S.
642 1469 688 1502 D.
716 1469 756 1501 P.
784 1467 1019 1502 LENTULO
1045 1468 1370 1504 IMPERATORI.

197 1536 504 1580 periucundae
543 1535 653 1576 mihi
690 1535 867 1576 fuerunt
903 1535 1058 1576 literae
1086 1539 1210 1586 tua03
1249 1536 1405 1590 quibus
1446 1536 1571 1577 intel-

15 1623 18 1653 3
88 1596 198 1647 lexi,
227 1599 272 1635 te
302 1593 557 1648 perspicere
585 1605 724 1632 meam
753 1592 799 1632 in
828 1596 871 1632 te
898 1592 1129 1646 pietatem:
1160 1591 1265 1646 quid
1287 1593 1401 1633 enim
1426 1592 1570 1632 dicam

16 1678 27 1701 «Χ
87 1650 462 1701 benevolentiam,
503 1663 634 1703 quum
664 1647 773 1689 illud
805 1648 945 1702 ipsum
975 1648 1283 1702 gravissimum
1314 1653 1358 1689 et
1387 1649 1570 1689 sanctis-

88 1709 246 1750 simum
285 1718 444 1747 nomen
482 1705 660 1759 pietatis
701 1705 838 1745 levius
877 1703 986 1744 mihi
1025 1705 1195 1745 meritis
1234 1717 1339 1757 erga
1378 1718 1446 1744 me
1484 1705 1570 1744 tuis

91 1778 187 1806 csse
216 1762 442 1805 videatur?
489 1761 622 1810 Quod
653 1765 796 1801 autem
825 1760 909 1801 tibi
938 1765 1065 1815 grata
1093 1773 1192 1801 mea
1220 1772 1324 1814 erga
1353 1763 1397 1800 te
1424 1760 1571 1800 studia

86 1928 231 1967 videro,
257 1927 321 1961 das
348 1925 445 1959 wird
471 1924 549 1958 sich
576 1923 616 1956 in
642 1923 710 1957 der
723 1923 842 1968 Folge
868 1922 1015 1968 zeigen.
1042 1942 1088 1948 —
1115 1923 1245 1965 istinc,
1274 1933 1347 1956 von
1368 1922 1471 1963 dort,
1499 1932 1569 1955 von

87 1975 369 2014 Samarobriva,
396 1984 455 2006 wo
482 1984 524 2006 er
549 1972 640 2006 ietzt
666 1971 745 2005 sich
773 1970 952 2008 aufhielt.
980 1993 1022 1999 -—
1058 1976 1227 2006 accusant
1253 1971 1311 2012 id,
1344 1969 1418 2004 hoc
1443 1971 1505 2004 vel
1530 1970 1568 2002 in

89 2023 164 2058 hoc
195 2024 240 2063 (s.
275 2022 426 2056 Ramsh.
463 2020 490 2062 §.
529 2022 606 2055 182.
641 2020 787 2053 Grotef.
825 2020 857 2063 §.
890 2021 970 2054 420.
1004 2020 1149 2062 Anm.)‚
1189 2019 1282 2062 quod
1315 2044 1322 2052 .
1358 2044 1366 2052 .
1402 2021 1570 2060 .negent

88 2074 155 2113 (z
181 2071 309 2104 dicant
335 2072 445 2110 non),
474 2069 682 2107 insoferne‚
710 2067 790 2102 dass
815 2068 866 2100 sie
894 2068 968 2100 wol
996 2079 1130 2115 sagen:
1158 2068 1216 2101 Du
1243 2067 1370 2114 gebest
1395 2065 1568 2108 Keinem,

87 2120 156 2153 der
189 2117 288 2153 Dich
322 2119 468 2161 fragm,
509 2115 731 2150 Bescheid.“
795 2114 978 2149 Bescheid
1018 2116 1159 2164 geben,
1204 2114 1450 2159 respondere,
1484 2112 1570 2146 hier

88 2166 359 2213 doppelsinnig
385 2176 447 2197 aus
473 2163 634 2204 Scherz‚
663 2165 708 2197 da
734 2175 771 2197 es
798 2164 990 2196 entvveder
1007 2164 1102 2196 bloss
1126 2164 1342 2196 Antwort
1368 2162 1459 2195 oder
1485 2161 1568 2194 cine

124 2212 436 2248 utachtliche
487 2213 702 2246 Antwort
753 2212 884 2246 eines
934 2211 1381 2255 Reclitsgelehrten
1423 2208 1566 2242 heissen

87 2228 202 2297 {anm
235 2261 396 2299 Schiitz,
439 2261 590 2294 Liinem.
621 2265 771 2303 negant.
823 2278 867 2283 —
918 2259 992 2292 Sed
1022 2263 1139 2292 tamen
1179 2259 1351 2302 estquod
1384 2257 1568 2302 gqudeas,

89 2309 324 2360 gleichwohl
349 2308 488 2342 h'dttest
511 2310 571 2342 Du
596 2307 765 2344 Ursache
799 2307 858 2340 bei
887 2313 998 2353 guter
1025 2308 1150 2340 Laune
1177 2320 1223 2339 zu
1249 2308 1340 2341 sein.
1399 2306 1568 2338 Uberes!

87 2359 182 2404 quod
205 2371 230 2392 s.
258 2358 404 2393 Grotef.
444 2356 581 2397 §.3915
610 2359 717 2390 Anm.
752 2354 901 2390 Ramsh.
929 2354 956 2396 §.
987 2356 1066 2398 154,
1096 2357 1130 2395 2,
1157 2356 1205 2388 Ν.
1235 2358 1270 2389 1.
1298 2356 1331 2390 2,
1358 2372 1401 2377 -
1438 2353 1568 2386 Sama-

90 2407 277 2446 robn‘vae,
305 2405 374 2439 der
399 2405 610 2452 damaligen
628 2404 851 2450 Hauptstadt
875 2403 914 2436 in
943 2403 1065 2438 Gallia
1091 2403 1265 2449 Belgica,
1292 2402 1381 2434 ietzt
1410 2400 1567 2434 Amiens.

184 2472 439 2508 LENTULO.
474 2471 509 2506 S.
537 2483 592 2517 ep.
620 2472 734 2510 XCII,
771 2471 908 2508 XCIII,
947 2471 1074 2510 XCIV,
1113 2471 1220 2512 XCV,
1253 2470 1386 2507 XCVI,
1424 2468 1466 2509 C,
1505 2469 1567 2509 CI,

89 2523 222 2560 CXIII,
250 2520 393 2557 CXXV,
444 2521 498 2553 Er
532 2531 612 2552 war
646 2519 813 2553 damahls
847 2519 963 2552 sehon
997 2519 1062 2552 in’s
1098 2519 1212 2552 dritte
1251 2516 1342 2550 Ialir
1368 2517 1568 2550 Proconsul

89 2570 128 2603 in
155 2570 336 2608 Cilicien,
365 2579 423 2600 wo
450 2568 516 2600 ihn
543 2569 638 2601 (lanu
664 2567 806 2612 Appius
833 2567 1010 2601 Claudius
1037 2569 1103 2602 701
1132 2567 1304 2599 ebitis-210.

188 2620 221 2651 l.
248 2618 371 2660 quibus
396 2616 525 2650 Lamb.
553 2627 597 2649 es
623 2616 749 2659 quibus
774 2614 953 2650 intellexi.
980 2633 1025 2638 —
1053 2625 1152 2658 quum
1181 2639 1187 2645 .
1217 2638 1223 2644 .
1253 2611 1366 2645 levius
1393 2637 1400 2644 .
1429 2637 1435 2644 .
1465 2637 1473 2643 .
1500 2623 1569 2644 nae-

93 2666 176 2699 ritis
202 2666 273 2697 tuis
298 2670 393 2702 etc.,
431 2665 474 2696 da
502 2690 509 2696 .
539 2690 547 2697 .
575 2689 583 2697 .
610 2664 731 2697 Deine
766 2664 990 2696 Verdienstc
1018 2675 1080 2695 uni
1107 2660 1210 2695 mich
1248 2659 1345 2694 noch
1372 2672 1419 2693 zu
1446 2661 1572 2705 wenig

91 2712 375 2747 austudriicken
404 2711 565 2749 scheint.
595 2731 635 2736 —
671 2711 812 2751 studia,
843 2710 1150 2755 Vei-wendungcn
1180 2710 1241 2742 sur
1268 2708 1466 2745 Lentulus.
1500 2708 1572 2740 bes
