1742 3006
323 55 636 100 EPISTOLA
668 54 909 98 CLXXII.
940 54 1206 101 CLXXIII.
1453 54 1546 102 569

67 167 155 209 Sed
186 166 272 207 hoc
300 171 446 209 tamen
476 167 594 208 malo
625 165 747 209 serre
778 180 857 208 nos
888 166 1177 214 desiderium,
1215 178 1347 221 quam
1387 170 1431 207 te
1460 180 1545 208 non

67 237 132 270 ea,
160 236 272 278 quae
299 237 444 279 spero,
473 223 695 278 consequi.
764 222 900 272 Quod
936 236 1044 265 vero
1082 223 1129 264 in
1170 221 1221 264 C.
1250 221 1401 268 Matii,
1445 225 1584 264 sua-2

67 278 240 319 vissimi
284 278 621 333 doctissimique
677 277 893 324 hominis,
951 278 1307 320 familiaritatem
1363 278 1547 324 venisti,

67 347 156 373 non
195 334 289 374 dici
327 338 485 390 potest,
532 348 662 389 quam
708 333 842 375 valde
891 335 1125 389 gaudeam:
1182 334 1261 389 qui
1302 333 1376 375 fac
1414 338 1464 376 ut
1502 338 1548 375 te

67 401 197 442 quam
226 391 419 431 maxime
449 390 636 444 diligat..
700 389 822 431 Mihi
860 389 1008 436 crede,
1055 389 1172 430 nihil
1213 404 1273 431 ex
1313 392 1404 432 ista
1443 403 1547 445 pro-

67 443 215 540 vitlicia
251 450 393 500 potes,
439 446 559 502 quod
610 445 847 487 iucundius
895 444 972 492 sit,
1020 445 1273 499 deportare.
1334 446 1455 488 Cura
1497 450 1546 486 ut

66 513 120 540 va
145 513 228 542 eas.

232 700 546 744 EPISTOLA
577 702 842 744 CLXXIII.
903 701 979 754 (ad
1007 702 1114 744 Div.
1145 700 1256 743 VII.
1295 701 1382 750 18.)

187 774 270 809 scr.
300 776 338 810 in
365 778 567 822 Pomptino
591 777 653 811 v1.
682 777 736 812 ld.
763 778 856 823 Apr.
883 778 926 811 A.
955 777 999 811 U.
1028 777 1069 812 c,
1096 778 1177 812 ποι.
1211 777 1256 819 (a.
1284 777 1327 812 c,
1352 778 1427 819 53.)

68 841 209 876 Laudat
245 843 494 877 constantiam
531 843 703 879 Trebatii
737 844 776 877 in
811 843 1038 889 perferenda
1073 843 1222 878 militia.
1260 847 1292 879 1.
1327 844 1474 878 iocatur
1509 845 1547 876 in

68 891 147 923 eius
172 891 417 935 parsimonia,
453 891 555 934 quod
588 893 795 937 scripserat
828 892 868 925 in
894 891 1150 937 palimpsesto.
1187 894 1221 927 2.
1258 903 1295 925 se
1322 903 1408 926 eum
1434 892 1549 926 Balbo

67 939 418 972 commendaturum
446 939 591 981 scribit,
630 946 665 973 et
692 950 819 972 :nense
845 939 976 984 Aprili
1001 939 1115 972 Roma
1142 939 1370 975 abfuturum.
1406 941 1440 974 3.
1482 940 1548 973 (le-

92 986 206 1031 nique
234 986 436 1033 epistolam
455 986 636 1028 Trebatii,
663 994 705 1022 ut
730 986 977 1030 mandaverit,
1004 987 1232 1021 conscidisse
1258 987 1462 1036 significat.
1490 989 1523 1023 4.

545 1073 725 1108 CICERO
758 1073 1006 1108 TREBATIO
1033 1073 1072 1108 S.

175 1140 342 1195 Accepi
373 1154 397 1182 a
428 1145 472 1182 te
502 1140 675 1195 aliquot
714 1140 928 1196 epistolas
966 1153 1053 1181 uno
1097 1144 1310 1197 tempore,
1350 1155 1460 1196 quas
1499 1144 1548 1182 tu

67 1194 262 1237 diversis
303 1197 574 1252 temporibus
616 1196 832 1239 dederas:
881 1195 927 1236 in
967 1195 1133 1251 quibus
1173 1211 1242 1237 me
1280 1201 1431 1238 cetera
1470 1197 1547 1238 de-

67 1252 313 1301 lectarunt3
360 1252 671 1307 significabant
702 1252 817 1294 enim
858 1256 903 1293 te
941 1251 1074 1294 istam
1105 1252 1315 1293 militiam
1344 1252 1433 1293 iam
1462 1252 1544 1294 fir—

66 1321 138 1347 mo
177 1307 326 1348 animo
369 1308 490 1349 serre
530 1313 574 1349 et
614 1321 709 1350 esse
758 1308 920 1349 sortem
969 1307 1117 1349 virum
1161 1313 1206 1349 et
1257 1312 1545 1350 constantem.

66 1363 196 1412 Quae
224 1378 306 1418 ego
337 1363 586 1419 paullisper
613 1363 659 1404 in
689 1368 734 1405 te
763 1364 829 1405 ita
866 1362 1138 1409 desideravi,
1176 1378 1265 1405 non
1303 1363 1546 1405 imbecilli-

67 1423 160 1460 tate
190 1419 326 1460 animi
355 1420 435 1467 tui,
473 1420 552 1461 sed
580 1420 734 1474 magis,
781 1423 830 1460 ut
868 1419 1093 1461 desiderio
1132 1420 1276 1462 nostri
1315 1425 1360 1461 te
1400 1426 1546 1462 aestu-

65 1488 143 1516 are
187 1481 401 1530 putarem.
484 1476 636 1525 Quare
683 1489 832 1530 perge,
881 1479 931 1515 ut
979 1475 1196 1530 coepisti:
1245 1475 1359 1516 forti
1399 1475 1548 1518 animo

65 1530 196 1572 istam
228 1532 372 1574 tolera
400 1531 630 1573 militiam:
660 1532 814 1578 multa,
842 1530 956 1571 mihi
987 1532 1134 1585 crede,
1165 1544 1400 1586 assequere
1411 1547 1425 1583 3
1463 1547 1548 1588 ego

65 1698 223 1746 ubh'zing.
249 1709 366 1733 accus.
394 1710 425 1732 c.
453 1699 590 1733 infinit.
627 1713 653 1734 s.
680 1700 831 1734 Ramsh.
859 1699 888 1742 ᾗ.
919 1700 998 1741 168,
1024 1700 1058 1732 3.
1103 1698 1249 1733 Grotes.
1277 1698 1306 1741 ἕ.
1331 1700 1415 1740 308,
1442 1701 1473 1734 2.
1505 1719 1547 1725 -

56 1748 172 1789 serre
198 1757 274 1787 nos,
303 1747 402 1780 Crat.
429 1748 555 1780 Lamb.
583 1759 648 1782 nos
672 1750 792 1789 serre.
820 1748 896 1784 del.
924 1758 990 1781 nos
1015 1746 1061 1780 de
1086 1747 1181 1780 Ern.
1208 1758 1306 1791 susp.
1340 1746 1428 1780 Sch.
1452 1749 1547 1782 Liin.

68 1794 263 1828 ORELLI.
313 1794 445 1829 Cicero
472 1801 570 1829 setzt
604 1797 668 1830 ein
706 1796 987 1845 gegenseitiges
1022 1794 1254 1828 desiderium
1290 1805 1438 1838 vorans,
1472 1796 1548 1830 wie

67 1853 125 1887 ep.
155 1843 333 1882 CLXVII,
362 1845 392 1877 2.
429 1843 642 1877 desiderium
668 1847 721 1878 Ιιιὶ
745 1857 780 1876 ιι.
805 1846 839 1879 3.
867 1843 987 1878 nostri
1014 1842 1259 1879 desiderium.

161 1892 193 1925 2.
248 1890 288 1924 C.
316 1891 456 1924 Matius
491 1903 574 1925 war
606 1893 706 1926 beim
740 1892 852 1926 C‘a'sar
892 1898 961 1938 gut
995 1890 1289 1939 angeschrieben
1324 1890 1401 1923 und
1439 1890 1549 1925 mein·

67 1937 129 1971 ein
163 1938 316 1971 Freund
357 1938 426 1972 der
466 1940 605 1979 Person
647 1940 777 1974 C'zisars
814 1940 869 1973 als
904 1939 1029 1973 seinor
1061 1937 1190 1972 Sache.
1242 1938 1279 1971 S.
1317 1950 1374 1983 ep.
1418 1940 1547 1973 DXIV.

66 1985 241 2019 CCCLII.
283 1986 470 2021 CCCLVI.
524 1987 675 2022 Sueten.
711 1988 813 2022 Caes.
851 1998 881 2021 c,
916 1989 973 2021 52.
1023 1987 1100 2019 Dex-
1132 1986 1330 2021 DCCXVI.
1364 1988 1471 2020 Brief
1503 1988 1549 2021 ist

66 2045 151 2067 vom
180 2033 314 2067 Cicero
340 2045 384 2066 an
411 2034 492 2076 ihn,
526 2035 594 2069 ‹ler
618 2036 830 2071 DCCXVII.
866 2046 941 2070 von
973 2032 1054 2066 ihm
1088 2046 1134 2065 an
1171 2034 1306 2067 Cicero
1340 2035 1548 2079 gerichtet.

67 2083 110 2115 In
148 2081 222 2115 den
255 2081 407 2115 BrIesen
447 2083 493 2115 ad
525 2084 692 2119 Atticum
729 2083 830 2116 wird
872 2094 913 2117 er
946 2083 1000 2115 oft
1037 2082 1196 2115 Calvena
1237 2089 1404 2128 genannt
1438 2096 1470 2116 z.
1508 2084 1548 2118 Β.

67 2130 293 2163 Dcxxle.
319 2130 567 2166 DCLXXXIX
589 2145 624 2165 u.
652 2131 858 2166 DCCLXX.
888 2149 929 2154 —
972 2130 1183 2162 doctissimi.
1231 2130 1335 2162 Nach
1365 2131 1547 2172 Quinctil.

65 2178 150 2217 XII,
177 2179 199 2212 6
224 2177 322 2210 trieb
349 2189 391 2211 er
415 2179 708 2214 Beredsamkeit.
751 2178 787 2212 S.
815 2178 964 2223 Lipsius
1000 2189 1046 2211 zu
1073 2177 1191 2210 Tacit.
1218 2178 1355 2211 Annal.
1384 2180 1468 2217 XII.
1490 2181 1548 2214 60.

68 2244 109 2249 —
138 2225 199 2269 qni
224 2238 271 2255 z
298 2226 342 2266 is,
370 2227 516 2261 Matius.
555 2246 596 2253 —
633 2228 821 2261 iucundius
848 2227 925 2259 eius
953 2225 1224 2259 benevolentia.
1265 2244 1312 2251 —
1356 2227 1549 2269 deportare

66 2285 130 2305 uus
166 2273 233 2305 der
265 2273 427 2307 Provinz
461 2275 559 2309 nach
595 2276 689 2310 Rom
725 2274 984 2320 mitbringen3
1023 2273 1098 2307 wie
1130 2273 1175 2306 ad
1206 2274 1322 2309 Attio.
1358 2275 1421 2315 Vl,
1462 2278 1493 2316 1,
1527 2276 1548 2309 4

63 2320 233 2362 (CCLII)
260 2321 289 2353 si
316 2321 418 2354 nihil
444 2323 547 2357 aliud
582 2324 626 2358 de
660 2323 731 2357 hac
767 2322 963 2368 provincia
1000 2321 1074 2354 nisi
1107 2321 1213 2355 illius
1251 2322 1549 2357 benevolentiam

64 2368 330 2414 deportassem.

166 2437 194 2468 1.
221 2446 276 2468 me
304 2440 425 2470 cetera
452 2438 677 2473 delectarunt
703 2445 857 2484 practer
883 2449 1013 2480 unum,
1051 2437 1149 2482 quod
1177 2438 1275 2470 infra
1302 2437 1333 2479 §.
1359 2439 1393 2472 2.
1431 2438 1482 2472 ait
1508 2451 1547 2473 se

66 2483 246 2531 miratum
275 2496 368 2518 esse.
404 2485 511 2519 8011.
564 2505 606 2512 —
658 2498 726 2520 non
762 2487 930 2520 imbecill.
969 2486 1084 2519 animi
1109 2487 1174 2523 lui,
1203 2485 1323 2525 nicht,
1363 2486 1455 2520 weil
1483 2487 1546 2520 ich

67 2530 240 2576 glaubte,
289 2533 347 2566 Du
386 2532 510 2568 littcst
542 2547 589 2569 an
627 2533 1005 2573 Geistesschw'a‘che,
1044 2534 1348 2580 Muthlosigkoit.
1408 2545 1474 2567 ηοιι
1510 2540 1547 2567 nt

68 2579 170 2611 Crat.
198 2579 324 2613 hamb.
353 2598 393 2603 -
433 2586 615 2624 aestuare,
641 2596 718 2616 was
744 2581 891 2616 sowohl
919 2595 965 2614 zu
992 2582 1158 2614 imbecill.
1186 2582 1239 2614 als
1267 2582 1378 2614 desid.
1408 2582 1547 2628 gehiirt

68 2639 115 2657 r:
140 2626 294 2667 wallen,
322 2627 391 2660 hin
417 2630 492 2662 und
519 2630 591 2665 her
617 2631 765 2678 bcwegt
793 2630 958 2670 werden,
985 2629 1073 2662 hier
1088 2629 1259 2673 tropisch
1286 2631 1544 2663 unentscblos-

68 2685 148 2714 sen,
176 2675 372 2722 verlegen,
399 2678 589 2725 'a'ngstlich
616 2680 708 2712 scin.
761 2678 844 2726 Vgl.
871 2677 1019 2710 Vei-rin.
1049 2677 1097 2717 ll,
1124 2679 1179 2711 23.
1221 2678 1367 2710 Luem.
1393 2679 1434 2718 V,
1459 2681 1548 2713 1096

69 2721 178 2756 arbor
217 2730 358 2758 aestuat
396 2725 416 2757 i.
442 2738 472 2760 c.
509 2726 582 2760 huc
617 2733 653 2761 et
688 2727 782 2760 illuc
816 2738 834 2759 a
878 2726 998 2759 ventis
1027 2725 1202 2771 agitatur.
1257 2726 1402 2759 Gellius
1432 2728 1544 2767 XVII.
