1742 3006
190 70 275 116 172
451 74 512 116 M.
546 74 598 116 T.
632 71 970 117 CICERONIS
1001 74 1363 120 EPISTOLAE.

182 183 395 225 Terentia
423 185 646 225 delectata
674 187 743 226 est
770 185 857 227 tuis
887 186 1044 228 literis.
1103 187 1307 243 Impertit
1335 187 1417 231 tibi
1447 188 1626 230 multam

180 239 391 339 {alutemz
430 242 496 279 καί
532 242 703 290 Κικέρων
739 237 760 280 ὁ
797 242 1009 293 φιλόσοφος
1046 243 1113 281 τόν
1139 247 1331 284 πολιτικόν
1371 246 1477 283 Τίτον
1503 241 1627 284 ἀσπά-

199 306 291 334 etat.

418 553 729 598 EPISTOLA
757 554 1016 599 XXXVII.
1075 557 1185 608 (Λα.
1217 556 1279 599 Π.
1312 558 1399 607 10.)

370 629 448 663 Scr.
482 629 526 664 ab
558 630 669 676 Appii
698 631 794 665 Foro
826 629 869 664 A.
905 631 945 664 U.
981 633 1017 664 C.
1050 631 1132 667 695,
1195 629 1251 670 (a.
1289 631 1330 665 C.
1365 631 1439 673 59.)

520 697 658 732 Scribit
684 709 721 732 se
746 697 896 732 Antium
921 696 967 730 ad
992 696 1095 730 ludos
1121 707 1198 729 non
1223 696 1288 730 ire.

669 763 846 800 CICERO
893 763 1072 798 ATTICO
1120 762 1158 797 S.

289 823 410 866 Volo
437 837 555 866 ames
584 838 724 867 meam
753 825 1058 866 constantiam.
1118 822 1270 864 Ludos
1299 822 1424 864 Antii
1455 827 1622 878 specta—

181 892 228 919 re
257 893 344 920 non
373 879 533 934 placet.
593 881 677 922 Est
706 883 820 922 enim
848 878 1120 932 ὑποσύλοικον,
1157 892 1290 933 quum
1319 879 1453 920 velim
1481 880 1625 921 vitare

180 935 374 976 omnium
422 935 684 977 deliciarum
730 936 1049 990 suspicionem,
1107 938 1286 988 repente
1333 933 1627 984 ἀναφαίνεσθαι

179 1003 264 1031 non
301 991 444 1031 solum
483 991 705 1043 delicate,
761 992 839 1032 sed
887 992 1020 1032 etiam
1069 991 1214 1044 inepte
1260 990 1624 1044 peregrinantem.

179 1046 330 1094 Quare
369 1059 502 1100 usque
540 1047 597 1086 ad
634 1046 747 1088 Non.
778 1047 883 1088 Mai.
923 1050 966 1087 te
1004 1047 1049 1085 in
1078 1045 1313 1086 Formiano
1342 1047 1623 1099 exspectabo.

178 1101 308 1142 Nunc
336 1100 419 1153 sac,
449 1106 497 1142 ut
525 1103 685 1155 sciam,
734 1115 818 1155 quo
847 1102 922 1142 die
951 1105 994 1142 te
1022 1101 1162 1142 visuri
1192 1101 1340 1142 simus.
1396 1101 1464 1141 Ab
1491 1101 1624 1156 Appii

175 1157 319 1208 Foro,
348 1156 460 1197 hora
489 1162 656 1211 quarta.
733 1157 955 1198 Dederam
984 1156 1118 1197 aliam
1147 1156 1300 1211 paullo
1328 1160 1427 1197 ante
1456 1156 1623 1199 Tribus

176 1212 406 1253 Tabernis.

177 1347 278 1379 Crat.
304 1344 343 1378 iu
367 1355 489 1389 marg.
539 1345 633 1377 Vict.
662 1347 692 1379 l.
719 1347 752 1380 2.
801 1348 883 1380 Bos.
909 1344 1000 1381 ΕΠ).
1026 1342 1110 1376 sch.
1136 1344 1292 1384 Liinem.
1343 1343 1535 1378 ORELLI.
1581 1362 1623 1370 —

174 1393 325 1426 incultam
349 1393 500 1426 salutem
525 1406 574 1424 z
599 1392 788 1436 copiosam
815 1393 980 1428 salutem.
1006 1391 1152 1424 multum
1176 1391 1313 1432 salutis,
1342 1392 1411 1424 wie
1435 1394 1513 1425 Asc.
1538 1394 1568 1426 Ι.
1587 1395 1620 1428 2.

178 1441 307 1485 geben.
356 1442 393 1476 S.
422 1451 465 1472 zu
491 1451 548 1485 ep.
575 1441 722 1482 XXXV,
756 1441 777 1474 4
810 1452 870 1474 am
895 1440 1010 1474 Ende.
1084 1439 1136 1472 Zu
1168 1438 1251 1471 dem
1289 1439 1441 1473 Griech.
1478 1439 1620 1474 scherz—

177 1488 309 1522 haften
334 1487 508 1522 Schlusse
534 1488 610 1533 vgl.
638 1488 709 1521 den
734 1488 882 1522 Schluss
907 1488 971 1521 des
996 1487 1150 1533 vorigen
1175 1486 1306 1521 Briefs.

272 1575 396 1615 Ames,
424 1573 631 1610 admireris.
687 1574 768 1608 Asc.
802 1574 905 1610 Crat.
933 1572 1058 1605 Lamb.
1088 1571 1327 1605 constantiam
1353 1582 1474 1606 meam.
1500 1590 1541 1597 —-
1568 1572 1621 1606 lu-

177 1621 251 1654 dos.
300 1624 336 1656 S.
381 1634 439 1666 ep.
467 1621 634 1663 XXXIV,
661 1622 694 1656 2.
744 1639 787 1645 —-
835 1616 1164 1661 ὐποσὸλοικον,
1204 1619 1471 1653 subabsurdum
1497 1625 1534 1653 et
1558 1632 1622 1665 pa-

174 1680 256 1701 rum
289 1676 594 1711 consentaneum,
635 1669 794 1701 sensam.
867 1667 1078 1712 Eigentlich
1104 1668 1191 1699 Was
1223 1678 1269 1698 an
1304 1667 1365 1701 das
1396 1667 1622 1702 fehlerhatte

174 1716 361 1761 Sprechen
394 1718 457 1749 der
481 1716 704 1750 Einwohner
729 1727 797 1749 von
823 1712 936 1749 Σόλοι
959 1715 996 1748 in
1024 1714 1181 1747 Cilicien
1207 1720 1410 1759 angrenzt,
1453 1715 1513 1749 die
1540 1727 1619 1749 ver-

175 1765 359 1797 dorbenes
384 1765 528 1798 Attisch
553 1763 746 1809 sprachen‚
771 1775 798 1797 s.
827 1764 987 1807 Diogen.
1014 1763 1135 1796 baert.
1163 1764 1190 1805 1,
1215 1763 1272 1796 51.
1300 1759 1479 1802 σόλοικοςτ
1521 1764 1619 1797 dann

175 1811 236 1844 das
261 1811 503 1846 Ausfallende
527 1812 564 1845 in
588 1811 706 1845 Sitten
733 1823 766 1844 u.
794 1812 987 1855 Betragen.
1005 1829 1045 1834 —
1073 1809 1186 1851 delia,
1213 1810 1417 1856 wolli'istige
1441 1811 1620 1850 Geniisse,

176 1877 218 1883 --
244 1856 485 1904 ἀναφαίν.,
512 1871 711 1906 apparere,
760 1859 799 1892 in
824 1860 1013 1904 publicum
1038 1857 1207 1903 prodire,
1240 1858 1321 1891 sich
1347 1858 1385 1891 in
1412 1859 1533 1893 einem
1558 1871 1622 1892 an-

173 1907 265 1939 dern
292 1909 423 1941 Lichte
449 1907 584 1952 zeigen.
612 1926 656 1931 —
704 1906 872 1948 delicate,
910 1913 952 1939 ut
976 1906 1125 1938 delicias
1150 1910 1314 1949 neptem,
1352 1906 1416 1938 sed
1439 1910 1481 1939 et.
1507 1908 1621 1950 inepte

172 1964 330 1997 peregr„
357 1956 425 1989 den
451 1954 729 1988 Lustbarkeiten
745 1978 754 1993 ‚
782 1954 927 1987 zumahl
953 1965 992 1986 so
1018 1952 1245 1998 liippischen,
1274 1954 1342 1986 wie
1368 1954 1479 1993 diese,
1504 1956 1618 1987 nach-

174 2004 355 2036 zureisen.
389 2004 468 2037 Viri
494 2014 620 2048 graves
646 2002 751 2035 ludos
778 2009 816 2034 ut
842 2001 1000 2046 ineptias
1029 2002 1324 2034 contemnebant.
1364 2002 1444 2048 VgL
1461 2002 1503 2036 ad
1520 2005 1615 2038 Fam⁴

173 2051 256 2093 vn,
295 2053 311 2085 l
340 2052 452 2093 (126).
488 2070 529 2074 -
580 2061 653 2093 usq.
679 2050 727 2083 ad
749 2050 796 2083 N.
823 2050 942 2089 Mai.,
980 2049 1035 2081 bis
1060 2062 1143 2083 zum
1169 2052 1255 2083 7ten
1279 2049 1371 2084 Mai.
1407 2068 1448 2073 —
1497 2050 1619 2091 simus,

172 2098 255 2131 Md.
285 2100 401 2132 Oxon.
433 2101 463 2133 l.
492 2109 620 2132 sumus.
648 2117 689 2122 —
718 2098 787 2130 Ab.
843 2097 878 2133 S,
909 2097 1059 2133 Ramsh,
1086 2098 1117 2140 ς.
1148 2098 1224 2137 147,
1253 2099 1282 2130 l.
1309 2097 1396 2131 Not.
1424 2099 1455 2139 l,
1484 2109 1514 2130 c.
1543 2099 1616 2141 Ap-

170 2145 226 2187 pii
252 2145 406 2188 Forum,
433 2147 491 2179 ein
517 2145 793 2180 Marktflccken
820 2145 856 2177 in
884 2144 1039 2178 Latium.
1093 2163 1133 2169 ——
1184 2144 1274 2178 hora
1299 2148 1442 2188 quarta,
1473 2147 1514 2180 10
1539 2144 1619 2180 Ubr

171 2193 360 2237 Morgens.
399 2214 441 2219 —-
478 2195 576 2227 Trib.
605 2195 688 2227 Tab.
737 2191 799 2225 Sic
827 2193 923 2224 Vict.
954 2194 985 2225 1.
1013 2194 1045 2227 2.
1073 2193 1151 2226 Bos.
1178 2193 1285 2237 Sqq,
1313 2199 1351 2226 ut
1377 2193 1479 2229 Libr.
1509 2193 1538 2234 l,
1566 2194 1616 2226 13.

174 2243 278 2274 antea
305 2243 402 2277 Trib.
431 2242 521 2276 edd.
548 2242 655 2274 Iunii.
706 2245 785 2273 ante
824 2251 847 2273 a
882 2240 981 2276 'su-ib.
1009 2240 1090 2278 Asc.
1119 2243 1150 2278 1.
1179 2242 1277 2279 crat.
1307 2241 1435 2276 Lanib.
1463 2240 1619 2282 Beuum,
1681 2243 1683 2245 ’
1721 2266 1724 2273 ,

173 2294 213 2320 ιη
239 2289 337 2325 ωδε,
365 2292 397 2332 2,
428 2291 481 2325 13.
537 2288 725 2323 οιιΕιιι,
