1742 3006
492 76 813 122 EPISTOLA
843 78 1112 124 CXLVIII.
1450 77 1544 127 495

2 206 4 236 1
53 192 367 236 Aristoteliam
406 194 451 233 et
489 187 758 234 Isbcratiam
797 193 1017 232 rationem
1058 191 1301 233 oratoriam
1344 193 1538 246 comple—

2 256 4 261 ’
44 249 248 292 ematur.
308 248 482 303 Scripsi
505 248 639 289 etiam
661 247 866 290 versibus
887 252 980 288 tres
1011 248 1153 290 libros
1182 248 1238 288 de
1261 249 1539 303 temporibus

3 301 5 319 ³
51 307 181 358 meis,
211 318 323 360 quos
352 304 441 344 iam
468 303 645 358 pridem
675 304 732 344 ad
757 307 802 346 te
830 303 1072 356 misissem,
1113 305 1154 344 si
1196 317 1295 346 esse
1337 304 1538 346 edendos

9 362 10 365 ’
52 366 298 417 putassem:
326 383 379 390 —
410 364 514 400 sunt
543 359 661 400 enim
690 364 827 401 testes
857 363 903 401 et
932 364 1064 401 erunt
1101 361 1363 415 sempiterni
1403 361 1538 402 meri-

4 442 9 459 2=
53 424 201 459 torum
239 428 349 470 erga
382 428 453 456 me
492 418 671 456 tuorum
710 428 922 471 meaeque
960 415 1165 470 pietatis:
1210 439 1261 447 ·——
1312 416 1394 457 sed
1434 416 1541 472 quia

4 483 9 502 ’-
53 474 255 525 verebar,
283 485 372 512 non
402 484 495 523 eos,
526 472 606 526 qui
634 483 682 512 se
714 472 860 514 laesos
891 471 1234 523 arbitrarentur,
1274 471 1461 521 (etenim
1489 471 1540 512 id

52 528 144 570 feci
171 541 305 583 parce
335 531 379 568 et
407 525 646 579 molliter‚)
676 528 757 569 sed
788 541 878 580 eos,
909 541 1024 584 quos
1053 531 1150 569 erat
1177 527 1407 568 infinitum
1427 529 1540 569 bene

5 586 11 593 “’
51 585 108 626 de
138 598 207 625 me
236 582 422 625 meritos
453 597 605 625 omnes
644 584 887 626 nominare.
963 584 1091 634 Quos
1130 587 1278 625 tamen
1318 583 1442 639 ipsos
1481 583 1538 624 li-

6 649 11 681 1
52 643 174 692 bros,
215 640 256 682 si
294 653 441 695 quem,
491 641 565 680 cui
605 644 729 681 recte
768 639 1055 693 committam,
1103 640 1333 692 invenero,
1373 641 1539 681 curabo

5 708 9 751 ζ
53 697 111 737 ad
149 700 193 737 te
229 695 540 751 perferendos.
619 696 767 751 Atque
809 696 942 739 istam
984 695 1169 751 quidem
1207 700 1380 751 partem
1417 696 1539 737 vitae

6 802 7 805 Ἴ
53 752 481 807 consuetudinisque
510 754 688 793 nostrae
718 756 857 793 totam
897 751 954 792 ad
978 758 1036 799 rte
1077 751 1250 793 defero.
1311 752 1538 802 Quantum

6 808 9 833 ³
52 807 218 860 literis,
257 811 473 862 quantum
509 807 700 858 studiis,
737 807 965 850 veteribus
1009 808 1182 850 nostris·
1219 807 1538 850 delectationi-

52 865 148 915 bus,
198 864 415 919 consequi
454 864 714 918 poterimus,
753 863 804 903 id
844 877 972 905 omne
1013 864 1079 906 ad
1114 863 1350 905 arbitrium
1396 868 1538 916 tuum,

8 949 11 952 ,
52 921 131 974 qui
161 919 273 960 haec
303 931 478 973 semper
508 919 683 970 amasti7
714 917 1015 960 libentissime
1046 919 1341 961 conferemus.
1410 919 1539 969 Quae
1553 926 1607 965 251

8 983 10 1010 ῑ
54 976 109 1016 ad
154 989 224 1017 me
264 975 321 1016 de
358 974 448 1016 tuis
488 975 621 1015 rebus
661 973 924 1016 domesticis
978 975 1143 1016 scribis
1183 988 1384 1030 quaeque
1424 975 1541 1016 mihi

8 1047 9 1052 ¹
53 1031 352 1080 commendas,
382 1043 435 1071 ea
463 1034 609 1072 tantae
639 1029 753 1069 mihi
784 1043 919 1071 curae
949 1034 1068 1082 sunt,
1113 1035 1163 1071 ut
1191 1045 1261 1071 me
1290 1031 1432 1072 nolim
1461 1031 1538 1072 ad-

10 1124 11 1127 ,
52 1088 249 1136 moneri3
301 1085 452 1141 rogari
499 1099 609 1127 vero
655 1085 753 1126 sine
802 1099 964 1140 magno
1018 1086 1177 1128 dolore
1226 1087 1310 1129 vix
1358 1087 1538 1141 possim.

10 1155 13 1183 ι
53 1144 189 1194 Quod
218 1144 274 1183 de
305 1140 467 1192 Quinti
503 1141 662 1183 fratris
693 1143 875 1195 negotio
904 1142 1068 1183 scribis
1100 1146 1145 1184 te
1173 1142 1326 1197 priore
1357 1146 1539 1195 aestate,

10 1188 13 1234 ἶ
53 1199 173 1254 quod
203 1200 358 1240 morbo
388 1198 631 1252 impeditus
672 1196 719 1238 in
759 1198 974 1238 Ciliciam
1012 1211 1102 1239 non
1141 1198 1394 1250 transieris,
1435 1213 1542 1240 con-

10 1266 11 1270 ’
53 1257 192 1297 ficere
221 1268 309 1295 non
338 1255 564 1309 potuisse;
593 1267 711 1294 nunc
741 1257 888 1294 autem
918 1254 1067 1295 omnia
1086 1252 1326 1307 facturum,
1356 1259 1408 1295 ut
1435 1268 1545 1296 conv

10 1317 13 1360 ’ς
52 1311 207 1353 ficias:
249 1310 300 1350 id
338 1309 455 1351 scito
500 1323 598 1351 esse
627 1310 864 1363 eiusmodi,
905 1314 957 1351 ut
984 1310 1128 1351 frater
1167 1325 1293 1353 meus
1321 1324 1430 1353 vere
1461 1310 1543 1353 ex-

52 1368 235 1419 istimet,
266 1365 477 1406 adiuncto
508 1367 596 1406 isto
626 1365 784 1423 fundo,
814 1365 1133 1420 patrimonium
1171 1365 1269 1408 fore
1300 1380 1428 1409 suum
1458 1381 1543 1422 per

13 1527 16 1531 γ
54 1492 166 1530 rupte
193 1486 250 1527 ab,
287 1496 475 1530 superscr.
513 1496 533 1517 a
568 1495 641 1518 rec.
669 1495 800 1517 manu:
844 1489 876 1518 ct
909 1484 987 1519 ΟΒ.
1025 1501 1067 1508 ·-
1104 1484 1284 1518 rationem
1318 1485 1542 1524 oratoriam,

12 1532 14 1544 ²
53 1534 114 1567 die
139 1533 359 1567 Redekunst
384 1532 482 1566 nach
517 1531 586 1566 der
622 1533 797 1567 Methode
830 1532 895 1566 des
930 1532 1152 1568 Aristoteles
1186 1545 1220 1566 u.
1260 1532 1469 1567 Isokrates.
1504 1533 1539 1567 S.

14 1620 17 1623 ,
52 1593 111 1627 ep.
139 1581 299 1624 CXXIX,
327 1583 359 1616 2.
387 1580 546 1623 CXLIX,
573 1582 607 1622 2,
633 1583 664 1615 3.
700 1600 747 1605 —
781 1581 824 1614 de
850 1585 952 1625 temp.
977 1581 1079 1622 meis,
1113 1581 1206 1614 iiber
1230 1581 1293 1615 das
1320 1580 1542 1616 Denkwiir-

14 1635 15 1642 ¹
52 1631 176 1678 digste
197 1629 338 1663 meinos
354 1629 512 1670 Lebens,
537 1629 631 1662 iiber
647 1629 748 1661 mein
761 1629 883 1663 Exsil.
899 1641 934 1661 u.
955 1629 1393 1675 meineRiickberufung.
1432 1631 1543 1664 Denn

14 1696 17 1717 ς
53 1678 113 1712 die
137 1678 219 1711 drei
243 1677 396 1711 Biicher
421 1677 466 1711 de
493 1678 687 1711 consulatu
713 1688 777 1711 suo
803 1677 955 1711 schrieb
984 1689 1026 1710 er
1050 1688 1122 1711 vor
1149 1678 1234 1711 dem
1260 1678 1381 1711 Exsil.
1421 1677 1462 1712 S.
1482 1689 1542 1723 ep.

53 1726 200 1768 CXVII,
227 1727 261 1761 3.
290 1725 396 1767 CXX,
426 1728 455 1759 1.
492 1746 534 1752 —
570 1736 739 1769 meaeque
764 1726 804 1758 in
830 1732 867 1759 te
893 1725 1053 1769 pictatis,
1093 1725 1167 1759 wie
1194 1726 1320 1759 Lamb.
1347 1726 1459 1760 lieas’t.
1499 1745 1541 1751 —

15 1770 19 1823 Ἰ
53 1774 120 1807 sed
155 1773 248 1817 quia.
287 1773 362 1806 del.
406 1772 491 1817 quia
527 1773 573 1806 de
603 1774 630 1807 Ι.
671 1774 735 1807 Fr.
770 1774 954 1808 Gronovii
988 1774 1126 1818 suspic.
1166 1774 1411 1821 Mart-Lag.
1450 1773 1539 1808 Sch.

16 1837 19 1867 2
54 1822 217 1868 Supple:
247 1822 337 1863 „sed
362 1831 423 1854 eos
450 1832 523 1854 non
551 1821 664 1863 edidi,
689 1822 774 1865 quia
801 1823 901 1856 cet.“
951 1821 1147 1855 ORELLI.
1191 1841 1237 1848 —
1270 1823 1438 1862 verebar,
1472 1832 1543 1856 non

16 1906 18 1911 ,
54 1881 126 1912 eos,
152 1869 217 1903 ich
232 1869 425 1903 fiirchtete
439 1869 560 1911 mich,
586 1869 747 1903 sreilich
764 1870 873 1903 nicht
892 1882 961 1904 vor
972 1871 1113 1905 Denen.
1129 1890 1171 1895 —
1199 1881 1238 1903 se
1254 1871 1379 1904 laesos
1392 1870 1541 1909 arbitr„

16 1922 17 1934 ¹
53 1918 118 1952 die
143 1917 228 1951 sich
262 1917 369 1951 darin
402 1917 587 1965 beleidigt
625 1918 753 1951 finden
785 1918 979 1953 m'dchten.
1017 1937 1058 1942 ——
1102 1919 1278 1959 molliter,
1311 1918 1385 1952 mit
1419 1917 1540 1952 Scho-

16 1975 19 2008 ]
54 1978 170 2014 nung.
209 1984 251 1989 —
289 1970 369 1999 erat
403 1965 602 2007 infinitum,
640 1966 753 1999 ihrer
786 1968 921 2014 Menge
954 1978 1091 2014 wegen
1119 1966 1347 2014 unmoglich
1373 1977 1468 2000 war.
1496 1985 1537 1990 -—

17 2016 20 2051 ἶ
56 2018 163 2054 recte,
191 2012 328 2047 sicher.
358 2032 402 2038 —
439 2015 489 2047 ad
513 2018 546 2047 te
572 2015 711 2057 desero,
737 2013 861 2048 theile
888 2014 953 2048 ich
972 2016 1044 2048 Dir
1069 2015 1152 2050 mit.
1185 2034 1225 2038 —
1253 2015 1439 2059 consequi,
1466 2014 1542 2048 lei-

55 2068 151 2095 sten.
179 2080 221 2084 —
249 2062 289 2094 id
313 2072 415 2095 omne
440 2063 489 2095 ad
588 2064 824 2105 conferemus,
853 2063 914 2096 das
941 2063 1015 2096 soll
1039 2064 1151 2097 Dir..
1203 2063 1311 2096 Alles
1339 2064 1407 2096 auf
1429 2062 1540 2104 ieden

18 2133 20 2157 ¹.
53 2108 183 2145 Wink
208 2108 389 2142 herzlieh
415 2122 508 2157 geru
543 2123 590 2143 zu
623 2111 765 2144 Gebote
798 2110 942 2145 ssehen.
977 2130 1024 2135 —
1057 2112 1106 2145 acl
1137 2111 1373 2159 ex'antiquo
1412 2111 1538 2156 suppl.

18 2175 21 2187 ι
54 2157 151 2191 Edd.
175 2157 278 2191 abest
314 2158 362 2191 ad
392 2169 411 2191 a
445 2158 517 2190 Md.
554 2159 739 2192 ORELLI
772 2160 835 2203 qui
867 2160 905 2191 in
942 2160 1070 2206 Eezug
1114 2160 1181 2192 auf
1213 2159 1276 2193 das
1311 2160 1364 2192 im
1390 2159 1537 2200 Adject.

20 2227 21 2230 =
55 2210 153 2239 tuum
186 2205 384 2239 versteckt
420 2206 594 2252 liegeude
630 2218 777 2240 nomen.
840 2206 877 2241 S.
916 2207 1067 2241 Ramsh.
1109 2207 1138 2249 ξ.
1179 2209 1260 2249 159,
1295 2209 1330 2249 2,
1369 2218 1400 2242 c,
1439 2206 1539 2240 Statt

19 2270 23 2282 ι
53 2254 187 2288 amasti
212 2253 343 2287 wiirde
370 2265 468 2289 man,
495 2254 540 2287 da
564 2255 627 2299 qui
653 2270 700 2286 2:-
728 2266 843 2299 quum
870 2261 923 2297 tu,
960 2256 1142 2289 anm-eris
1167 2261 1368 2290 erwarten.
1421 2254 1457 2291 S.
1484 2255 1537 2288 ie·

52 2301 152 2336 doch
176 2302 328 2336 Ranish.
356 2302 385 2345 ξ.
415 2304 492 2342 194,
522 2305 554 2344 1,
580 2305 669 2338 Not.
698 2306 730 2339 2.

150 2370 208 2404 24.
263 2370 365 2404 Quod
391 2395 416 2404 ..
446 2369 595 2413 scribis,
631 2382 706 2404 was
747 2371 844 2405 Dein
879 2370 1090 2405 Schreiben
1128 2372 1222 2406 iiber
1257 2372 1322 2405 das
1355 2370 1538 2405 Geschzist

24 2454 27 2462 Ι
53 2417 194 2451 meines
220 2418 382 2451 Brudcrs
410 2416 569 2457 betrifft,
606 2418 774 2452 n'zimlich
809 2419 891 2452 dass
926 2421 982 2453 Du
1019 2432 1056 2453 es
1084 2433 1118 2453 u.
1146 2434 1172 2453 s.
1201 2433 1248 2453 w.
1276 2425 1321 2459 ie,
1355 2431 1426 2464 pro
1462 2429 1535 2462 quo

23 2469 88 2521 {et
120 2465 192 2498 Md.
228 2477 330 2509 apr.
358 2478 406 2498 m.
459 2465 592 2510 Sicque
627 2467 837 2511 aliquoties.
882 2469 953 2500 cfr.
989 2469 1067 2502 Lib.
1101 2471 1154 2504 13.
1193 2470 1262 2513 Ep.
1291 2471 1348 2502 57.
1384 2472 1415 2499 ce
1448 2478 1535 2500 nunc

54 2523 124 2557 pro
151 2517 184 2546 ie
208 2524 312 2546 mmc.
356 2514 432 2546 Lib.
466 2516 518 2547 14.
555 2515 619 2559 Ep.
647 2518 679 2550 3.
727 2516 804 2549 Lib.
835 2517 887 2550 15.
917 2516 984 2558 Ep.
1016 2519 1069 2551 16.
1103 2521 1147 2553 el,
1174 2521 1212 2549 ut
1238 2517 1369 2558 opinor
1395 2525 1466 2559 pro
1492 2519 1534 2548 le.

57 2560 253 2594 ORELLI.
286 2581 331 2586 —
357 2563 523 2595 adiuncto
627 2564 872 2605 constitutum,
916 2564 1063 2605 „durch
1102 2565 1378 2610 Hinzusugung
1415 2563 1533 2596 dieses

54 2607 212 2641 kleinen
239 2610 452 2657 Landgutes
484 2613 663 2657 vex-mogo
695 2612 840 2645 Deiuer
866 2612 1154 2659 Vermitielung·
1191 2603 1321 2645 werde
1356 2611 1435 2644 sein
1471 2613 1533 2643 vla'-

25 2656 240 2695 lterliches
283 2658 431 2705 Erbgut
477 2665 554 2692 erst
593 2659 826 2703 vollsl'eimlig
865 2659 1071 2705 begrundei
1113 2653 1188 2692 und
1237 2670 1276 2692 so
1317 2658 1534 2692 anzusehen

57 2703 150 2744 sein,
179 2704 235 2738 als
263 2705 307 2739 ob
335 2717 377 2738 er
402 2718 439 2740 es
466 2707 536 2740 Dir
566 2719 611 2740 zu
638 2707 855 2741 verdauken
891 2707 1033 2742 hattef·
1094 2708 1142 2741 So
1176 2707 1254 2740 viel
1297 2719 1383 2740 man
1418 2707 1532 2744 sieht.

55 2751 189 2786 wollte
215 2753 372 2796 Quintus
400 2755 437 2787 in
465 2753 530 2788 der
556 2755 661 2789 N5he
695 2756 816 2789 seinos
844 2755 1029 2803 Evbgutes
1058 2768 1103 2788 zu
1131 2756 1318 2801 Arpinum
1345 2754 1444 2790 noch
1472 2755 1532 2788 ein
