1742 3006
219 115 313 165 324
493 119 555 162 Μ.
585 119 642 162 Τ.
673 114 1016 161 CICERONIS
1046 117 1422 163 EPISTOLAE.

218 231 362 273 tentia
390 230 536 286 prima
562 229 714 272 Bibuli
743 231 1033 286 pronuntiata
1061 234 1203 285 esset,
1241 234 1292 273 ut
1328 235 1422 273 tres
1462 230 1601 287 legati
1629 246 1697 276 re-

218 301 318 343 gem
349 288 637 336 reducerent;
676 287 871 329 secunda
908 288 1169 340 Hortensii,
1208 292 1257 329 ut
1285 290 1333 328 tu
1372 289 1469 329 sine
1498 291 1699 330 exercitu

218 344 478 393 reduceresf,
508 344 645 384 tertia
668 343 898 395 Volcatii,
928 347 978 383 ut
998 342 1241 397 Pompeius
1260 343 1519 385 reduceret:
1548 348 1700 399 postu-

217 399 358 440 latum
388 402 480 452 est,
509 402 558 439 ut
586 398 740 440 Bibuli
769 399 995 440 sententia
1031 399 1323 441 divideretur.
1384 400 1614 450 Quatenus
1643 401 1699 442 de

218 455 442 508 religione
480 453 684 508 dicebat,
732 456 805 496 cui
847 452 1068 509 [quidem]
1099 456 1165 496 rei
1194 456 1284 497 iam
1314 456 1474 496 obsisti
1503 469 1592 496 non
1620 469 1699 510 po-

218 514 358 562 terat,
397 509 563 552 Bibulo
592 524 819 552 assensum
849 514 939 550 est:
978 509 1035 550 de
1065 512 1209 551 tribus
1250 512 1411 565 legatis
1442 511 1699 566 frequentes

220 566 371 606 ierunt
399 566 446 606 in
476 567 569 607 alia
598 567 761 608 omnia.
820 565 1042 607 Proxima
1071 571 1167 608 erat
1196 566 1432 608 Hortensii
1463 568 1698 619 sententia,

217 634 353 675 quum
391 621 568 676 Lupus,
617 623 822 663 tribunus
863 622 1034 675 plebis,
1086 622 1206 676 quod
1245 623 1340 676 ipse
1384 622 1438 663 de
1478 623 1699 677 Pompeio

218 677 471 729 retulisset,
509 677 743 718 intendere
783 677 957 731 coepit,
997 681 1099 718 ante
1130 691 1177 718 se
1219 683 1427 731 oportere
1457 679 1697 719 discessio-

216 745 317 772 nem
356 731 533 785 sacere3
572 746 705 787 quam
734 733 955 774 consules.
1028 733 1142 773 Eius
1180 734 1375 774 orationi
1410 734 1699 775 vehementer

217 787 272 827 ab
301 788 505 828 omnibus
537 788 828 830 reclamatum
858 792 946 830 est:
988 793 1085 830 erat
1107 789 1225 828 enim
1249 794 1293 829 et
1323 789 1475 842 iniqua
1496 795 1542 830 et
1570 803 1697 831 nova.

218 842 438 884 Consules
480 857 624 898 neque
671 844 977 885 concedebant
1014 858 1156 899 neque
1193 845 1327 885 valde
1369 846 1699 899 repugnabant3

218 898 339 939 diem
371 901 574 940 consumi
603 901 836 942 volebant:
875 900 924 940 id
954 900 1073 954 quod
1104 904 1172 941 est
1201 899 1384 943 factum.
1442 900 1699 954 Pel-spicie-

217 956 324 995 bant
353 956 472 995 enim
502 956 548 995 in
572 955 809 996 Hortensii
839 956 1105 996 sententiam
1135 957 1289 996 multis
1319 957 1519 1010 partibus
1548 957 1699 1011 plures

216 1011 386 1062 ituros,
427 1024 693 1065 quamquam
723 1015 876 1065 aperte
909 1011 1120 1052 Volcatio
1157 1013 1493 1052 assentirentur.
1561 1012 1698 1053 Multi

218 1067 513 1119 rogabantur,
555 1071 689 1121 atque
728 1067 778 1107 id
817 1067 964 1121 ipsum
1004 1067 1260 1107 consulibus
1302 1068 1483 1117 invitis3
1523 1081 1626 1108 nam
1655 1069 1697 1108 ei

217 1120 373 1162 Bibuli
421 1123 689 1163 sententiam
727 1123 881 1163 valere
923 1123 1170 1177 cupierunt.
1249 1123 1350 1164 Hac
1389 1124 1700 1165 controversia

156 1182 158 1185 ’
216 1190 355 1231 usque
384 1177 441 1218 ad
471 1181 648 1218 noctem
679 1177 814 1219 ducta
849 1182 1028 1219 senatus
1067 1178 1301 1220 dimissus:
1343 1183 1388 1219 et
1426 1193 1509 1233 ego
1539 1193 1592 1220 eo
1624 1179 1698 1220 die

217 1246 324 1274 casu
355 1231 473 1287 apud
501 1233 767 1287 Pompeium
799 1234 986 1275 coenavi
1016 1238 1256 1288 nactusque
1287 1238 1459 1289 tempus
1490 1234 1578 1275 hoc
1606 1248 1699 1276 ma-

216 1289 286 1342 gis
310 1287 535 1340 idoneum,
565 1301 695 1342 quam
717 1302 911 1343 unquam
930 1293 1084 1339 antea,
1115 1290 1233 1343 quod
1258 1294 1359 1343 post
1379 1295 1500 1330 tuum
1531 1290 1699 1331 disces-

215 1357 311 1384 sum
341 1344 380 1384 is
410 1344 508 1384 dies
537 1342 879 1385 honestissimus
908 1345 1036 1385 nobis
1066 1343 1214 1385 fuerat
1243 1345 1289 1384 in
1308 1351 1485 1397 senatu,
1516 1346 1582 1386 ita
1602 1360 1699 1387 sum

216 1413 317 1440 cum
356 1399 440 1440 illo
481 1400 682 1452 locutus,
719 1404 770 1441 ut
813 1399 929 1441 mihi
969 1400 1153 1441 viderer
1191 1401 1386 1441 animum
1418 1400 1614 1442 hominis
1644 1403 1698 1442 ab

215 1455 338 1496 omni
376 1456 468 1496 alia
507 1456 781 1510 cogitatione
820 1456 878 1497 ad
919 1460 1042 1497 tuam
1072 1455 1339 1509 dignitatem
1368 1456 1579 1497 tuendam
1609 1462 1699 1498 tra-

215 1576 309 1611 Ern.
336 1587 414 1610 esse
444 1578 514 1612 vol.
546 1589 620 1615 sen.
660 1579 959 1627 Martyni-Lag.
994 1577 1082 1613 Sch.
1118 1580 1212 1612 Liin.
1249 1579 1446 1613 ORELLI.
1483 1598 1523 1604 —
1557 1580 1699 1616 Bibuli.

214 1622 252 1658 S.
280 1624 314 1658 d.
339 1625 462 1670 vorig.
489 1627 608 1662 Brief.
634 1627 670 1672 §.
697 1629 733 1663 3.
768 1646 812 1654 -—
850 1631 889 1661 ut
916 1653 926 1661 .
958 1649 967 1659 .
996 1627 1223 1660 divideretur
1256 1627 1281 1659 i.
1318 1637 1349 1661 e.
1385 1634 1426 1659 ut
1460 1625 1505 1660 de
1539 1628 1699 1672 singulis

214 1672 328 1705 rebus
354 1674 584 1718 referretur,
612 1675 694 1709 dass
720 1687 806 1709 man
833 1675 892 1709 die
920 1674 1053 1708 beiden
1083 1675 1210 1714 Skitze,
1246 1685 1390 1707 woraus
1417 1674 1516 1707 diese
1542 1677 1699 1710 Stimme

213 1718 389 1761 bestand‚
417 1727 579 1758 trennen
605 1724 683 1757 und
708 1725 802 1757 iiber
828 1722 936 1756 ieden
960 1722 1043 1756 Satz
1070 1722 1266 1755 besonders
1284 1723 1434 1755 votiren
1457 1724 1576 1756 sollte.
1627 1724 1700 1758 Die

212 1767 366 1802 Forniel
402 1780 506 1803 war:
538 1770 694 1813 Divide‚
728 1771 878 1805 consul!
915 1770 949 1804 S.
978 1770 1159 1804 Pedianus
1192 1782 1239 1803 zu
1275 1770 1377 1803 Orat.
1410 1782 1469 1816 pr.
1496 1772 1581 1805 Mil.
1607 1782 1640 1806 c.
1666 1774 1699 1807 6.

210 1815 286 1850 Die
311 1815 446 1850 beiden
472 1816 582 1852 Sstze
612 1829 758 1852 waren:
800 1820 881 1853 Soll
906 1819 973 1852 auf
1008 1818 1070 1851 das
1105 1817 1246 1851 Orakel
1280 1817 1475 1863 geaehtet‚
1510 1820 1587 1852 also
1614 1820 1698 1854 eine

210 1865 351 1899 Armee
376 1865 590 1909 gebraucht
623 1867 774 1900 werden
815 1867 907 1900 oder
940 1866 1069 1899 nicht?
1110 1867 1240 1899 Danu:
1280 1867 1403 1899 Sollen
1439 1866 1518 1899 ‹lrei
1564 1867 1698 1912 Legati

211 1914 285 1947 den
311 1912 475 1957 Austrag
499 1914 671 1948 erlialten
697 1915 774 1948 und
807 1915 1038 1948 ausfiihren?
1072 1933 1114 1939 —-
1141 1915 1242 1956 freq.
1276 1914 1346 1947 ier.
1383 1914 1419 1946 in
1455 1915 1533 1947 alia
1566 1917 1697 1957 omnia,

213 1961 342 1995 seinen
363 1961 577 2007 Vorschlag
604 1963 655 1995 im
683 1963 798 1996 Punct
823 1962 889 1996 der
916 1962 997 1995 drei
1014 1963 1182 2009 Legaten
1210 1962 1376 1994 verwarf
1398 1960 1590 2010 hingegen
1615 1964 1699 1997 eine

213 2019 340 2054 grosse
372 2007 583 2044 Mehrheit.
616 2011 672 2043 ire
695 2010 733 2044 in
759 2010 835 2043 αΙία
861 2010 1004 2050 omnia,
1034 2011 1105 2043 wie
1131 2009 1336 2050 discedere,
1364 2010 1523 2044 transire
1548 2024 1597 2042 z
1623 2011 1696 2045 dis-

213 2058 367 2092 sentire.
396 2057 482 2105 Vgl.
510 2058 639 2092 Festus
665 2070 701 2090 u.
731 2058 809 2093 Cic.
837 2058 878 2091 ad
908 2058 996 2092 Div.
1025 2058 1131 2099 VIII,
1161 2058 1215 2091 13.
1242 2069 1276 2090 u.
1303 2058 1345 2098 X,
1375 2060 1428 2094 11.

309 2107 343 2140 2.
369 2104 578 2146 intendere,
605 2106 744 2140 darauf
760 2118 807 2139 zu
827 2105 1006 2153 dringen‚
1034 2106 1133 2146 dass,
1161 2104 1205 2137 da
1223 2116 1263 2137 er
1289 2105 1428 2138 hereits
1455 2105 1492 2137 in
1519 2105 1586 2138 der
1612 2116 1696 2140 vor-

212 2153 355 2187 letzten
380 2152 529 2188 Session
554 2155 622 2188 auf
645 2154 717 2188 den
743 2153 938 2199 Pompeius
963 2159 1194 2201 angetragen
1221 2151 1336 2192 habe,
1372 2154 1440 2186 der
1465 2151 1576 2186 Senat
1602 2154 1698 2188 iiber

212 2201 313 2234 aeine
340 2200 416 2234 und
442 2202 505 2235 des
539 2202 732 2236 Volcatius
757 2202 942 2249 Meinung
976 2202 1067 2235 eher
1099 2201 1322 2234 abstimmen
1357 2201 1482 2240 sollte,
1518 2201 1570 2234 als
1604 2203 1697 2236 iiber

213 2248 274 2282 die
306 2248 493 2295 Meinung
525 2251 589 2284 des
623 2249 865 2292 Hortensius,
905 2248 1052 2283 welche
1095 2249 1155 2282 die
1197 2249 1361 2282 Consulti
1398 2248 1692 2283 voranschb'ben.

212 2294 250 2330 S.
277 2305 333 2341 ep.
362 2297 439 2336 XC,
460 2299 490 2331 1.
512 2297 629 2342 XCII,
647 2300 679 2332 3.
699 2315 741 2321 —
769 2297 1035 2338 discessionem,
1064 2297 1337 2343 Absfimmung,
1366 2297 1450 2330 weil
1468 2297 1527 2329 die
1543 2296 1695 2330 stimm-

213 2341 410 2391 gebenden
436 2345 534 2378 ‹lann
559 2345 807 2379 auseinander
831 2351 968 2379 traten.
994 2363 1040 2369 -—
1075 2345 1169 2377 diem
1195 2346 1373 2385 consumi,
1410 2344 1489 2377 dass
1523 2344 1591 2377 der
1614 2345 1696 2392 Tag

213 2391 314 2426 ohne
348 2392 613 2442 Abstimmung-
644 2392 840 2442 hingehen
874 2393 996 2427 sollte.
1034 2390 1118 2435 Vgl.
1153 2403 1212 2437 ep.
1247 2392 1489 2427 LXXXVIII,
1517 2392 1539 2425 4
1565 2403 1602 2426 u.
1630 2392 1694 2433 XI,

212 2441 247 2474 3.
282 2439 381 2474 diem
414 2440 573 2475 dicendo
609 2443 788 2475 eximere.
846 2442 915 2475 Die
947 2441 1111 2475 Consuln
1145 2450 1274 2474 waren
1307 2440 1375 2473 der
1411 2439 1596 2486 Meinung·
1634 2439 1696 2473 des

214 2487 391 2530 Bibulus,
417 2489 477 2522 die
503 2488 637 2524 iedoch
663 2488 781 2523 sehon
809 2500 893 2523 vom
920 2488 1029 2523 Senat
1059 2488 1324 2535 gemissbilligt
1355 2489 1406 2520 im
1444 2486 1583 2520 Staube
1615 2488 1692 2532 lag,

216 2535 309 2569 oder
332 2536 384 2570 sie
417 2538 594 2579 wollten,
630 2537 710 2570 dass
743 2537 812 2571 der
843 2537 966 2585 Konig
997 2535 1212 2581 uberhaupt
1244 2535 1352 2569 nicht
1386 2533 1694 2581 zuriickgefiihrt

215 2584 358 2618 wiirde.
389 2603 433 2609 —
469 2585 510 2618 ei.
536 2584 596 2618 Sic
629 2585 706 2618 Md.
733 2585 861 2619 Lamb.
889 2599 938 2616 :-
964 2585 993 2619 ii
1019 2584 1155 2620 Ceteri.
1186 2602 1226 2608 —
1263 2584 1401 2621 valere,
1430 2581 1691 2629 durchgehen,

216 2630 481 2678 durchgeoetzt
507 2633 674 2667 worden.
700 2650 745 2657 —
771 2633 970 2677 cupierunt.
998 2631 1288 2678 Martyni-Lag.
1307 2630 1393 2665 sch.
1415 2631 1509 2666 Liin.
1530 2630 1575 2663 de
1600 2630 1690 2664 Ern.

215 2689 312 2723 susp.
340 2681 541 2722 cupiebant.
569 2680 764 2715 ORELLI.

312 2729 345 2762 3.
371 2728 463 2761 Hac.
492 2728 570 2762 Md.
600 2729 699 2761 Vict.
728 2730 760 2762 1.
788 2729 902 2775 Beng.
930 2729 1051 2767 Haec,
1077 2733 1119 2760 ut
1143 2728 1215 2761 tria
1242 2729 1315 2760 sint
1332 2725 1511 2758 membra.
1538 2725 1690 2757 adducta

215 2784 336 2823 marg.
363 2777 467 2812 crat.
504 2775 701 2811 ORELLI.
734 2794 774 2800 —-
814 2787 889 2809 oum
922 2777 997 2811 illo.
1031 2776 1271 2822 Mart.-Lag.
1307 2774 1476 2808 editurus
1507 2778 1586 2807 erat
1617 2782 1690 2805 cum
