1742 3006
333 119 360 142 s
610 62 928 107 EPISTOLA
958 64 1008 106 C.
1473 61 1566 111 339

21 173 27 205 ἶ
79 181 238 223 literas
268 177 438 234 accepi.
509 175 635 226 Quid
663 158 846 230 agas'et
875 180 923 217 ut
952 179 996 217 te
1025 174 1250 227 oblectes,
1287 174 1406 216 scire
1435 177 1566 231 cupio

77 237 363 290 maximeque
402 238 447 274 te
487 232 632 287 ipsum
668 232 824 274 videre
863 244 996 286 quam
1024 232 1231 285 primum.
1316 231 1463 282 Cura,
1502 234 1566 273 mi

22 294 23 304 ¹
78 291 236 344 frater,
266 296 316 332 ut
345 289 521 332 valeas:
563 292 609 329 et
636 300 904 342 quamquam
934 291 1003 328 est
1032 286 1201 340 hiems,
1229 290 1376 329 tamen
1405 287 1564 330 Sardi-

22 340 26 376 s
76 348 196 391 niam
225 349 358 390 istam
387 358 485 387 esse
514 344 699 399 cogites.
759 357 837 387 xv.
868 343 971 385 Kal.
1002 342 1136 385 Mart.

151 538 469 583 EPISTULA
497 539 550 581 C.
608 539 762 594 (vulgo
792 551 895 593 pars
925 551 994 593 ep.
1025 537 1067 581 5.
1105 538 1182 579 lib.
1213 538 1249 580 Ι.
1278 538 1338 579 ad
1367 537 1493 588 Div.)

271 615 352 650 Ser.
386 617 427 650 A.
462 614 507 648 υ.
539 614 581 649 o.
615 613 696 648 698.
724 622 850 646 mense
875 610 1097 645 Februario.
1154 610 1206 653 (a.
1236 611 1275 645 e.
1301 610 1380 653 56.)

22 696 25 700 ’
79 682 261 729 Exponit,
306 695 400 728 quae
434 682 474 716 in
508 691 617 714 causa
655 679 757 724 regia
790 680 874 713 fore
908 677 980 712 sibi
1012 677 1234 718 videantur3
1276 676 1348 711 illa
1380 688 1515 723 nempe
1549 689 1569 711 a

22 731 25 753 s
80 732 263 778 Pompeio
298 732 378 765 fere
412 730 601 776 deposita,
637 728 827 768 futurum,
854 732 898 760 ut
923 737 987 760 rex
1013 726 1060 760 ad
1084 725 1283 760 Lentulum
1308 726 1573 771 proficiscatur

502 778 549 810 ab
577 787 694 822 eoque
719 775 872 809 restitui
898 774 1038 821 cupiat.
1067 775 1155 809 1-2.

348 859 404 893 M.
434 856 618 891 CICERO
644 855 679 890 s.
707 855 754 889 D.
778 855 816 888 P.
843 854 1085 891 LENTULO
1110 834 1316 888 PRocos.

193 924 285 967 Hic
314 937 427 980 quae
457 925 648 977 agantur
676 934 874 976 quaeque
905 925 1009 962 acta
1036 921 1151 973 sint,
1192 934 1246 962 ea
1272 925 1319 962 te
1349 924 1395 963 et
1423 921 1572 964 literis

82 980 326 1023 multorum
355 984 401 1021 et
420 979 591 1020 nuntiis
611 990 829 1032 cognosse
853 978 1075 1018 arbitror:
1105 989 1217 1030 quae
1247 980 1396 1018 autem
1424 979 1575 1032 posita

83 1044 188 1079 sunt
217 1038 264 1077 in
295 1037 556 1078 coniectura
584 1046 787 1089 quaeque
817 1032 1032 1075 videntur
1060 1031 1184 1083 fore,
1214 1045 1268 1073 ea
1296 1036 1404 1087 puto
1434 1034 1519 1074 tibi
1548 1046 1576 1075 a

22 1105 24 1111 ’
83 1107 153 1134 me
183 1094 322 1134 scribi
352 1095 573 1147 oportere.
642 1090 946 1144 Posteaquam
983 1088 1227 1142 Pompeius
1275 1092 1321 1129 et
1350 1088 1469 1143 apud
1497 1102 1576 1144 po-

21 1160 25 1195 :
83 1149 235 1203 pulum
273 1162 312 1190 a.
353 1148 395 1188 d.
433 1161 526 1190 v111.
567 1146 676 1187 Idus
715 1146 845 1186 Febr.
887 1158 1022 1199 quum
1059 1157 1141 1199 pro
1171 1143 1347 1185 Milone
1387 1144 1578 1197 diceret,

21 1203 26 1255 ζ.
83 1205 282 1245 clamore
312 1204 606 1258 convicioque
636 1203 828 1242 iactatus
859 1205 950 1253 est,
995 1201 1042 1240 in
1073 1204 1318 1255 senatuque
1347 1214 1374 1241 a
1404 1200 1577 1242 Catone

84 1274 241 1315 aspere
281 1263 328 1301 et
366 1260 525 1300 acerbe
563 1259 751 1299 nimium
789 1269 951 1311 magno
992 1256 1177 1297 silentio
1219 1261 1288 1297 est
1317 1259 1577 1298 accusatus:

22 1330 25 1335 ·
84 1317 208 1358 visus
258 1320 327 1356 est
378 1314 495 1356 mihi
543 1313 836 1356 vehementer
885 1325 981 1353 esse
1029 1312 1329 1366 perturbatus.
1415 1312 1579 1366 Itaque

22 1365 25 1380 ¹
86 1371 401 1413 Alexandrina
432 1383 582 1422 causa,
613 1382 727 1423 quae
757 1368 885 1409 nobis
917 1366 1066 1408 adhuc
1095 1368 1275 1422 integra
1304 1370 1396 1419 est,
1425 1390 1478 1397 --
1508 1368 1578 1409 ni-

22 1416 25 1455 ἶ
87 1426 154 1468 hil
185 1427 305 1467 enim
334 1427 419 1468 tibi
449 1427 654 1468 detraxit
684 1428 880 1476 senatus,
910 1423 1001 1464 nisi
1029 1422 1104 1476 id,
1134 1423 1254 1478 quod
1284 1437 1365 1478 per
1393 1423 1579 1465 eandem

23 1482 25 1499 ²
87 1483 356 1537 religionem
386 1483 488 1524 dari
516 1482 653 1523 alteri
682 1493 770 1521 non
800 1483 950 1534 potest
976 1502 1031 1509 -—
1058 1479 1244 1521 videtur
1282 1481 1338 1520 ab
1367 1480 1451 1520 illo
1482 1480 1580 1536 pla-

21 1554 25 1584 ;
88 1552 143 1579 ne
173 1552 269 1579 esse
300 1539 519 1592 deposita.
588 1536 721 1578 Nunc
749 1535 799 1576 id
829 1547 1055 1590 speramus
1082 1535 1220 1590 idque
1249 1535 1487 1589 molimur,
1531 1538 1581 1577 ut

22 1599 25 1623 ¹
88 1607 187 1646 rex,
216 1607 352 1649 quum
381 1594 615 1646 intelligat
645 1604 758 1643 sese,
788 1591 908 1645 quod
938 1590 1192 1644 cogitabat,
1224 1594 1275 1632 ut
1304 1604 1331 1633 a
1358 1591 1581 1647 Pompeio

23 1654 25 1713 j
89 1649 346 1702 reducatur,
378 1650 556 1703 assequi
586 1661 676 1688 non
705 1659 836 1701 posse
866 1650 926 1697 et,
954 1647 1046 1686 nisi
1074 1660 1156 1702 per
1183 1651 1228 1687 te
1252 1647 1312 1688 sit
1332 1649 1583 1699 restitutus,

22 1759 24 1765 ,
89 1706 318 1746 desertum
364 1718 412 1746 se
461 1711 594 1759 atque
637 1704 862 1744 abiectum
900 1701 1024 1752 fore,
1070 1701 1389 1757 proficiscatur
1427 1703 1484 1744 ad
1522 1707 1584 1745 te.

89 1760 225 1811 Quod
265 1761 362 1802 sine
402 1761 497 1802 ulla
527 1760 834 1811 dubitatione,
874 1758 915 1799 si
941 1758 1187 1813 Pompeius
1216 1759 1420 1812 paullum
1449 1758 1584 1800 modo

22 1854 26 1860 .
91 1816 343 1858 ostenderit
371 1817 460 1858 sibi
490 1817 686 1872 placere,
716 1814 870 1856 faciet.
939 1813 1031 1855 Sed
1060 1815 1183 1855 nosti
1212 1813 1410 1855 hominis
1441 1815 1585 1856 tardi-

22 1913 25 1919 ,
91 1876 230 1915 tatem
259 1877 305 1914 et
334 1873 710 1914 taciturnitatem.
781 1870 878 1912 Nos
907 1872 1058 1911 tamen
1086 1869 1218 1923 nihil,
1248 1870 1371 1925 quod
1400 1870 1459 1912 ad
1490 1883 1588 1913 eam

15 2007 26 2029 ’ἴ
91 2015 134 2038 ra
158 2015 298 2047 nuova,
333 2004 465 2038 datirt.
522 2003 615 2038 Hier
646 2004 687 2038 in
721 2005 809 2038 dem
835 2002 1045 2038 sichersten
1071 2003 1194 2037 Hafen
1221 2003 1398 2037 landeten
1426 2003 1489 2037 die
1513 2004 1591 2038 R&-

94 2051 268 2086 mischen
302 2054 728 2097 Magistratspersonen.
756 2071 802 2078 —-
835 2052 1046 2087 Sardiniam
1071 2052 1308 2096 provinciam
1335 2053 1440 2097 gravi
1467 2054 1591 2093 coelo,

24 2111 25 2141 ζ
91 2107 235 2134 aestate
267 2101 503 2146 praesertim.
530 2101 633 2135 SCH.
668 2120 712 2126 —
762 2100 851 2136 XV.
886 2101 974 2134 Kal.
1002 2101 1139 2139 Mart„
1191 2112 1251 2133 am
1279 2101 1384 2135 l5ten
1411 2101 1590 2134 Februar.

22 2150 26 2187 ξ
92 2150 188 2181 Ante
222 2149 426 2194 scripserat
459 2159 497 2181 se
533 2149 632 2182 hanc
666 2149 736 2194 Ep.
771 2149 967 2194 scripsisse
998 2147 1095 2194 prid.
1129 2147 1185 2181 Id.
1221 2148 1335 2182 Febr.
1369 2148 1502 2194 Itaque
1528 2150 1592 2183 hie

15 2214 27 2226 a
91 2208 271 2230 numerus
299 2197 454 2230 vitiosus
478 2196 624 2231 videtur
650 2197 879 2230 Pontederae
905 2197 941 2230 in
960 2196 1030 2240 Ep.
1059 2208 1093 2240 p.
1119 2196 1203 2232 3-15.
1230 2196 1346 2231 ERN.
1387 2196 1594 2232 vielleieht

23 2254 26 2274 τ
93 2251 142 2294 ist
168 2245 262 2278 diess
289 2244 352 2278 das
379 2246 519 2279 Datum
545 2245 611 2279 der
636 2249 876 2291 verspiiteten
901 2243 1139 2288 Absendung.

222 2312 426 2347 PROCOS.
475 2312 603 2346 Novae
629 2312 694 2347 hic
720 2312 903 2359 epistolae
930 2323 973 2345 ex
999 2311 1155 2357 antiqua
1180 2313 1420 2346 correctione
1445 2312 1595 2347 initium

23 2369 26 2389 ι
93 2365 199 2393 recte
235 2361 415 2394 fecerunt
448 2360 540 2395 Lall.
574 2362 872 2407 Martyni-Lag.
908 2361 1061 2393 Schiitz.
1095 2361 1193 2393 Liin.
1229 2360 1427 2396 ORELLI.
1477 2362 1596 2407 Vulgo

24 2411 26 2458 ξ
94 2407 188 2442 haec
217 2408 382 2455 epistola
409 2409 612 2443 clausulam
639 2410 821 2456 epistolae
847 2410 894 2445 96
919 2408 964 2449 (Ι,
990 2410 1013 2443 5
1040 2407 1088 2441 ad
1112 2408 1220 2451 niv.)
1248 2409 1354 2443 facit.

196 2476 229 2510 1.
257 2486 444 2520 cognosse.
499 2477 560 2511 sie
586 2478 667 2513 Md.
695 2476 799 2514 Vict,
832 2478 862 2510 l.
887 2478 920 2511 2.
946 2475 1078 2509 Lamb.
1107 2486 1329 2518 cognoscere
1357 2476 1492 2515 Ceteri,
1520 2475 1599 2509 fre-

0 2531 25 2562 ζ
98 2523 340 2567 quentissimo
367 2525 549 2559 Italismo.
579 2526 777 2561 ORELLI.
805 2544 849 2549 —
876 2535 910 2558 α.
939 2525 971 2558 d.
1002 2523 1112 2557 1⁷111.
1131 2524 1186 2557 Id.
1209 2524 1331 2563 Febr„
1360 2534 1420 2556 am
1445 2523 1600 2558 sunften

2 2568 25 2594 J
97 2571 273 2606 Februar.
323 2574 358 2608 S.
386 2585 444 2619 ep.
471 2575 600 2616 XCIX,
626 2577 659 2610 2.
688 2594 732 2600 --
771 2572 936 2614 nimium,
961 2572 1093 2607 Lamb.
1122 2571 1285 2604 omnium.
1312 2589 1355 2596 —
1405 2582 1472 2615 per
1497 2573 1597 2606 caud.

0 2627 9 2671 ἶ
99 2618 224 2662 relig„
253 2631 315 2654 aus
343 2621 541 2661 desselben
564 2621 778 2658 Riicksicht
802 2622 872 2656 auf
898 2621 963 2654 das
990 2619 1142 2654 Orakel.
1192 2619 1227 2652 S.
1256 2630 1314 2665 ep.
1343 2619 1462 2662 XCII,
1490 2623 1509 2656 l
1539 2632 1599 2655 ⁸¹1¹

5 2674 26 2720 ’.ζ
98 2666 205 2700 Ende
230 2677 266 2702 u.
292 2669 329 2702 3·
356 2669 466 2712 XCV,
493 2672 528 2707 2.

194 2716 228 2751 2.
256 2715 442 2761 abiectum,
466 2719 506 2753 in
533 2719 607 2754 den
633 2718 748 2755 Staub
776 2717 986 2764 geworfen,
1013 2715 1171 2750 hiilflos.
1201 2732 1242 2739 —
1286 2714 1460 2758 hominis,
1489 2717 1597 2752 Pom-

1091 2762 1191 2808 22*
