1742 3006
190 62 287 112 282
468 61 531 105 M.
561 62 618 106 Τ.
649 60 995 105 CICERONIS
1025 62 1402 109 EPISTOLAE.

187 180 340 222 tantos
368 175 601 233 percipere
632 175 805 218 luctus!
847 174 965 218 Nam
1004 176 1116 232 quid
1155 191 1237 234 ego
1270 177 1326 220 de
1357 178 1579 223 Cicerone
1607 183 1677 226 di-

188 233 319 279 cam?
364 234 441 288 qui
471 246 607 287 quum
636 233 830 287 primum
859 245 1016 289 sapere
1047 236 1221 289 coepit,
1251 236 1567 279 acerbissimos
1596 238 1675 281 (lo-

185 292 310 334 lores
339 290 634 344 miseriasque
661 289 878 344 percepit.
938 289 1066 339 Quae
1097 291 1161 342 si,
1199 295 1249 331 tu
1279 295 1329 332 ut
1357 292 1544 347 scribis,
1582 293 1676 337 fato

186 347 313 390 sacta
349 350 581 400 putarem,
623 344 789 387 ferrem
830 345 984 400 paullo
1024 345 1233 388 facilius:
1275 347 1355 389 sed
1395 350 1548 390 omnia
1574 355 1678 393 sunt

186 417 287 445 mea
315 403 449 456 culpa
478 402 747 455 commissa,
776 403 854 456 qui
884 403 940 442 ab
970 401 1028 443 iis
1058 416 1128 444 me
1158 405 1300 445 amari
1330 406 1568 459 putabam,
1598 407 1677 461 qui

186 457 475 501 invidebant:
523 471 601 499 eos
638 472 727 499 non
766 459 1009 512 sequebar,
1053 459 1130 513 qui
1171 461 1394 515 petebant.
1464 461 1598 512 Quod
1637 463 1678 503 si

185 515 354 557 nostris
396 514 603 556 consiliis
643 516 712 555 usi
742 528 937 555 essemus
966 528 1110 570 neque
1139 516 1257 570 apud
1286 531 1368 558 nos
1397 519 1572 559 tantum
1599 530 1676 560 va-

183 572 348 614 luisset
385 585 532 612 sermo
562 574 639 612 aut
667 572 908 612 stultorum
952 571 1199 614 amicorum
1243 577 1320 614 aut
1355 573 1678 628 improborum,

183 627 436 669 beatissimi
465 628 732 668 viveremus.
790 625 944 678 Nunc,
975 628 1187 682 quoniam
1217 641 1398 683 sperare
1428 643 1508 671 nos
1539 630 1676 671 amici

181 684 365 737 iubent,
405 683 522 724 dabo
551 696 755 738 operam,
795 696 851 724 ne
880 696 980 724 mea
1007 683 1222 724 valetudo
1253 689 1330 725 tuo
1363 685 1510 727 labori
1542 686 1675 727 desit.

180 739 276 782 Res
305 744 471 795 quanta
499 739 585 792 sit,
615 739 826 793 intelligo
847 742 1103 794 quantoque
1123 738 1266 780 fuerit
1289 739 1474 782 facilius
1497 755 1676 784 manere

181 796 333 849 domi,
363 809 498 850 quam
529 795 694 837 redire.
763 795 852 836 Sed
882 799 1059 847 tamen,
1091 796 1131 836 si
1161 809 1313 837 omnes
1344 797 1548 838 tribunos
1578 799 1675 851 ple-

180 854 252 895 bis
280 851 516 904 habemus,
547 852 587 892 si
617 851 860 893 Lentulum
889 856 981 892 tam
1011 851 1288 902 studiosum,
1319 866 1452 907 quam
1479 853 1676 906 videtur,
1719 858 1738 883 -”

183 910 226 950 si
253 922 363 951 vero
394 909 531 949 etiam
553 907 822 963 Pompeium
851 911 897 948 et
925 907 1188 949 Caesarem:
1219 922 1306 948 non
1338 912 1407 950 est
1435 909 1674 962 desperan-

183 965 304 1006 dum.
362 964 435 1006 De
456 963 659 1016 familia,
689 963 913 1019 quomodo
943 963 1170 1016 placuisse
1201 965 1365 1005 scribis
1394 965 1578 1017 amicis,
1609 964 1675 1006 fa-

182 1022 369 1065 ciemus,
441 1020 514 1061 De
553 1020 681 1072 loco,
730 1032 850 1060 nunc
888 1018 1072 1073 quidem
1112 1021 1201 1061 iam
1240 1021 1354 1061 abiit
1390 1021 1675 1075 pestilentia:

181 1077 287 1130 sed,
317 1089 451 1130 quam
480 1075 561 1117 diu
589 1075 702 1128 fuit,
732 1089 802 1116 me
833 1088 922 1115 non
951 1076 1120 1130 attigit.
1182 1076 1423 1129 Plancius,
1454 1076 1588 1118 homo
1607 1076 1675 1118 of-

181 1132 526 1185 ficiosissimus,
555 1146 626 1173 me
651 1132 775 1187 cupit
795 1145 892 1172 esse
915 1144 1066 1172 secum
1091 1135 1136 1172 et
1157 1132 1306 1173 adhuc
1336 1134 1515 1174 retinet.
1575 1133 1676 1187 Ego

181 1190 391 1232 volebam
420 1189 524 1229 loco
567 1188 711 1242 magis
750 1187 930 1228 deserto
969 1200 1066 1228 esse
1107 1188 1154 1228 in
1194 1188 1362 1243 Epiro,
1405 1202 1493 1243 quo
1532 1201 1676 1243 neque

180 1246 331 1299 Hispo
359 1244 536 1286 veniret
564 1257 648 1284 nec
668 1243 860 1284 milites:
889 1243 969 1284 sed
991 1242 1141 1284 adhuc
1163 1244 1380 1286 Plancius
1401 1258 1472 1285 me
1495 1245 1673 1286 retinet.

182 1301 346 1357 Sperat
374 1313 505 1355 posse
534 1298 664 1351 fieri,
695 1303 744 1340 ut
773 1312 947 1340 mecum
978 1300 1025 1340 in
1056 1299 1241 1340 Italiam
1264 1300 1471 1342 decedat.
1531 1300 1676 1350 Quem

180 1429 309 1456 tamen
347 1420 551 1459 silendum,
596 1418 628 1451 si
660 1417 705 1450 de
746 1418 929 1451 Cicerone
961 1418 1046 1452 filio
1081 1418 1223 1463 cogito.
1272 1418 1370 1453 Nam
1396 1425 1470 1454 cet.
1503 1419 1591 1464 vgl.
1618 1430 1675 1464 ep.
1740 1442 1742 1447 .

181 1470 424 1505 CLXXXIII,
452 1466 777 1502 u.DCCGXLV1.
809 1466 845 1500 S.
872 1466 1028 1501 Ramsh.
1061 1469 1090 1511 ᾗ.
1127 1469 1205 1509 187,
1240 1466 1269 1510 I,
1307 1470 1338 1502 1.
1376 1488 1419 1494 —
1455 1472 1492 1501 tu
1518 1472 1569 1501 ul.
1613 1467 1674 1501 Sic

179 1519 262 1555 Md.
290 1519 387 1553 Vict.
418 1519 449 1551 l.
477 1518 510 1552 2.
539 1517 654 1561 Beng.
688 1514 827 1548 Bened.
860 1519 897 1548 ut
924 1518 962 1548 tn
991 1517 1088 1548 Crat.
1127 1515 1261 1549 Lamb.
1297 1516 1429 1549 Graev.
1463 1517 1553 1551 Ern.
1587 1514 1675 1549 Sch.

180 1569 279 1602 Liin.
322 1565 519 1601 ORELLI.
569 1564 773 1599 Consolata
808 1563 863 1596 sic
896 1570 976 1596 erat
1013 1564 1198 1597 Terentia
1237 1564 1458 1598 Ciceronem
1484 1566 1674 1597 maritum.

181 1635 230 1642 —-
254 1616 301 1650 ab
326 1616 386 1651 iis.
413 1616 475 1647 Sic
501 1614 621 1658 Neap.
651 1614 754 1648 Crat.
783 1611 912 1645 hamb.
939 1611 998 1644 lzz‘s
1024 1614 1116 1645 Cett.
1151 1624 1237 1645 cum
1269 1612 1350 1645 Md.
1384 1631 1430 1638 -
1463 1613 1525 1656 qni
1549 1612 1674 1653 inviti„

180 1677 211 1700 s.
239 1676 297 1710 ep.
325 1664 465 1702 LXIII,
492 1664 529 1697 5,
555 1662 630 1704 LX,
654 1659 840 1702 2.1‚X1V‚
859 1661 891 1694 2.
918 1677 959 1684 -
987 1671 1067 1693 mea
1084 1660 1192 1704 culpa
1219 1685 1225 1691 .
1247 1685 1254 1693 .
1282 1661 1356 1704 qui.
1385 1662 1418 1695 S.
1441 1672 1489 1694 zu
1511 1671 1569 1706 ep.
1592 1661 1674 1701 219,

179 1715 217 1749 3.
244 1732 290 1737 —
324 1712 385 1756 qui
419 1711 585 1755 petebant
616 1711 644 1747 i.
673 1721 704 1743 e.
737 1708 959 1753 expetebant
996 1720 1056 1742 me
1082 1715 1119 1740 et
1152 1708 1362 1741 amicitiam
1394 1720 1531 1742 meam.
1558 1708 1673 1741 ERN.

181 1762 383 1795 caesarem
405 1759 640 1804 potissimum
658 1757 863 1801 significat,
891 1767 910 1787 a
931 1767 1002 1800 quo
1025 1757 1097 1790 sibi
1119 1757 1281 1790 oblatam
1306 1758 1530 1801 legationem
1550 1769 1675 1802 asper-

180 1815 294 1844 natus
319 1814 411 1841 erat.
438 1801 654 1841 SCHUTZ.
694 1805 775 1838 Vid.
805 1816 866 1850 ep.
892 1805 1091 1840 Dccxffl.
1119 1807 1250 1845 XLIV,
1277 1807 1311 1840 3.
1338 1807 1455 1847 XLV,
1483 1807 1518 1840 5.

280 1858 315 1892 2.
346 1856 447 1892 Quod
469 1855 503 1888 si
531 1881 539 1890 .
567 1881 575 1888 .
603 1855 661 1887 usi
687 1863 861 1893 essemus,
888 1852 982 1887 hatt’
999 1853 1065 1886 ich
1085 1854 1180 1886 nach
1199 1854 1344 1887 meiner
1361 1854 1523 1901 eigenen
1550 1845 1676 1887 Uber-

181 1915 359 1954 zeugung
385 1903 602 1948 gehandelt.
629 1923 672 1928 —
699 1901 879 1945 quoniam.
908 1902 970 1935 Sic
999 1904 1098 1935 Crat.
1127 1913 1192 1945 quo
1220 1914 1305 1935 cum
1333 1903 1436 1936 linea
1461 1902 1545 1937 Md.
1573 1911 1677 1944 qztom

182 1954 282 1987 vict.
307 1955 341 1989 2.
371 1963 475 1996 quum
503 1952 604 1985 vict.
634 1953 664 1984 1.
700 1951 836 1984 Graev.
863 1950 955 1983 Ern.
981 1951 1120 1984 Bcned.
1149 1950 1234 1983 Sch.
1264 1952 1358 1983 Li'in.
1387 1951 1529 1995 quando
1555 1951 1673 1994 Neap.

181 2003 268 2037 Asc.
297 2004 328 2036 1.
356 2001 488 2034 Lamb.
517 1999 716 2034 ORELLI.
769 1998 888 2031 Allein
922 1998 1089 2041 quoniam
1113 2000 1164 2031 ist
1189 1999 1354 2043 richtig,
1390 2000 1475 2032 weil
1502 2009 1541 2031 es
1567 1998 1675 2031 einen

183 2063 262 2086 von
288 2050 353 2084 der
371 2051 601 2094 Gegenwart
626 2046 850 2080 entlehnten
873 2047 1006 2079 Grund
1031 2047 1233 2092 ankniipst.
1260 2067 1304 2072 -—
1332 2047 1431 2080 (lesit.
1460 2048 1497 2082 h.
1518 2057 1549 2081 e.
1578 2046 1673 2079 dabo

186 2111 366 2146 operam,
401 2110 446 2130 ne
473 2097 725 2130 valetudinem
758 2107 878 2128 meam
905 2096 1075 2138 affligam
1102 2101 1163 2127 aut
1190 2096 1397 2140 perieulum
1423 2094 1519 2128 mihi
1547 2105 1675 2127 accer-

184 2160 290 2190 sam,
317 2159 390 2192 quo
418 2153 502 2180 tuus
528 2146 636 2178 labor
661 2144 790 2177 irritus
818 2144 895 2176 fiat.
922 2142 1266 2178 MELANCHTJI.
1295 2164 1339 2169 —
1368 2145 1439 2177 Res
1458 2146 1591 2187 quanta
1610 2143 1673 2180 sil,

184 2207 300 2242 quam
327 2195 483 2227 difficile
508 2196 680 2228 futurum
708 2193 777 2231 sit,
805 2198 845 2225 ut
872 2203 1038 2224 revocer.
1067 2211 1111 2216 —
1137 2202 1284 2225 manere
1309 2193 1336 2225 i.
1356 2204 1388 2224 e.
1406 2192 1600 2233 obtinere,
1627 2201 1675 2222 ne

186 2244 407 2291 expellerer,
434 2255 544 2288 quam
564 2253 661 2275 nunc
677 2243 881 2286 impetrare
907 2241 1205 2273 restitutionem.
1235 2260 1279 2264 —
1306 2239 1473 2273 habemus
1497 2240 1581 2273 scil.
1609 2250 1675 2270 no-

185 2294 246 2327 bis
272 2292 452 2326 faventes.
488 2310 534 2315 -
575 2290 764 2323 Lentulum
791 2289 989 2322 consulem.
1029 2290 1061 2321 S.
1090 2300 1147 2333 ep.
1176 2289 1375 2332 LXXVIII,
1409 2290 1443 2324 2.
1477 2288 1676 2321 studiosam

185 2341 319 2376 nostri.
348 2359 392 2365 —-
419 2340 451 2373 si
476 2350 579 2373 vero.
605 2339 639 2372 S.
668 2338 826 2374 Ramsh.
855 2338 886 2382 ς.
914 2339 994 2372 190.
1023 2337 1133 2369 Anni.
1164 2340 1200 2373 3,
1226 2339 1262 2373 4,

284 2410 317 2445 3.
345 2408 402 2442 De
436 2407 501 2444 (In
535 2407 703 2446 Betreff)
733 2405 888 2447 familia
922 2416 1116 2438 servorum
1150 2416 1323 2446 suorum,
1360 2403 1407 2436 de
1441 2403 1597 2448 quibus,
1627 2413 1673 2435 an

186 2456 483 2491 manumittendi
509 2462 647 2493 essent,
674 2455 928 2497 interrogatus
954 2460 1045 2487 erat.
1073 2448 1291 2487 SCHU'J'Z.
1319 2452 1400 2485 Vid.
1428 2464 1484 2497 ep.
1511 2450 1610 2490 LIX,
1638 2452 1672 2484 4.

190 2524 234 2530 —
260 2506 396 2539 scribis
421 2504 560 2537 amicis.
585 2504 646 2536 Sic
662 2503 740 2536 Md.
764 2506 862 2535 Crat.
885 2502 980 2536 vict.
1000 2505 1030 2536 1.
1050 2503 1082 2536 2.
1100 2512 1168 2535 am.
1192 2501 1324 2534 scribis
1348 2502 1444 2533 Cett.
1475 2498 1674 2533 ORELLI.

191 2572 235 2579 —-
264 2554 320 2588 De
345 2554 446 2591 Ioco,
473 2563 550 2585 was
577 2552 676 2585 diese
696 2551 850 2595 Gegend
870 2551 1031 2584 betrifft.
1060 2568 1102 2573 —
1135 2549 1314 2582 Plancius.
1343 2550 1377 2582 S.
1396 2561 1452 2594 ep.
1471 2545 1674 2584 LXXVIII,

190 2604 224 2636 1.
252 2620 294 2627 —
323 2602 450 2644 Hispo.
478 2600 540 2633 Sic
567 2601 682 2645 Neap.
709 2601 790 2634 Asc.
819 2604 847 2634 l.
876 2599 971 2632 Vict.
998 2601 1030 2634 2,
1059 2599 1187 2630 Lamb.
1215 2599 1304 2631 Ern.
1333 2597 1411 2640 ipso
1444 2596 1522 2630 Md.
1558 2595 1677 2640 Hyspo

193 2651 296 2683 Crat.
323 2651 423 2682 Vict.
457 2651 489 2684 l.
528 2649 649 2693 Hypso
676 2649 813 2684 Graev.
850 2647 990 2683 Bened.
1018 2646 1105 2680 I'iso
1143 2648 1187 2686 (v.
1222 2657 1278 2689 ep.
1308 2645 1512 2685 LXXVIII,
1543 2644 1587 2683 l.)
1620 2641 1675 2674 vel

191 2698 268 2741 ipsc
296 2700 363 2740 (se.
393 2698 492 2737 Piso)
521 2700 625 2732 Man.
643 2709 737 2742 susp.
759 2698 835 2740 ipse
852 2707 977 2741 recep.
998 2695 1149 2730 Selium.
1180 2693 1377 2728 ORELLI.
1404 2691 1677 2726 Melanchthon

192 2746 390 2791 Hisponem
426 2746 598 2792 opinatur
640 2746 752 2780 tuisse
792 2745 1028 2791 praesectum
1069 2743 1310 2785 cohortium,
1350 2742 1412 2788 qui
1453 2741 1677 2777 Ciceronem
