1742 3006
530 110 849 154 EPISTOLA
878 111 1004 154 CIX.
1039 111 1137 156 CX.
1483 112 1575 161 365

93 223 284 273 scribat,
326 234 460 276 rogo,
491 221 563 263 fac
594 227 641 264 ut
669 224 723 264 ab
752 236 803 264 eo
833 235 1002 265 sumas:
1031 224 1159 266 valde
1189 224 1302 265 bena
1333 227 1423 267 est:
1455 238 1579 266 eum«

94 293 177 333 que
207 283 254 320 ut
283 283 547 332 approperet
576 279 850 321 adhorteris:
890 283 949 330 et,
979 281 1096 333 quod
1126 279 1237 321 mihi
1265 294 1312 322 se
1339 281 1403 322 ita
1432 280 1573 323 sactu-

92 348 194 376 rum
224 334 470 388 rescripsit,
499 347 604 389 agas
632 337 812 389 gratias.
872 335 1067 375 Domum
1089 340 1302 389 nostram,
1331 337 1474 392 quoad
1496 351 1573 391 po-

94 392 218 442 teris,
247 389 424 487 imisaasl'
483 390 698 434 Vestorio
728 390 895 446 aliquid
925 391 1177 446 significe53
1205 392 1332 435 valde
1361 394 1476 435 enim
1507 398 1574 434 est

95 447 138 488 iu
167 461 238 489 me
266 446 376 488 liber
421 445 470 487 is.

415 660 735 705 EPISTOLA
766 663 869 707 CX.
939 664 1048 716 (Λα.
1079 664 1160 706 IV.
1191 666 1251 714 7.)

163 736 241 769 Ser.
268 736 305 768 in
333 736 418 771 vina
442 738 627 783 Arpinati,
654 750 782 772 mense
808 740 915 774 Maio
942 740 985 778 A.
1013 741 1056 773 U.
1083 741 1124 775 c.
1151 741 1231 776 698.
1282 740 1330 780 (a.
1360 741 1398 773 c,
1426 741 1500 782 56.)

93 805 231 850 Quinto
258 804 336 837 filio
365 805 497 839 melius
523 816 599 839 esse
625 806 814 848 laetatur3
847 807 884 840 in
919 807 1162 852 Apollonium
1196 807 1403 841 invehitur.
1438 809 1463 841 Ι.
1509 818 1574 852 pe-

95 853 241 886 cuniam
268 854 425 886 Metello
451 865 568 898 nuper
592 861 746 887 mortuo
782 855 828 888 ab
856 856 983 888 Attico
1016 863 1185 889 mutuam
1220 856 1345 888 datam
1371 855 1406 888 ei
1432 856 1574 901 peritu-

92 912 172 934 mm
198 908 321 946 negat.
350 903 384 936 2.
437 902 483 935 de
509 902 622 934 domo
648 902 824 935 mundata
850 909 889 936 ut
914 910 1031 945 curet,
1060 910 1190 947 rogam
1241 904 1436 948 Arpinates
1463 905 1574 937 fratri

548 950 688 995 Quinto
715 950 828 983 irasci
855 950 1060 995 significat.
1086 953 1121 986 3.

603 1036 788 1071 CICERO
814 1036 999 1073 ATTICO
1025 1037 1059 1072 S.

176 1106 179 1108 ’
203 1103 329 1147 Nihil
358 1102 631 1154 εὐκαιρότερον
658 1103 851 1158 epistola
879 1105 981 1157 tua,
1008 1117 1121 1159 quae
1151 1117 1222 1146 me
1251 1104 1493 1147 sollicitum
1523 1105 1578 1147 de

94 1159 262 1209 Quinto
291 1164 464 1212 nostro,
504 1172 640 1214 puero
670 1159 855 1213 optimo,
884 1161 1015 1202 valde
1042 1161 1215 1202 levavit.
1275 1161 1472 1203 Venerat
1499 1161 1578 1204 ho-

95 1217 156 1257 ris
186 1217 351 1258 duabus
381 1220 481 1257 ante
511 1214 810 1270 Chaerippus;
839 1229 964 1257 mera
992 1220 1192 1258 monstra
1220 1218 1458 1259 nuntiarat.
1511 1219 1578 1259 De

96 1274 334 1326 Apollonio
365 1272 483 1326 quod
512 1271 686 1322 scribis,
715 1270 791 1325 qui
819 1271 887 1312 illi
915 1272 982 1312 dii
1011 1273 1143 1314 irati!
1187 1271 1356 1314 homini
1387 1274 1577 1326 Graeco,

94 1329 168 1380 qui
207 1329 470 1369 conturbare
509 1326 686 1380 quidem
726 1330 851 1380 putat
880 1328 967 1369 sibi
996 1328 1159 1377 licere3
1211 1328 1329 1382 quod
1359 1330 1576 1384 equitibus

98 1383 330 1426 Romanis:
362 1396 463 1425 nam
493 1381 731 1424 Terentius
761 1396 839 1424 suo
869 1384 981 1426 iure.
1050 1384 1121 1426 De
1150 1383 1357 1437 Metello,
1387 1384 1463 1432 οὐχ
1491 1383 1577 1437 ὁσίη
1612 1399 1639 1438 2

95 1501 154 1535 die
189 1501 418 1535 Geschichte
450 1503 592 1536 meines
632 1502 837 1537 Consulats.
867 1521 908 1528 —
960 1507 998 1537 ut
1022 1508 1263 1548 approperet,
1303 1504 1385 1539 dass
1416 1517 1456 1538 er
1490 1506 1575 1540 bald

93 1551 203 1583 Hand
238 1554 312 1582 nn's
339 1550 456 1583 XVerk
479 1550 574 1599 lege.
602 1569 647 1575 —
681 1551 833 1584 Domum
860 1575 867 1584 .
898 1578 907 1587 .
934 1551 1085 1586 invisas.
1142 1553 1234 1601 Vgl.
1267 1564 1323 1599 ep.
1350 1554 1445 1592 CVI,
1471 1555 1503 1588 3.
1533 1573 1574 1579 ——

95 1599 138 1634 C.
170 1597 361 1641 Vestorio,
398 1599 518 1632 einem
546 1599 699 1632 reichen
727 1600 941 1644 Banquier‚
983 1600 1051 1634 der
1075 1601 1116 1633 in
1143 1601 1271 1635 diesen
1296 1603 1451 1636 Briefen
1479 1601 1578 1636 noch

96 1647 152 1679 oft
179 1645 348 1679 erwiihnt
375 1647 478 1680 wird.
521 1659 552 1680 z.
582 1649 623 1681 B.
651 1659 709 1692 ep.
737 1649 869 1682 CLVI.
899 1664 939 1672 --
968 1648 1057 1692 aliq.
1082 1648 1179 1690 sign.
1198 1649 1223 1683 i.
1251 1660 1283 1683 e.
1311 1651 1373 1684 fac
1397 1657 1440 1684 ut
1465 1652 1576 1684 intel·

95 1694 187 1738 ligat
219 1695 346 1739 aliquo
379 1695 514 1733 modo,
559 1706 641 1728 eum
677 1696 771 1729 mihi
803 1702 839 1728 et
872 1696 943 1729 tibi
978 1703 1127 1743 gratum
1154 1697 1301 1740 facere,
1327 1711 1441 1745 quum
1466 1700 1514 1733 sit
1539 1700 1577 1732 in

95 1754 154 1775 me
179 1749 255 1776 tam
280 1743 462 1776 liberalis.
492 1743 606 1777 ERN.
634 1744 736 1788 „Sag
762 1744 842 1777 ihm
866 1745 992 1778 Etwas
1019 1745 1336 1780 verbindliches.“

193 1806 221 1838 1.
265 1801 624 1851 εὐκαιρότερον,
674 1806 941 1850 opportunius,
973 1806 1171 1851 gelegener
1196 1819 1261 1841 zur
1287 1808 1577 1855 Erleichterung

95 1853 238 1886 meiner
269 1854 587 1888 Bekiimmerniss.
647 1853 757 1888 Nihil
786 1850 872 1890 εὐκ,
909 1854 1069 1899 iungunt
1112 1867 1197 1889 cum
1239 1867 1295 1902 ep.
1330 1858 1504 1903 praeced.
1534 1877 1575 1882 —

98 1901 239 1943 Quinto,
266 1901 349 1935 dem
375 1902 495 1935 Sohne
523 1902 585 1934 des
611 1901 768 1943 Quintus
800 1902 873 1936 und
898 1903 1034 1936 Neffen
1060 1903 1123 1936 des
1150 1905 1272 1939 Marc.
1300 1906 1400 1941 Tull.
1431 1906 1575 1940 Cicero.

95 1967 138 1975 —-
164 1948 400 1994 Chaerippus,
429 1951 489 1984 cin
515 1951 773 1994 Hausgenosse
807 1951 870 1983 des
896 1951 1055 1997 Quintus
1085 1953 1239 1994 Cicero,
1276 1966 1319 1988 zu
1345 1954 1474 1987 dessen
1501 1955 1577 1989 Ge-

93 1997 195 2042 solge
219 1998 259 2030 in
286 2000 395 2031 Asien
421 1998 591 2044 geborig.
637 1999 670 2032 S.
700 2010 756 2044 ep.
783 1999 894 2041 XXX,
924 2001 980 2033 14.
1007 2018 1053 2025 —
1078 2004 1263 2043 monstra,
1305 2014 1484 2047 magnum
1511 2013 1577 2048 pe-

94 2046 253 2078 riculum
280 2045 411 2087 Quinti
436 2046 677 2092 aegrotantis.
704 2047 820 2082 ERN.
848 2047 910 2080 die
936 2048 1245 2082 fiirehterlichste
1266 2051 1479 2095 Erziihlung
1504 2061 1576 2085 von

95 2094 217 2126 seiner
243 2094 462 2128 Krunkhcit.
489 2113 532 2119 —
572 2094 628 2127 De
653 2095 880 2138 Apollonio,
906 2095 1057 2129 homine
1084 2097 1247 2131 Graeco.
1276 2117 1320 2124 —
1355 2098 1415 2143 qu?
1438 2099 1501 2133 illi
1525 2099 1577 2132 dii

94 2142 190 2174 irali
223 2143 248 2175 i.
281 2153 311 2175 e.
337 2143 474 2175 utinam
510 2143 566 2176 illi
600 2143 653 2176 dii
686 2144 774 2177 irati
808 2144 902 2177 sint!
951 2144 1000 2177 So
1037 2146 1187 2178 Terent.
1216 2145 1370 2180 Phorm.
1396 2148 1426 2190 1,
1453 2149 1486 2190 2,
1513 2149 1577 2183 73:

95 2192 160 2235 qui
179 2195 214 2222 te
232 2190 281 2222 dii
303 2191 497 2235 perduint!
524 2192 637 2224 Plaut.
651 2191 891 2226 Menaechm.
906 2190 950 2231 V,
968 2193 1069 2235 5‚31.
1097 2192 1203 2236 „hol’
1220 2194 1286 2228 ihn
1301 2195 1576 2230 derHenker!“

97 2257 138 2261 —-
165 2237 299 2271 homini
322 2239 480 2281 Graeco,
523 2240 593 2272 den
621 2240 900 2273 Griechischen
934 2239 1080 2274 Wicht.
1134 2243 1238 2276 Eben
1267 2255 1308 2277 so
1334 2243 1576 2278 verfichtlich

96 2285 294 2319 Graeculus
328 2288 364 2319 in
404 2287 480 2321 Cic.
509 2288 555 2320 de
582 2288 685 2321 Orat.
714 2289 743 2329 1,
773 2289 828 2323 22.
856 2289 961 2324 Orat.
989 2290 1059 2323 Pis.
1085 2290 1143 2324 29.
1170 2298 1256 2335 post
1280 2293 1360 2325 red.
1387 2293 1426 2326 in
1451 2293 1574 2326 Senat.

94 2335 126 2369 6.
145 2334 242 2369 Sext.
259 2335 315 2369 51.
341 2353 389 2360 -
414 2336 632 2369 conturbare
654 2336 849 2370 solutionis
873 2337 1048 2377 rationes,
1077 2337 1292 2373 Schikanen
1310 2341 1400 2374 aller
1415 2343 1480 2375 Art
1495 2353 1575 2374 ma-

94 2382 213 2422 chen,
265 2394 325 2416 um
359 2384 419 2416 die
444 2384 663 2430 Bezahlung
696 2385 816 2418 seiner
841 2385 1030 2419 Schulden
1065 2387 1194 2420 weiter
1228 2396 1459 2423 auszusetzen
1485 2389 1576 2423 oder

93 2441 135 2462 zu
161 2432 403 2477 vcrwcigern.
452 2433 642 2466 Manutius
667 2433 819 2474 erkffirt,
844 2434 957 2477 „dem
979 2434 1140 2479 iiingern
1160 2436 1370 2484 Gliiubiger
1399 2449 1466 2470 vor
1491 2437 1575 2471 dem

95 2478 213 2510 iilteru
240 2480 471 2521 bezahlen‚“
514 2492 586 2513 was
612 2481 708 2515 nach
738 2483 842 2514 Orat.
867 2482 992 2515 Plane.
1018 2494 1054 2516 c.
1083 2484 1128 2519 28
1153 2495 1224 2517 nur
1248 2486 1317 2519 den
1344 2486 1494 2518 Rittcrn
1521 2486 1573 2518 als

96 2525 402 2571 staatspiichtern
437 2529 584 2561 erlaubt
610 2541 694 2563 war.
745 2530 866 2562 Allein
896 2531 1027 2563 Cicero
1054 2532 1222 2565 scherzt:
1275 2534 1397 2574 „W'fls
1431 2545 1471 2566 so
1511 2534 1573 2566 ein

98 2575 392 2610 Versehwcnder
424 2577 629 2618 (decoctor
663 2584 701 2610 et
732 2578 870 2611 malum
906 2581 1067 2621 nomen)
1101 2580 1175 2613 und
1212 2581 1320 2614 bisscr
1357 2580 1572 2618 Schuldner.

99 2622 165 2653 wie
190 2623 398 2665 Terentius,
427 2626 485 2658 ein
513 2626 737 2659 Romischer
762 2627 909 2668 Ritter,
937 2627 1021 2660 sich
1049 2628 1222 2670 erlaubc‚
1250 2629 1314 2662 das
1341 2629 1452 2663 diirie
1470 2631 1572 2664 doch

97 2670 155 2702 ein
184 2669 403 2706 Griechlcin
429 2672 539 2707 nicht
564 2685 700 2718 wagen.
743 2685 806 2708 suo
832 2675 914 2708 iure
938 2676 983 2708 ist
1010 2676 1086 2709 also
1114 2676 1262 2708 ironic!
1312 2676 1463 2712 Attikus
1488 2678 1572 2712 hat-

96 2724 132 2750 te
159 2718 230 2752 wol
257 2718 390 2753 beiden
418 2721 513 2755 Geld
537 2722 722 2766 gelichen.

187 2768 217 2801 2.
250 2765 303 2799 De
328 2769 491 2810 Metello,
517 2780 591 2803 was
619 2771 687 2804 den
715 2771 892 2805 Metellus
920 2771 1076 2806 betrifft.
1145 2774 1190 2806 Es
1223 2773 1314 2807 lssst
1339 2774 1421 2808 sich
1466 2776 1570 2809 nicht
