1742 3006
154 88 248 135 572
425 91 487 133 Μ.
518 91 575 135 Τ.
607 91 950 136 CICERONIS
979 93 1358 139 EPISTOLAE.

153 202 220 242 hil
247 206 308 265 ‘te
338 203 396 300 ag
425 216 494 244 me
521 208 676 258 postea
705 204 941 261 scripsisse
979 207 1200 259 demiror,
1240 209 1502 264 praesertim
1545 215 1632 250 tam

153 271 282 300 novis
313 272 359 300 re
391 272 456 300 us.

372 412 980 457 EPISTOLA-CLXXIV.
1033 416 1109 467 (ad
1139 416 1245 458 Div.
1276 416 1339 459 ΙΙ,
1373 418 1433 467 4.)

479 492 562 528 Ser.
590 495 731 529 Romae
755 495 801 530 Λ.
828 495 874 530 U.
902 495 943 530 C.
972 497 1052 531 701.
1089 497 1137 536 (a.
1165 496 1205 531 C.
1233 498 1307 539 53.)

149 561 308 594 Diversa
333 559 468 593 scribit
495 560 743 606 epistolarum
769 572 910 608 genera
937 572 1030 602 esse,
1057 571 1216 606 quorum
1241 561 1316 596 hoc
1341 568 1515 607 tempore
1543 563 1629 595 nul-

147 608 228 641 lum
256 607 327 641 sibi
354 608 400 641 ad
426 608 634 643 Curionem
661 609 874 644 conveniat.
925 608 1039 643 Nihil
1066 609 1191 653 itaque
1218 621 1423 655 superesse,
1451 621 1562 654 quam
1589 618 1630 644 ut

339 667 424 691 eum
450 657 497 690 ad
522 656 687 691 studium
713 668 879 692 summae
907 657 1027 691 laudis
1052 657 1289 692 cohortetur.
1319 660 1443 694 1—2.

535 729 584 762 Μ.
610 727 788 765 CICERO
820 728 857 763 S.
883 729 928 763 D.
954 729 994 764 C.
1023 728 1242 764 CURIONI.

255 802 561 858 Epistolarum
609 815 773 857 genera
820 802 962 843 multa
1015 815 1109 843 esse
1159 815 1247 842 non
1288 801 1491 857 ignoras:
1547 802 1627 843 sed

143 871 279 900 unum
307 858 427 900 illud
457 857 766 905 certissimum,
795 858 923 899 cuius
952 872 1086 900 causa
1113 856 1291 900 inventa
1322 871 1394 900 res
1423 857 1519 913 ipsa
1546 862 1628 903 est,

144 920 194 957 ut
222 914 438 957 certiores
467 913 714 956 faceremus
743 915 956 960 absentes,
995 913 1036 955 si
1064 912 1174 968 quid
1214 918 1345 960 esset,
1389 913 1508 969 quod
1549 928 1626 954 eos

142 970 261 1013 scire
289 975 367 1011 aut
395 975 549 1012 nostra
587 974 664 1011 aut
700 970 900 1025 ipsorum
939 968 1188 1010 interesset.
1259 969 1406 1012 Huius
1444 969 1625 1023 generis

141 1027 300 1068 literas
330 1039 357 1066 a
384 1039 453 1067 me
481 1025 689 1081 profecto
729 1039 815 1066 non
853 1029 1102 1080 exspectas.
1176 1026 1378 1068 Tuarum
1408 1025 1524 1065 enim
1555 1038 1624 1065 re-

141 1096 241 1125 rum
271 1082 540 1123 domesticos
571 1081 709 1122 habes
739 1086 783 1122 et
811 1081 1053 1135 scriptores
1084 1085 1128 1121 et
1156 1082 1348 1124 nuntios.
1418 1080 1473 1121 In
1512 1080 1624 1121 meis

140 1142 287 1180 autem
317 1139 448 1180 rebus
472 1133 593 1182 'nihil
625 1141 694 1178 est
722 1150 827 1178 sane
854 1135 973 1178 novi.
1039 1135 1237 1192 Reliqua
1278 1141 1381 1179 sunt
1410 1137 1623 1192 epistola-

142 1208 239 1237 rum
268 1206 431 1248 genera
459 1192 564 1239 duo,
601 1205 716 1248 quae
745 1206 816 1233 me
845 1205 1003 1246 magno
1032 1206 1166 1247 opere
1196 1193 1447 1235 delectant:
1487 1205 1622 1233 unum

140 1249 366 1291 familiare
404 1253 449 1290 et
488 1248 703 1296 iocosum,
744 1248 937 1290 alterum
974 1261 1181 1289 severum
1221 1253 1266 1290 et
1295 1262 1444 1303 grave.
1503 1249 1622 1289 Utro

139 1320 208 1347 me
245 1304 391 1346 minus
430 1303 586 1345 deceat
622 1304 705 1351 uti,
742 1316 828 1344 non
865 1303 1091 1358 intelligo,
1149 1304 1338 1345 Iocerne
1366 1309 1511 1345 tecum
1539 1317 1623 1358 per

140 1362 321 1403 literas?
379 1359 538 1402 Civem
566 1359 825 1401 mehercule
855 1373 942 1401 non
970 1367 1081 1415 puto
1106 1373 1216 1406 esse,
1245 1360 1324 1416 qui
1346 1359 1620 1414 temporibus

138 1417 212 1460 his
251 1415 401 1458 ridere
440 1415 596 1471 possit.
655 1416 725 1458 An
768 1415 949 1469 gravius
991 1414 1166 1470 aliquid
1207 1416 1423 1457 scribam?
1495 1415 1619 1465 Quid

138 1479 220 1520 est,
250 1472 371 1527 quod
400 1471 542 1528 possit
570 1471 773 1527 graviter
801 1485 826 1511 a
856 1471 1075 1513 Cicerone
1106 1471 1247 1513 scribi
1276 1472 1334 1512 ad
1364 1471 1620 1518 Curionem,

136 1529 228 1573 nisi
259 1530 314 1570 de
343 1542 392 1570 re
421 1527 629 1583 publica?
669 1528 818 1582 Atque
846 1527 892 1568 in
922 1527 1010 1568 hoc
1039 1541 1201 1581 genere
1229 1527 1343 1568 haec
1370 1540 1468 1568 mea
1488 1540 1621 1568 causa

137 1590 229 1632 est,
276 1588 327 1626 ut
365 1583 396 1637 -ξ-
425 1597 571 1639 neque
607 1597 681 1630 ea,
721 1596 834 1639 quae
863 1597 981 1625 nunc
1019 1584 1192 1629 sentio,
1230 1583 1368 1624 velim
1407 1583 1617 1624 scribere.

135 1702 285 1751 gehen!
325 1721 366 1727 -
403 1705 480 1736 tam
507 1700 609 1736 novis
635 1701 721 1743 reb„
755 1700 882 1734 zumal
908 1699 968 1735 bei
994 1699 1065 1734 den
1091 1698 1363 1748 Neuigkciten‚
1395 1698 1456 1733 die
1481 1710 1618 1748 vorge—

134 1751 256 1786 fallcn
281 1749 376 1782 sind.

231 1797 460 1832 CURIONI.
512 1796 550 1830 S.
577 1809 627 1831 zu
652 1808 708 1842 ep.
736 1797 883 1831 CLXVI
916 1796 969 1831 im
996 1797 1082 1830 Ans.
1133 1816 1176 1822 —
1227 1795 1470 1830 certissimum
1506 1796 1617 1838 (For-

133 1855 250 1882 tasse:
277 1846 543 1879 creberrimum.
573 1844 812 1887 ORELLI.).
841 1870 849 1877 .
877 1873 886 1881 .
914 1846 1080 1879 absentes
1105 1850 1188 1883 etc..
1216 1845 1334 1887 „aber
1359 1844 1420 1877 die
1446 1844 1531 1879 eine
1548 1845 1618 1878 Art

134 1908 209 1930 von
236 1894 403 1936 Briefen,
429 1905 493 1926 um
520 1892 792 1927 derentwillen
817 1893 879 1926 das
907 1892 1214 1927 Briefschreiben
1237 1891 1530 1940 aufgekommcn
1557 1893 1616 1933 ist,

136 1943 302 1976 n'a'mlich
333 1941 484 1975 Andere
517 1953 565 1974 zu
597 1940 942 1989 benachrichtigen
968 1952 1005 1973 u.
1033 1952 1063 1974 s.
1090 1952 1155 1978 w.,
1191 1938 1291 1973 sieht
1326 1952 1411 1973 man
1438 1951 1497 1973 am
1523 1940 1616 1973 hisu-

134 1992 312 2025 firrsten.“
361 1988 619 2036 Vollst'zindig:
649 2000 708 2021 eas
734 1988 906 2022 inventas
932 1999 1012 2022 esse
1037 1994 1250 2033 propterea,
1276 1992 1314 2021 ut
1339 1992 1427 2022 cert.
1446 1994 1517 2022 cet.
1569 1987 1617 2022 So

133 2023 264 2088 li‘ssgen
299 2039 354 2072 ost
390 2037 498 2071 S'dtze
539 2037 591 2069 im
632 2036 988 2083 zusammenhange
1031 2036 1139 2070 einer
1176 2035 1278 2069 Rede
1319 2036 1522 2070 versteckt.
1578 2035 1614 2069 S.

134 2087 286 2122 Ramsh.
313 2087 340 2128 §.
367 2087 448 2126 205,
473 2087 507 2119 5.
557 2085 814 2126 certissimum,
839 2085 994 2119 worauf
1015 2095 1100 2116 man
1123 2083 1293 2117 rechnen
1320 2083 1396 2116 und
1424 2083 1507 2117 sich
1532 2095 1616 2117 ver—-

135 2137 256 2170 lassen
283 2134 384 2167 kann
420 2133 455 2167 d.
482 2133 506 2165 i.
543 2132 602 2167 die
628 2145 714 2166 man
740 2144 799 2165 am
826 2132 1083 2166 Gewissesten
1111 2133 1321 2178 empfzingt,
1355 2131 1433 2166 also
1459 2146 1508 2163 z
1534 2143 1613 2166 cre-

133 2184 354 2217 berrimum.
406 2180 455 2215 So
483 2181 566 2214 sind
599 2181 852 2214 Orat.Mani1.
889 2191 920 2214 c.
948 2182 980 2215 2.
1019 2179 1229 2213 certissima
1267 2179 1470 2227 vectigalia
1518 2180 1613 2212 Ein-

134 2232 284 2272 Iniuste,
318 2231 384 2263 auf
414 2229 474 2262 die
500 2241 585 2262 man
612 2228 730 2262 bauen
754 2228 869 2271 kann,
905 2227 965 2260 die
991 2227 1100 2261 nicht
1126 2224 1354 2261 ausblciben.
1402 2245 1444 2252 —
1486 2226 1611 2271 sacer.

133 2281 210 2314 abs.
261 2278 296 2312 S.
324 2278 473 2311 Grotef.
502 2277 530 2318 §.
557 2277 638 2311 441.
693 2295 734 2301 —
786 2277 984 2310 interesset.
1035 2275 1071 2309 S.
1107 2275 1259 2310 Ranish.
1297 2275 1325 2317 §.
1354 2276 1432 2309 114.
1466 2274 1612 2309 Grotef.

134 2328 163 2370 §.
191 2328 271 2364 240.
306 2345 353 2351 —-
388 2324 516 2358 Huius.
552 2324 623 2358 Md.
657 2324 694 2357 in
720 2324 834 2357 huius.
872 2324 947 2357 An:
987 2323 1038 2357 ‘I'u
1064 2323 1198 2357 leuius?
1227 2322 1427 2358 ORELLI.
1469 2343 1510 2348 —
1553 2334 1613 2356 ex-

134 2380 289 2419 specta-9.
344 2372 407 2407 Sic
442 2372 513 2405 Md.
552 2374 669 2417 Neap.
703 2372 787 2406 Asc.
827 2375 857 2406 1.
910 2371 1010 2405 Crat.
1038 2372 1137 2406 Vict.
1173 2374 1204 2406 1.
1232 2373 1264 2406 2.
1318 2371 1445 2404 Lamb.
1473 2370 1609 2404 Bened.

135 2423 275 2467 expetis
301 2422 435 2456 Graev.
471 2421 562 2454 Ern.
591 2420 812 2467 MarteLag.
839 2419 929 2453 Sch.
957 2420 1050 2452 Liin.
1088 2420 1162 2454 ΟΠ.
1206 2437 1248 2444 -
1291 2418 1502 2452 domesticos
1527 2430 1612 2452 cuin

135 2472 201 2505 Cd.
229 2483 254 2504 s.
280 2470 377 2504 coni.
405 2468 538 2502 Ursini
565 2469 721 2502 Liinem.
760 2472 904 2501 tuarum
940 2467 1032 2500 enim
1070 2479 1192 2500 rerum
1228 2467 1510 2500 domesticarum
1547 2467 1609 2499 do-

134 2519 299 2552 manicos
334 2529 353 2551 e
390 2522 518 2550 vetere
552 2517 648 2549 coni.
676 2515 768 2548 Cdd.
806 2516 895 2560 aliq.
932 2515 1026 2548 Lull.
1063 2516 1298 2561 Mart-Lag.
1335 2515 1612 2547 domesticarum

134 2568 228 2599 enim
255 2572 395 2599 [aarum
422 2565 517 2597 enim
546 2575 665 2597 rerum
691 2564 971 2596 domesticarum
995 2563 1085 2605 (sic)
1110 2563 1182 2596 Md.
1209 2562 1359 2607 punctis
1386 2569 1508 2595 notata
1526 2567 1609 2595 sunt

135 2615 208 2648 «luo
234 2614 361 2659 priora
394 2612 514 2645 verba.
554 2623 625 2646 om.
665 2611 878 2644 domesticos
911 2610 1007 2644 Edd.
1043 2618 1159 2656 praet.
1192 2611 1351 2644 Lallem.
1389 2610 1607 2655 Mart-Lag.

136 2662 223 2696 Sch.
263 2664 355 2694 Liin.
392 2661 688 2693 Domesticorum
727 2660 815 2693 enim
850 2670 972 2691 rerum
1006 2660 1219 2692 domesticos
1255 2656 1361 2691 habes
1393 2657 1517 2701 script.
1544 2657 1606 2689 Cd.

136 2710 236 2755 lnips.
265 2709 464 2743 ORELLJ.
495 2729 533 2733 —
562 2708 585 2749 †
611 2719 719 2751 neque
836 2708 963 2740 sentio.
999 2707 1062 2740 Sic
1099 2707 1167 2740 Md.
1198 2707 1278 2739 Asc.
1310 2709 1339 2740 l.
1367 2706 1457 2739 vict.
1485 2706 1603 2738 hamb.

137 2770 226 2800 quac
255 2768 323 2791 non
347 2757 461 2790 sentio
488 2756 563 2790 Ciz.
593 2757 709 2801 Neap.
739 2755 873 2790 Gruev.
903 2755 993 2790 Ern.
1022 2755 1157 2790 Bene-d.
1196 2765 1300 2800 neque
1330 2765 1382 2795 ca,
1421 2764 1507 2797 quae
1531 2764 1604 2787 sen-
