1742 3006
506 85 812 129 EPISTOLA
843 85 1121 131 XXXVIII.
1462 88 1545 136 173

322 253 630 298 'EPISTOLA
663 255 939 298 XXXVIII.
999 258 1108 307 (Ast.
1139 257 1200 300 ΙΙ.
1233 262 1314 310 11.)

231 332 305 366 scr.
332 331 376 364 in‘
396 331 592 365 Formiano
618 342 741 366 mense
766 332 853 378 Apr.
880 333 920 366 A.
949 332 991 367 U.
1017 334 1055 365 c,
1081 334 1163 371 695.
1189 335 1234 375 (a.
1262 336 1302 370 c.
1329 334 1407 376 59.)

100 400 211 444 Petit,
237 399 410 444 quoniam
435 397 472 430 in
496 398 710 440 Formiano,
735 399 822 444 quid
848 410 974 433 rernm
999 399 1142 432 Romae
1167 407 1339 444 geratur,
1370 403 1450 436 fere
1477 413 1540 436 ne-

236 447 339 488 sciat,
364 451 406 480 ut
432 445 501 479 sibi
527 446 725 491 epistolam
751 448 902 501 plenam
927 453 1096 481 actorum
1113 449 1402 496 opinionumque

661 506 811 530 suarum
836 501 977 529 mittat·

585 560 767 595 CICERO
798 561 980 597 ATTICO
1004 561 1038 596 S.

204 624 350 667 Narro
379 622 489 664 fibi:
517 621 646 675 plane
676 623 899 678 relegatus
928 622 1039 664 mihi
1059 624 1230 677 videor,
1261 626 1545 680 posteaquam

97 683 141 722 in
179 680 416 722 Formiano
454 691 560 718 sum.
627 678 739 719 Dies
778 681 894 720 enim
921 680 1070 720 nullus
1098 685 1219 733 erat,
1259 680 1383 721 Antii
1412 695 1545 735 quum

96 749 250 789 essem,
280 749 368 790 quo
398 733 471 773 die
501 746 588 774 non
616 735 774 775 melius
804 736 979 787 scirem,
1008 735 1177 776 Romae
1197 736 1305 790 quid
1324 741 1543 790 ageretur,

96 806 223 847 quam
253 792 303 841 ii,
332 790 408 844 qui
437 793 562 830 erant
591 787 769 831 Romae.
825 791 1003 831 Etenim
1038 792 1193 832 literae
1231 796 1333 832 tuae
1360 805 1446 833 non
1476 805 1544 833 so—

95 849 187 888 lum
216 846 323 901 quid
351 846 545 896 Romae,
597 845 674 886 sed
706 846 838 886 etiam
866 846 974 900 quid
1003 847 1048 888 in
1080 861 1126 888 re
1155 848 1357 901 publica,
1403 860 1544 901 neque

94 904 237 944 solum
266 901 371 956 quid
400 900 551 952 fieret,
580 911 733 942 verum
762 902 896 942 etiam
924 903 1033 956 quid
1062 902 1261 944 futurum
1289 905 1428 951 esset,
1478 905 1543 943 in-

95 959 317 999 dicabant.
402 956 554 1007 Nunc,
603 957 690 996 nisi
729 957 768 997 si
809 957 917 1011 quid
947 971 1005 998 ex
1034 962 1344 1012 praetereunte
1370 958 1546 999 viatore

94 1017 330 1068 exceptum
358 1016 452 1064 est,
497 1012 613 1052 scire
652 1011 766 1052 nihil
797 1026 1037 1066 possumus.
1103 1014 1253 1063 Quare
1282 1026 1545 1068 quamquam

92 1072 179 1110 iam
210 1073 252 1110 te
282 1069 425 1122 ipsum
455 1070 690 1121 exspecto,
741 1071 886 1109 tamen
915 1069 990 1110 isti
1019 1083 1180 1123 puero,
1232 1083 1361 1123 quem
1390 1070 1447 1110 ad
1475 1083 1547 1110 me

91 1125 241 1166 statim
271 1125 380 1165 iussi
409 1136 653 1174 recurrere⁷
682 1123 740 1163 da
767 1125 1057 1177 ponderosam
1087 1125 1282 1180 aliquam
1311 1125 1544 1179 epistolam

92 1182 266 1235 plenam
306 1180 499 1220 omnium
530 1191 616 1219 non
645 1179 777 1219 modo
807 1184 1032 1232 actorum,
1080 1181 1160 1221 sed
1197 1181 1332 1221 etiam
1373 1181 1544 1234 opinio-

91 1250 193 1276 num
221 1240 416 1276 tuarum:
463 1248 516 1276 ac
545 1234 685 1285 diem,
723 1248 810 1289 quo
839 1234 983 1276 Roma
1013 1236 1074 1276 sis
1103 1235 1332 1287 exiturus,
1362 1249 1470 1275 cura
1498 1240 1548 1275 ut

92 1293 242 1331 sciam.
307 1290 400 1331 Nos
440 1290 486 1330 in
525 1290 763 1330 Formiano
801 1304 895 1331 esse
933 1291 1132 1332 volumus
1174 1304 1312 1344 usque
1341 1290 1396 1331 ad
1428 1291 1541 1344 prid.

92 1346 241 1386 Nonas
269 1345 378 1387 Mai.
436 1346 506 1385 Eo
550 1346 589 1385 si
627 1349 729 1384 ante
758 1357 854 1385 eam
883 1345 1000 1385 diem
1029 1360 1114 1386 non
1142 1346 1334 1397 veneris,
1375 1344 1545 1386 Romae

93 1406 136 1442 te
167 1401 354 1442 fortasse
382 1400 559 1441 videbo.
628 1399 742 1439 Nam
770 1399 984 1453 Arpinum
1013 1401 1118 1454 quid
1151 1414 1232 1454 ego
1261 1405 1306 1441 te
1336 1400 1548 1444 invitem?

312 1458 473 1505 Τρηχεΐ,
501 1453 582 1493 ἀλλ’
611 1453 749 1504 ἀγαθή
774 1455 1048 1506 κουροτρόφος·
1103 1454 1189 1496 οὔτι
1215 1458 1336 1505 ἔγωγε

304 1506 369 1552 'Hs
395 1511 507 1559 γαίης
536 1508 701 1558 δύναμαι
727 1509 1012 1560 γλυκερώτερον
1041 1511 1132 1551 ἄλλο
1160 1513 1331 1551 ἰδέσθαι.

90 1567 216 1608 Haec
244 1566 392 1620 igitur.
451 1565 570 1605 Cura
598 1569 647 1605 ut
677 1565 840 1606 valeas.

188 1712 219 1744 l.
246 1707 336 1742 Dies
362 1732 372 1744 .
399 1732 408 1740 .
436 1732 444 1741 .
473 1717 538 1750 quo
566 1705 636 1740 die.
692 1707 760 1740 Ein
788 1719 858 1741 von
885 1708 969 1741 dem
996 1708 1328 1753 vorhergehenden
1352 1710 1459 1744 satze
1484 1723 1549 1744 un·

89 1758 304 1792 trennbares
328 1755 598 1788 Substantivnm
625 1755 719 1789 wird
743 1757 839 1790 nach
864 1757 946 1790 dem
974 1757 1140 1789 Relativo
1169 1758 1411 1798 wiederholt,
1443 1771 1549 1792 wenn

89 1819 127 1840 es
163 1806 224 1840 f'ur
262 1805 387 1838 diesen
422 1805 506 1837 Satz
540 1803 624 1836 eine
654 1804 857 1838 besondere
888 1804 1139 1849 wichtigkeit
1178 1805 1258 1842 hat.
1330 1808 1367 1843 S.
1399 1808 1546 1841 Remsl..

89 1857 118 1899 §-
150 1855 236 1895 159,
261 1855 294 1894 3,
322 1852 358 1894 d,
383 1851 432 1885 N.
459 1853 494 1886 2.
547 1852 692 1885 Grotef.
720 1852 754 1895 §.
783 1854 865 1888 374.
919 1871 961 1876 -
1010 1853 1082 1885 nisi
1112 1854 1157 1885 si.
1209 1854 1360 1891 Ramsh,
1396 1856 1424 1898 §.
1464 1857 1544 1890 190,

89 1903 193 1936 Anm.
219 1904 253 1937 6.
295 1899 441 1934 Grotef.
467 1899 499 1943 ς.
526 1900 606 1937 406,
631 1901 737 1933 Anm.
767 1903 797 1934 1.
825 1902 859 1936 2.
890 1919 931 1924 -
958 1911 1000 1933 ex
1027 1901 1111 1934 ciat.
1139 1906 1278 1945 except.
1303 1906 1369 1943 est,
1395 1914 1467 1936 von
1495 1904 1547 1935 ei-

88 1951 212 1984 einem
235 1948 442 1983 wanderer
467 1948 712 1996 aufgesangen
739 1948 797 1983 ist.
824 1968 868 1973 —
918 1949 1033 1992 apin„
1059 1950 1125 1982 mit
1152 1948 1269 1990 Dem,
1296 1962 1372 1984 was
1397 1952 1457 1984 Du
1483 1951 1547 1984 da-

86 2011 158 2032 von
184 1997 322 2031 denkst.

181 2048 218 2082 2.
244 2056 316 2088 usq.
342 2042 391 2077 ad
413 2042 508 2086 prid.
538 2043 630 2077 Non.
657 2045 766 2085 Mai„
792 2045 849 2079 bis
875 2056 960 2079 zum
986 2046 1174 2080 fitenMai.
1224 2044 1263 2082 S,
1291 2047 1412 2092 vorig.
1430 2048 1548 2083 Brief.

88 2112 127 2118 -
157 2094 313 2133 Romae,
351 2102 422 2137 quo
448 2091 664 2138 cogitabam
689 2094 733 2126 ad
757 2094 935 2127 Kalendas
961 2093 1041 2127 Iun.
1093 2094 1179 2126 Vid.
1214 2104 1315 2138 supr.
1341 2106 1400 2139 ep.
1427 2096 1485 2139 34,
1511 2098 1546 2132 2.

88 2160 129 2165 —
157 2141 358 2185 Arpinum,
401 2139 525 2173 villam
552 2139 785 2185 Arpinatem,
833 2154 906 2187 quo
932 2153 975 2175 ex
1000 2142 1205 2174 Tusculano
1230 2143 1423 2185 proficisci
1450 2146 1549 2178 vole—

89 2189 174 2222 bam
214 2207 254 2212 —
286 2184 471 2233 Τρηχεΐ,
497 2186 587 2222 ἀλλ.
614 2200 644 2222 κ.
669 2201 699 2224 τ.
728 2190 758 2222 λ.
775 2214 787 2233 ,
813 2191 909 2224 rauh
934 2190 982 2223 ist
1006 2200 1043 2222 es
1069 2201 1178 2229 zwar,
1207 2190 1308 2223 doch
1334 2192 1487 2226 erniihrt
1511 2204 1549 2225 es

87 2236 291 2271 treffliche.
311 2238 481 2279 Μὲιιηςτ.
530 2238 668 2281 Aspera
699 2244 754 2270 est
791 2239 878 2271 villa
912 2238 960 2271 ob
994 2248 1077 2271 saxa
1115 2244 1154 2271 et
1183 2244 1337 2273 montes.
1389 2240 1471 2273 Vid.
1503 2241 1548 2272 de

88 2286 201 2330 Legg.
228 2285 277 2324 II,
309 2287 337 2318 Ι.
370 2303 405 2308 -
429 2282 512 2325 Ἠς,
539 2295 620 2328 qua,
648 2285 715 2318 fiir·
739 2282 882 2327 ταύτης,
907 2286 977 2319 hac
1005 2292 1115 2319 terra.
1164 2287 1255 2319 Sunt
1281 2287 1393 2321 verba
1411 2288 1548 2333 Ulyssis

89 2333 135 2365 de
160 2334 309 2383 Iuliana:
335 2332 468 2377 Odyss.
497 2332 560 2373 IX,
587 2333 646 2368 2⁷.
672 2335 730 2368 28.
759 2353 801 2359 —
826 2335 928 2367 llaec
952 2334 1074 2376 igitur
1099 2334 1299 2372 sufficiant,
1324 2337 1430 2369 Diess
1451 2338 1546 2368 wiire

90 2380 186 2413 denn
219 2382 283 2414 fur
315 2380 523 2414 Diessmahl
554 2381 662 2414 Alles.
721 2381 802 2414 Huc
837 2382 957 2423 igitur
987 2382 1144 2424 (venies)
1170 2390 1231 2415 aut
1257 2383 1329 2416 llic
1353 2384 1471 2425 igitur
1494 2386 1547 2425 (te

90 2429 325 2474 exspectabo)
351 2430 501 2464 Govean
541 2429 711 2474 suspicet.
741 2448 781 2453 —
811 2428 924 2472 Cura,
951 2430 1028 2463 Md.
1055 2429 1164 2465 Oxon.
1193 2431 1226 2466 2,
1255 2435 1289 2463 e!
1315 2442 1416 2469 cura,
