1742 3006
171 73 266 123 346
442 77 507 121 Μ.
537 78 596 122 Τ.
625 74 967 121 CICERONIS
998 75 1373 123 EPISTOLAE.

170 188 344 232 Videre
372 193 517 231 autem
547 189 762 242 volebam,
791 189 908 245 quod
936 203 1057 232 eram
1085 189 1301 245 postridie
1327 189 1474 234 Roma
1501 193 1639 236 exitu-

170 259 244 288 rus
284 249 329 288 et
365 245 482 302 quod
518 245 597 286 ille
633 246 679 286 in
717 245 969 288 Sardiniam
1007 247 1096 287 iter
1141 245 1339 289 habebat.
1406 247 1640 291 Hominem

167 302 353 345 conveni
382 305 427 343 et
453 301 508 342 ab
547 314 600 342 eo
630 302 791 356 petivi,
838 306 886 343 ut
913 300 1233 358 quamprimum
1260 306 1304 343 te
1331 303 1456 344 nobis
1485 304 1641 347 redde-

169 362 248 401 ret.
314 357 498 409 Statim,
540 356 673 399 dixit.
749 357 863 398 Erat
889 361 1035 398 autem
1061 358 1226 411 iturus,
1255 362 1304 399 ut
1326 359 1497 411 aiebat,
1525 373 1566 402 a.
1596 361 1638 403 d.

107 409 135 451 3
169 427 233 456 111.
264 413 333 454 Id.
354 414 481 468 Apu,
508 416 557 453 ut
585 418 659 455 aut
678 412 884 454 Labrone
913 416 988 454 aut
1015 413 1135 456 Pisis
1165 415 1493 457 conscenderet.
1551 416 1640 468 Tu,

167 470 230 512 mi
265 468 429 520 frater,
485 468 616 509 simul
655 474 703 512 ut
730 470 808 511 ille
836 469 1027 522 venerit,
1081 470 1269 525 primam
1315 471 1640 526 navigationem

167 548 221 557 —-
251 523 487 567 dummodo
515 524 675 567 idonea
702 529 939 578 tempestas
969 525 1029 566 sit
1055 548 1109 556 —
1138 540 1191 567 ne
1229 527 1443 568 omiseris.
1511 526 1639 578 Ἀμφι-
1740 526 1742 574 i

164 582 315 632 λαφιόιν
341 585 484 623 autem
512 580 648 634 illam,
677 595 806 636 quam
835 585 882 621 tu
910 581 1025 622 soles
1054 581 1232 635 dicere,
1262 583 1374 625 bono
1403 582 1535 624 modo
1565 582 1641 624 de-
1740 581 1742 640 j

164 636 332 687 sidero,
362 637 427 679 sic
454 649 651 691 prorsus,
682 641 731 678 ut
758 637 1058 678 advenientem
1087 638 1305 692 excipiam
1333 639 1544 680 libenter:
1574 638 1639 680 la-

163 696 328 734 tentem
366 695 615 735 etiamnunc
652 706 740 735 non
781 693 980 734 excitem.
1054 693 1220 735 Tribus
1272 694 1382 735 locis
1430 693 1638 747 aedifico,

164 749 336 803 reliqua
363 748 656 798 reconcinn03
702 750 804 791 vivo
833 749 977 804 paullo
1006 748 1246 801 liberalius,
1276 763 1405 803 quam
1433 750 1638 791 solebam.

163 803 289 859 Opus
320 809 440 856 erat,
494 804 533 845 si
563 808 608 846 te
635 803 870 856 haberem,
910 805 1150 859 paullisper
1178 805 1317 846 fabris
1345 805 1491 845 locum
1519 804 1638 847 dare.

164 861 255 903 Sed
294 863 338 902 et
366 860 502 909 haec,
531 865 579 901 ut
607 874 739 915 spero
756 892 769 913 ,
799 862 920 902 brew'
949 862 1067 902 inter
1094 874 1174 902 nos
1203 860 1636 902 communicabimus.

102 915 128 955 ll
162 917 257 960 Res
293 921 438 958 autem
474 915 703 958 Romanae
743 930 839 958 sese
876 918 944 957 sic
981 916 1156 957 habent.
1228 916 1390 958 Consul
1421 920 1489 958 est
1518 929 1638 971 egre-

160 974 258 1029 gius
288 972 528 1026 Lentulus,
559 986 648 1014 non
677 972 940 1027 impediente
969 973 1161 1027 collega:
1202 973 1293 1023 sic,
1332 973 1534 1028 inquam,
1563 973 1639 1014 bo-

159 1089 297 1131 XXVI,
321 1090 356 1125 9.
390 1107 433 1114 -
467 1089 505 1123 in
528 1088 751 1124 Sardiniam.
802 1090 855 1123 Er
885 1089 1028 1132 wollte,
1066 1089 1135 1123 wie
1168 1101 1204 1124 es
1229 1090 1395 1131 scheint,
1430 1092 1486 1126 als
1518 1091 1641 1126 Einer

160 1138 230 1173 der
252 1140 419 1183 Legaten
446 1136 508 1171 des
532 1138 736 1183 Pompeius
761 1137 873 1171 dahin
899 1138 1091 1180 abreisen,
1123 1149 1188 1172 um
1220 1139 1291 1172 den
1318 1140 1476 1185 Quintus
1502 1140 1640 1174 Cicero

159 1187 369 1221 abzuliisen.
395 1186 431 1221 S.
459 1198 515 1231 ep.
545 1187 642 1226 CIII,
670 1187 701 1220 1.
728 1196 760 1219 r.
777 1187 897 1228 frum.
923 1187 1038 1228 XCII,
1067 1189 1102 1224 1.
1128 1205 1173 1212 —
1200 1197 1233 1223 a.
1261 1188 1294 1222 d.
1321 1189 1394 1221 111.
1410 1186 1553 1231 ApriL,
1579 1199 1639 1220 am

159 1236 272 1270 loten
296 1234 415 1280 April.
440 1251 488 1258 —-
513 1233 701 1272 Labrone,
739 1234 847 1268 cuius
878 1235 979 1267 nulla
1013 1234 1103 1268 alibi
1135 1235 1276 1269 mentio
1311 1236 1368 1271 fit.
1416 1236 1641 1278 „Salebrone

159 1282 208 1316 de
239 1283 345 1318 Coni.
378 1282 623 1327 Wesselingii
662 1281 708 1314 ad
744 1282 829 1315 Itz'n.
864 1282 1047 1315 Antonini
1086 1295 1121 1327 p.
1155 1285 1236 1318 293.
1270 1282 1421 1320 Schiitz,
1454 1283 1511 1316 ed.
1546 1283 1640 1317 min.

157 1332 315 1367 Liinem.
341 1330 444 1363 Nihil
469 1336 593 1364 mutat
617 1329 807 1363 Reichard
843 1330 929 1364 ΟΤΙ).
955 1330 1137 1374 Ant.sol.
1165 1331 1225 1366 42.
1253 1341 1307 1374 a.;
1342 1331 1404 1364 sed
1431 1331 1546 1365 habet
1571 1342 1641 1377 pro

157 1379 322 1413 Liburno
349 1379 488 1412 Zosimi
513 1378 710 1420 (Livorno)
735 1387 765 1410 s.
794 1377 842 1410 ad
864 1378 1070 1411 Herculem.
1100 1397 1144 1403 —-
1169 1378 1298 1417 Pisae,
1337 1378 1433 1412 ietzt
1467 1379 1567 1421 Pisa,
1599 1379 1641 1412 in

156 1428 345 1462 Etrurien.
380 1428 416 1462 S.
449 1427 530 1462 Liv.
563 1427 659 1468 XXI,
693 1427 755 1463 39.
792 1427 888 1467 XLI,
915 1427 970 1460 19.
997 1426 1137 1472 Virgil.
1168 1425 1260 1460 Aen.
1287 1425 1331 1466 X,
1360 1429 1440 1464 179.
1469 1427 1565 1462 Plin.
1593 1428 1638 1461 H.

156 1477 202 1510 N.
229 1476 299 1518 111,
325 1475 356 1511 5.
385 1477 434 1515 ΙΙ,
461 1478 540 1511 102.
564 1474 728 1520 gedenkt
754 1485 794 1507 er
820 1474 885 1507 der
919 1485 1084 1508 warmen
1118 1475 1241 1508 Bader
1269 1475 1444 1509 daselbst.
1477 1493 1519 1500 —
1554 1485 1641 1508 con-

156 1525 328 1558 scendere
362 1525 442 1558 scil.
479 1535 610 1557 navem
644 1522 702 1557 od.
737 1523 774 1556 in
808 1534 963 1561 navem,
1004 1534 1053 1557 zu
1087 1521 1232 1556 Schiffe
1264 1524 1410 1571 gehen,
1444 1523 1525 1556 sich
1561 1523 1640 1556 ein-

156 1571 331 1606 schiffen.
379 1573 486 1607 Eben
512 1584 552 1605 so
579 1571 727 1604 absolut
751 1569 958 1616 gebraucht
983 1570 1033 1604 ad
1056 1570 1169 1604 Attio.
1197 1571 1263 1615 IX,
1289 1574 1322 1608 2.
1350 1572 1425 1605 Liv.
1452 1571 1639 1613 XXXVII,

158 1623 214 1656 11.
243 1621 355 1656 ovid.
379 1621 496 1654 Trist.
522 1622 551 1660 Ι,
581 1621 615 1662 2,
641 1620 698 1653 41.

253 1683 288 1717 3.
315 1681 495 1717 simulat.
530 1681 590 1715 Sic
624 1680 703 1714 Md.
741 1691 763 1713 a
795 1690 868 1713 sec.
903 1692 953 1716 m.
989 1680 1109 1714 Oxon.
1145 1682 1176 1715 1.
1205 1682 1238 1716 2.
1274 1680 1392 1714 Laud.
1420 1680 1554 1716 bamb.
1582 1679 1640 1720 (ut

158 1731 302 1765 Acadd.
329 1733 364 1766 2.
397 1733 427 1775 §.
455 1732 513 1766 51.
542 1730 684 1764 Tuscul.
719 1729 753 1766 4,
789 1729 822 1767 2,
856 1728 910 1769 5.)
945 1728 1050 1761 simul
1082 1732 1114 1761 et
1150 1729 1233 1765 Md.
1261 1740 1281 1762 a
1306 1740 1361 1774 pr.
1388 1740 1436 1762 m.
1462 1729 1571 1763 simul
1595 1740 1640 1762 ac

161 1781 262 1815 Crat.
297 1779 401 1812 Vict.
438 1781 468 1813 1.
505 1780 539 1813 2.
573 1780 677 1813 Man.
719 1777 812 1810 Ern.
853 1775 940 1809 Sch.
975 1778 1072 1809 Li'm.
1110 1777 1219 1810 simul
1250 1781 1358 1821 atque
1380 1778 1515 1811 Faerni
1540 1788 1637 1822 susp.

161 1826 357 1861 ORELLI.
385 1845 429 1851 —-
464 1826 630 1869 nauigat.
658 1824 703 1859 ad
737 1825 915 1861 reditum,
942 1843 989 1849 -
1022 1822 1337 1868 ἀμφιλαφιάν,
1367 1826 1637 1867 Geldvorrath,

157 1875 283 1915 Fulle,
310 1874 545 1909 Reichthum
578 1888 627 1906 z
663 1871 855 1916 ἀμφιλαφῆ
881 1872 1113 1919 περιουσίαν,
1141 1873 1356 1906 divitiarum
1383 1873 1636 1907 affluentiam.

159 1923 320 1966 Quintus
347 1924 449 1956 hatte
476 1923 549 1956 den
574 1924 729 1955 Marcus
754 1922 925 1965 gefragt,
964 1921 1010 1952 ob
1038 1932 1080 1953 er
1106 1921 1172 1954 ihu
1198 1921 1258 1954 bei
1282 1922 1403 1955 seiner
1429 1921 1639 1955 Riickkebr

158 1985 225 2006 aus
251 1971 447 2005 Sardinien
471 1971 609 2004 wieder
639 1971 679 2003 in
712 1976 836 2013 gutem
870 1968 1117 2001 Wohlstande
1143 1970 1278 2002 treffen
1305 1970 1444 2004 wiirde.
1495 1971 1640 2004 Dat-auf

159 2027 362 2054 antwortet
392 2021 570 2053 Marcus:
613 2030 676 2051 um
710 2018 833 2050 seinen
878 2017 1100 2050 Geldbeutel
1132 2017 1221 2051 sehe
1260 2029 1295 2050 cs
1332 2019 1431 2051 noch
1465 2019 1638 2051 schlimm

159 2081 245 2110 aus,
285 2068 431 2102 zumahl
459 2068 504 2101 da
529 2078 573 2101 er
597 2078 641 2099 an
670 2066 751 2100 drei
788 2065 925 2098 Stellen
955 2066 1047 2098 bane
1072 2066 1146 2098 und
1173 2066 1254 2098 sich
1279 2065 1416 2099 Nichts
1443 2067 1638 2100 entziehen

158 2120 281 2161 moge.
308 2136 353 2142 —-
380 2117 469 2150 bono
495 2116 596 2149 modo
622 2129 671 2146 z
698 2125 768 2147 non
787 2114 958 2153 omnino,
985 2113 1047 2146 sed
1067 2114 1225 2158 quadem
1252 2125 1294 2147 ex
1319 2121 1446 2159 parte,
1478 2114 1638 2160 μετρίως.

159 2185 204 2192 --
230 2169 269 2197 ut
295 2164 409 2208 accip.
439 2189 446 2199 .
475 2193 482 2201 .
510 2174 579 2197 non
605 2163 761 2196 excitem.
812 2162 916 2195 Mein
946 2162 1149 2206 Veri-angen
1177 2163 1273 2195 nach
1299 2163 1404 2196 iener
1431 2163 1638 2196 Geldbaar-

160 2214 288 2248 schaft
313 2214 362 2246 ist
389 2224 429 2245 so
457 2212 675 2256 erma'ssigt,
702 2211 783 2244 dass
806 2209 872 2242 ich
899 2211 970 2252 sie,
1010 2221 1117 2242 wenu
1143 2211 1195 2243 sie
1229 2211 1291 2243 bei
1323 2211 1397 2244 mir
1432 2211 1638 2244 einkehren

159 2261 262 2302 will,
296 2262 365 2294 mit
391 2261 619 2305 Vergn'ugen
647 2259 875 2292 aufnehmen
903 2257 1046 2297 werde,
1090 2259 1227 2292 iedoch
1262 2259 1356 2292 ohne
1393 2259 1464 2302 sie,
1504 2259 1550 2292 da
1585 2259 1638 2292 sie

161 2310 246 2343 sicli
272 2321 339 2342 zur
366 2309 446 2341 Zeit
468 2309 568 2341 noch
596 2320 662 2341 vor
699 2309 772 2340 mir
804 2307 1014 2349 verborgen
1050 2305 1146 2346 halt,
1179 2308 1293 2352 grade
1329 2308 1564 2352 aufzuiagen.
1590 2324 1638 2331 -—

162 2357 247 2391 trib.
274 2357 366 2397 loc.,
393 2356 468 2389 sein
495 2359 592 2389 Hans
618 2357 654 2389 in
682 2356 749 2389 der
775 2354 905 2397 Stadt3
933 2355 1028 2387 dann
1055 2355 1154 2387 seine
1181 2367 1250 2389 von
1277 2355 1429 2388 Clodius
1453 2356 1639 2389 ruiuirten

159 2405 360 2441 Landsitze
392 2416 435 2437 zu
468 2406 679 2437 Tusculum
715 2404 793 2437 und
827 2403 988 2436 Formiii.
1024 2420 1071 2426 —-·
1111 2404 1351 2442 reconcinno,
1393 2404 1541 2436 bessere
1575 2403 1638 2435 ich

161 2467 242 2495 aus,
275 2453 442 2497 repat-ire
468 2452 539 2486 ich.
591 2452 638 2486 So
672 2464 746 2485 rec.
782 2452 916 2496 pallam
950 2450 1012 2484 bei
1040 2451 1155 2483 plaut.
1183 2452 1422 2486 Menaechm.
1449 2453 1498 2491 ΙΙ,
1520 2453 1554 2491 3,
1580 2452 1636 2485 72.

163 2502 287 2535 diurni
323 2502 462 2534 laboris
496 2500 761 2533 detrimentum
797 2500 854 2532 bei
890 2501 991 2534 Caes.
1018 2501 1057 2532 B.
1085 2500 1125 2532 C.
1153 2501 1200 2540 ll,
1230 2501 1283 2534 15.
1310 2518 1357 2524 -—
1392 2500 1509 2532 locum
1536 2499 1637 2531 clare.

163 2551 322 2583 Videtur
348 2550 584 2597 significare,
619 2549 647 2581 si
675 2549 802 2582 fratris
828 2548 1071 2580 facultatibus
1097 2548 1148 2579 uti
1175 2555 1314 2593 posset,
1351 2558 1438 2590 opus
1466 2557 1561 2588 esse,
1597 2552 1640 2579 ut

163 2599 265 2632 fabri
301 2598 427 2641 plures
463 2597 733 2630 adhiberentur
775 2596 948 2629 aedificio
987 2595 1245 2630 accelerando.
1280 2588 1495 2630 SCHUTZ.
1542 2595 1640 2638 Opus

165 2647 237 2680 erit
265 2646 370 2678 Amb.
401 2647 453 2680 16.
493 2647 610 2678 Tum:
645 2645 768 2677 (larem
801 2645 898 2679 Vict.
927 2647 958 2678 1.
987 2646 1020 2678 2.
1047 2645 1139 2688 Hag.
1167 2645 1264 2679 Vict.
1291 2646 1324 2678 ¹2.
1353 2649 1477 2676 autem
1505 2641 1558 2675 sic
1585 2642 1638 2674 di-

164 2694 336 2740 stinguit:
363 2704 468 2736 quam
493 2694 673 2733 solebam;
702 2702 788 2736 opus
814 2696 903 2725 erat.
953 2691 995 2725 Si
1021 2695 1054 2723 te
1079 2691 1131 2733 Ιι.,
1155 2704 1190 2736 p.
1211 2694 1253 2734 s.
1282 2692 1305 2724 I.
1331 2693 1462 2725 darem.
1492 2691 1565 2724 OR.

108 2742 112 2744 ’
260 2742 294 2777 4.
322 2741 399 2777 Gn.
434 2741 606 2776 Lentulus
640 2741 905 2782 Marcellinus,
941 2739 1077 2774 consul.
1112 2758 1158 2765 --
1191 2740 1332 2781 collega
1366 2739 1514 2774 Marcio
1553 2735 1638 2769 Phi*
