1742 3006
131 42 227 90 138-
330 114 334 119 .
412 46 475 89 M.
508 46 565 88 Τ.
601 44 946 89 CICERONIS
979 45 1357 90 EPISTOLAE.

125 158 297 213 primus
327 158 466 200 lictor
494 157 697 212 quievit5
748 159 890 200 tacuit
918 172 1164 208 accensus;
1202 160 1382 214 quoties
1414 160 1602 215 quisque

125 215 286 266 voluit,
316 214 440 255 dixit
469 218 515 254 et
543 226 676 268 quam
704 215 853 256 voluit
881 215 974 256 diu.
1033 214 1209 265 Quibus
1239 216 1321 256 ille
1351 215 1480 256 rebus
1508 216 1602 258 for-

125 275 245 312 tasse
273 271 408 311 nimis
438 268 555 310 lenis
585 269 836 323 videretur,
865 271 954 312 nisi
985 269 1100 312 haec
1128 272 1294 313 lenitas
1325 272 1448 313 illam
1477 284 1602 314 seve-

125 327 307 368 ritatem
337 328 550 366 tueretur.
609 325 902 380 Cogebantur
924 327 1102 369 Sullani
1132 326 1352 380 homines,
1382 335 1494 382 quae
1521 342 1603 382 per

123 383 217 424 vim
246 386 292 422 et
319 385 487 422 metum
516 381 817 436 abstulerant,
848 382 1054 425 reddere.
1125 383 1219 434 Qui
1249 384 1296 423 in
1325 384 1600 437 magistrati-

122 440 202 480 bus
231 437 446 478 iniuriose
474 436 797 492 decreverant,
828 439 987 480 eodem
1016 439 1126 493 ipsis
1156 439 1347 494 privatis
1378 446 1474 480 erat
1503 440 1602 481 iure

125 493 384 549 parendum.
455 492 584 535 Haec
613 494 740 535 illius
770 495 990 536 severitas
1019 496 1182 536 acerba
1209 495 1464 547 videretur,
1512 496 1601 536 nisi

58 549 277 591 22multis
314 548 618 591 condimentis
656 549 954 592 humanitatis
990 551 1292 605 mitigaretur.
1381 550 1513 601 Quod
1559 552 1601 592 si

120 606 238 648 haec
277 606 441 647 lenitas
470 609 602 660 grata
629 605 802 647 Romae
831 611 926 659 est,
965 608 1042 647 ubi
1071 610 1199 647 tanta
1227 607 1492 662 arrogantia
1516 611 1600 660 est,

122 666 215 703 tam
243 661 542 703 immoderata
572 661 774 716 libertas,
803 666 896 704 tam
924 662 1106 703 infinita
1133 661 1365 703 hominum
1396 663 1596 714 licentia,

121 717 315 772 denique
354 721 425 759 tot
452 716 768 772 magistratus,
797 721 867 760 tot
895 719 1098 771 auxilia,
1137 722 1264 759 tanta
1290 719 1361 760 vis
1392 718 1600 772 [populi],

120 778 249 816 tanta
274 776 456 815 senatus
487 774 758 816 auctoritas:
788 787 921 829 quam
952 774 1147 816 iucunda
1175 774 1356 815 tandem
1378 775 1600 827 praetoris

121 831 311 872 comitas
341 831 390 871 in
418 830 529 872 Asia
558 834 707 884 potest
736 836 854 872 esse!
902 831 949 872 in
979 844 1069 885 qua
1108 833 1235 871 tanta
1263 829 1508 870 multitudo
1539 830 1601 870 ci—

119 887 264 939 vium,
293 889 430 936 =tanta
457 886 707 938 sociorum,
737 891 807 928 tot
833 887 993 939 urbes,
1022 889 1092 928 tot
1120 887 1330 927 civitates
1362 885 1492 926 unius
1522 884 1603 926 ho-

118 943 256 985 minis
284 946 442 983 nutum
471 942 731 992 intuentur3
778 943 853 984 ubi
883 943 1056 984 nullum
1085 942 1311 983 auxilium
1341 945 1435 994 est,
1476 941 1602 981 nulla

121 999 413 1053 conquestio,
464 998 616 1039 nullus
647 1001 848 1051 senatus,
887 999 1016 1040 nulla
1045 998 1231 1039 concio?
1289 997 1443 1049 Quare
1472 1010 1607 1051 quum

121 1055 355 1110 permagni
407 1053 604 1095 hominis
645 1059 715 1095 est
759 1059 806 1095 et
841 1068 978 1109 quum
1017 1054 1117 1108 ipsa
1157 1058 1319 1095 natura
1366 1052 1606 1103 moderati,

119 1116 215 1152 tum
244 1124 354 1153 vero
384 1110 521 1151 etiam
550 1109 762 1151 doctrina
789 1113 924 1165 atque
953 1111 1222 1166 optimarum
1251 1109 1416 1151 artium
1438 1109 1604 1150 studiis

120 1166 290 1208 eruditi
319 1166 388 1207 sic
417 1179 465 1207 se
492 1164 711 1208 adhibere
741 1166 789 1207 in
818 1170 944 1208 tanta
973 1170 1195 1220 potestate
1213 1197 1225 1217 ‚
1277 1170 1328 1207 ut
1356 1166 1484 1206 nulla
1511 1165 1606 1206 alia

119 1227 318 1278 potestas
346 1221 401 1263 ab
430 1222 504 1274 iis,
533 1222 694 1276 quibus
723 1222 762 1263 is
793 1223 978 1277 praesit,
1008 1222 1308 1263 desideretur.

118 1334 171 1367 als
196 1334 332 1367 prator
365 1333 406 1366 in
430 1334 532 1366 Rom
558 1331 653 1375 (und
684 1331 854 1365 nachher
891 1332 946 1365 als
977 1332 1203 1366 Statthalter
1238 1343 1312 1366 von
1337 1329 1607 1372 Macedonien)

117 1381 206 1416 sehr
232 1381 391 1418 beliebt.
441 1381 477 1414 S.
504 1382 655 1414 sueton.
682 1380 781 1425 Aug.
810 1391 842 1414 c.
869 1382 904 1415 3.
932 1398 976 1405 --
1000 1381 1163 1424 primus,
1189 1392 1256 1426 pro
1284 1391 1356 1425 quo
1379 1379 1532 1423 primum
1558 1378 1605 1411 de
1662 1413 1668 1416 ,
1708 1394 1712 1419 3

117 1431 216 1465 mala
241 1431 401 1475 Malasp.
429 1429 563 1474 suspic.
591 1429 697 1475 prob.
728 1430 869 1462 Ernest.
895 1428 1050 1462 Schutz.
1100 1428 1247 1463 Primus
1272 1429 1387 1461 lictor
1411 1427 1516 1460 idem
1541 1427 1605 1471 qui
1708 1430 1711 1438 '

117 1479 229 1522 alibi,
257 1479 299 1513 de
324 1477 447 1512 Dicin.
485 1481 526 1520 l,
554 1478 590 1521 ἓ.
619 1479 685 1517 59,
713 1478 817 1510 Verr.
843 1478 885 1520 2,
913 1477 955 1519 5,
982 1488 1017 1510 ο.
1045 1477 1111 1516 54,
1145 1475 1292 1510 Sallust.
1321 1477 1404 1520 Ing.
1434 1477 1488 1511 12.
1540 1475 1602 1508 In-

117 1529 272 1574 scriptt,
298 1537 415 1562 mear.
440 1527 525 1560 Lat.
553 1528 598 1560 N.
623 1526 718 1562 3218
750 1525 866 1559 lictor
889 1524 1099 1568 proximus,
1131 1525 1202 1558 nisi
1235 1525 1310 1558 hoc
1343 1535 1493 1569 quoque
1518 1523 1605 1556 loco

115 1577 256 1622 primus
282 1581 506 1620 corruptum
539 1587 557 1608 e
588 1574 792 1619 proximu&
846 1573 1046 1607 ORELLI.
1097 1573 1131 1606 S.
1175 1585 1223 1606 zu
1258 1573 1291 1616 ἕ.
1332 1575 1386 1608 13.
1422 1590 1467 1596 -
1500 1571 1604 1604 illam

115 1625 365 1664 severitatem,
400 1624 503 1656 cuius
529 1623 739 1668 exemplum
764 1621 891 1655 statim
925 1622 1083 1666 profert.
1111 1639 1154 1644 —
1181 1621 1347 1662 Sullani,
1381 1619 1500 1653 Sullas
1532 1618 1605 1651 An-

116 1673 260 1717 h'einger
286 1671 365 1706 und
390 1671 631 1715 Giinstlinge.
658 1689 703 1695 —
728 1670 767 1703 in
791 1669 1023 1711 magistrat„
1061 1668 1240 1702 wahrend
1265 1668 1370 1702 ihrcs
1398 1667 1604 1712 obrigkeit-

117 1721 253 1756 lichen
278 1721 384 1754 Amts
415 1719 468 1752 im
494 1720 660 1764 Gegens.
695 1729 768 1751 von
802 1716 954 1761 priuati.
984 1736 1028 1742 --
1056 1717 1240 1750 eodem...
1277 1716 1356 1750 iure
1390 1727 1500 1760 pava,
1535 1715 1604 1749 Die

118 1775 285 1804 mussten
312 1766 395 1801 sich
421 1767 590 1801 nachher
615 1767 669 1800 im
689 1765 951 1800 Privatstande
978 1766 1039 1798 die
1055 1765 1298 1809 Anwendung
1324 1764 1429 1797 ihrer
1455 1775 1604 1797 vorma..

117 1819 221 1863 ligen
247 1815 682 1858 Rechtsverordnungen
708 1824 830 1859 gegen
859 1814 940 1848 sicli
965 1814 1078 1848 selbst
1103 1813 1263 1857 gefallen
1292 1814 1421 1846 lassen.

214 1867 273 1900 22·
313 1864 413 1900 Quod
450 1864 483 1898 si
515 1879 564 1895 z
601 1865 723 1896 WVenn
756 1874 832 1894 nun
866 1863 971 1898 aber.
1028 1862 1063 1896 S.
1098 1862 1251 1895 Ramsh.
1293 1863 1322 1905 §-
1358 1864 1446 1903 197,
1488 1861 1532 1903 b,
1568 1862 1600 1901 3,

120 1916 255 1959 Zumpt
286 1915 319 1957 ξ.
351 1913 443 1954 342,
476 1912 582 1946 Anm.
618 1930 663 1936 —
698 1920 856 1952 arrog„
901 1912 1151 1953 Anmassung,
1185 1903 1399 1945 Ubermuth
1435 1908 1502 1942 der
1535 1919 1599 1941 vor

120 1964 206 1996 dem
231 1961 435 1994 Tribunale
462 1960 525 1993 des
551 1962 697 1993 Prators
729 1959 959 1992 streitenden
985 1958 1176 1998 Part-ziam,
1210 1957 1272 1990 die
1309 1958 1366 1990 oft
1390 1957 1601 2001 Unbilliges

118 2023 189 2044 von
215 2010 297 2043 ihm
324 2009 537 2053 verlangen,
565 2027 606 2032 -
635 2008 808 2049 libertas,
842 2006 1008 2039 insofern
1043 2006 1096 2039 sie
1122 2006 1328 2050 appelliren
1356 2005 1520 2038 konnen.
1556 2023 1599 2029 -—

119 2058 285 2099 licentia,
312 2057 617 2102 Ziigellosigkeit‚
642 2056 807 2089 insofern
826 2055 879 2087 sie
903 2055 1022 2088 Vieles
1039 2065 1159 2098 gagen
1176 2054 1302 2087 Recht
1321 2053 1394 2086 und
1412 2052 1600 2098 Billigkeit

118 2117 262 2150 wagen.
290 2125 335 2130 —-
362 2106 525 2149 denique.
580 2107 658 2138 Von
685 2103 770 2137 hier
796 2115 841 2136 an
869 2103 970 2136 zahlt
998 2103 1133 2136 Cicero
1167 2102 1226 2135 die
1251 2102 1489 2136 Hiilfsmittel
1525 2102 1601 2143 auf,

117 2155 261 2188 welche
297 2155 368 2187 den
400 2154 632 2187 streitcnden
657 2153 832 2186 Parteien
865 2162 986 2199 geg-en
1013 2152 1085 2185 den
1111 2151 1324 2196 Ausspruch
1359 2151 1423 2184 des
1449 2152 1600 2184 Prators

117 2216 161 2237 zu
187 2203 338 2236 Gebote
365 2202 518 2243 stehen,
550 2201 720 2235 n'amlich
744 2199 1003 2242 magistratus,
1039 2211 1068 2233 z.
1095 2201 1136 2232 B.
1165 2199 1232 2232 der
1257 2199 1442 2233 Tribunus
1470 2197 1599 2244 plebis,

119 2264 165 2285 au
191 2251 252 2284 die
278 2262 363 2284 man
392 2251 600 2295 appelliren
627 2250 748 2293 kann;
780 2248 938 2290 ansilla,
972 2248 1254 2289 Rechtsmitte1;
1292 2251 1396 2281 latita
1431 2247 1486 2280 vis
1518 2246 1600 2283 scil.

118 2304 275 2333 senatus.
324 2299 473 2332 Ernesti
501 2299 580 2331 und
605 2298 748 2331 Sch'utz
772 2297 893 2330 haben
916 2297 1044 2339 populi
1071 2295 1361 2341 eingeschaltet,
1393 2294 1475 2328 weil
1501 2302 1601 2328 sonst

119 2349 187 2382 der
213 2348 422 2392 Gegensatz
448 2358 518 2379 von
543 2347 646 2380 nulla
671 2345 797 2380 concio
829 2344 945 2377 sehle.
997 2344 1117 2377 Allein
1150 2344 1236 2378 dem
1270 2343 1372 2377 steht
1404 2343 1522 2376 sehon
1553 2342 1598 2374 Ii-

119 2398 240 2429 bertas
280 2402 487 2440 entgegen,
527 2394 604 2428 und
642 2395 765 2427 concio
797 2394 846 2427 ist
877 2392 975 2425 nach
1007 2397 1152 2426 senatus
1191 2396 1266 2425 an's
1298 2391 1401 2425 Ende
1434 2390 1600 2435 gestellt3

120 2444 284 2489 folglich
312 2444 372 2477 die
400 2443 626 2488 Opposition
652 2443 759 2475 nicht
785 2453 905 2486 genau
939 2440 1184 2478 beobachtet,
1212 2460 1255 2466 —-
1282 2439 1466 2481 civitates,
1507 2442 1599 2473 Bur-

120 2493 379 2538 gerschaften,
414 2492 474 2525 die
501 2491 691 2525 vormahls
718 2502 833 2535 ganz
859 2489 933 2523 {rei
959 2500 1128 2532 gewesen
1156 2500 1290 2523 waren.
1318 2505 1364 2512 -·
1391 2488 1493 2522 nulla
1519 2497 1601 2520 con-

123 2542 276 2585 questio,
304 2541 389 2574 kein
417 2540 580 2573 liiiherer
607 2539 826 2583 Magistmt,
865 2538 926 2571 bei
965 2537 1048 2571 dem
1074 2549 1161 2570 inan
1189 2538 1259 2571 den
1286 2538 1421 2569 Prator
1458 2535 1600 2571 verkla-

124 2601 195 2634 gen
222 2589 374 2623 konnte.
425 2589 620 2622 Manutius
648 2588 771 2621 wollte
797 2586 932 2620 iedoch
966 2586 1126 2629 quaestio
1161 2587 1242 2620 scil.
1279 2585 1445 2618 iudicum
1477 2583 1601 2618 adver-

124 2650 184 2671 sus
204 2638 443 2681 magistratus
463 2638 577 2670 lesen.
606 2656 649 2662 —
677 2636 778 2669 nulla
794 2636 842 2668 al.
859 2639 935 2679 pot.
963 2636 1096 2676 maior,
1124 2635 1220 2678 apud
1241 2645 1351 2678 quam
1371 2633 1416 2666 de
1443 2631 1602 2666 decretis

125 2698 145 2718 a
173 2692 343 2730 praetore
371 2686 466 2719 datis
493 2685 676 2730 conqueri
703 2684 854 2728 possint.
883 2702 926 2707 —
954 2685 999 2716 ab
1024 2683 1089 2726 iis,
1114 2683 1199 2717 Md.
1226 2681 1295 2719 his.
1324 2699 1365 2705 —-
1394 2681 1426 2716 is
1450 2679 1600 2725 praesit.

126 2734 188 2767 Sic
221 2734 301 2769 Md.
339 2736 459 2772 Oxou.
496 2736 534 2775 1,
575 2736 615 2777 2,
662 2733 760 2768 Vict.
799 2734 840 2774 2,
884 2732 1006 2777 quibus
1044 2731 1184 2775 praesit
1218 2732 1271 2765 lu.
1307 2732 1405 2764 Crat.
1441 2729 1534 2764 vict.
1572 2728 1602 2766 l,
