1742 3006
17 61 23 136 ξ
550 82 862 126 EPISTOLA
903 82 1069 128 cuv.
1437 86 1528 134 531

18 194 22 246 ἑ
64 207 198 240 unum
230 208 341 247 esse,
370 193 447 249 qui
476 192 629 234 vellet.
687 193 888 243 Quorum
918 197 1066 236 tamen
1095 195 1214 237 nihil
1242 200 1310 238 est
1339 197 1532 240 eiusmo-

18 256 22 267 '
63 250 137 302 di,
188 255 235 291 ut
272 264 355 304 ego
394 262 463 290 me
491 261 576 288 non
607 249 746 290 multa
776 250 1082 292 consolatione
1111 253 1314 306 quotidie
1342 254 1532 296 leniam:

18 318 22 346 s
63 305 143 346 sed
188 306 271 347 illa
299 306 388 346 erit
416 304 664 345 consolatio
694 306 912 358 maxima,
962 306 1001 346 si
1041 319 1127 348 una
1169 310 1345 351 erimus.
1403 308 1532 351 Nunc

20 382 22 388 f
62 361 121 402 ad
160 360 242 402 illa
279 361 351 403 vel
392 360 700 413 gravissimum
730 361 908 402 accedit
937 360 1208 403 desiderium
1240 365 1319 405 tui.
1394 366 1531 407 Gabi-

18 410 23 445 3
61 417 183 456 nium
213 417 275 467 si,
305 420 354 456 ut
381 414 530 456 Pansa
557 420 682 467 putat
712 417 987 471 oportuisse,
1016 416 1342 472 defendissem,
1380 422 1532 462 conci·

19 480 23 489 ⁴
61 471 249 512 dissem:
278 472 355 525 qui
385 471 513 510 illum
543 470 732 512 oderunt
761 495 814 501 -
842 472 876 512 ii
907 476 1007 512 sunt
1032 473 1116 512 toti
1138 474 1316 515 ordines
1345 498 1399 504 —
1429 490 1529 530 pro-

58 531 161 581 pter
188 539 316 581 quem
346 525 560 577 oderunt,
597 539 666 566 me
697 527 840 580 ipsum
870 527 1018 568 odisse
1048 529 1312 582 coepissent.
1380 532 1528 573 Tenui

58 596 142 632 me,
171 587 220 622 ut
248 586 369 636 puto,
399 582 591 635 egregie,
622 586 792 622 tantum
823 586 872 623 ut
900 581 1109 635 facerem,
1139 590 1349 637 quantum
1379 600 1529 628 omnes

18 641 23 683 ζ’
57 637 275 678 viderent.
343 637 403 677 Et
442 638 488 677 in
533 637 650 676 omni
691 651 882 689 summa,
921 642 971 678 ut
999 651 1179 690 mones,
1207 640 1340 680 valde
1371 655 1440 683 me
1469 643 1527 683 ad

57 693 198 733 otium
228 705 466 747 pacemque
497 697 722 734 converto.
780 693 851 733 De
882 692 1038 745 libris,
1069 694 1306 749 Tyrannio
1336 701 1403 736 est
1433 711 1526 738 ces-

17 747 22 797 {
57 752 200 789 sator:
242 747 500 802 Chrysippo
532 747 697 788 dicam:
730 749 804 788 scd
839 762 908 789 res
939 762 1126 803 operosa
1156 754 1224 790 est
1253 756 1298 790 et
1329 750 1524 794 hominis

17 803 23 846 ἑ·
55 803 383 857 perdiligentis.
469 803 623 842 Sentio
656 804 772 856 ipse,
823 804 898 858 qui
921 805 984 862 ‘in
1023 818 1192 845 summo
1224 805 1375 847 studio
1406 807 1524 849 nihil

18 872 23 899 ἰ
56 872 282 912 assequor.
340 858 410 898 De
438 858 613 897 Latinis
643 872 775 909 vero,
806 873 891 912 quo
920 873 991 900 me
1020 864 1214 911 vertam,
1244 862 1419 904 nescio:
1464 864 1530 904 ita

18 931 23 973 ἰ
54 915 263 954 mendose
293 917 338 953 et
366 914 621 953 scribuntur
649 918 693 952 et
724 918 937 954 veneunt:
989 915 1068 954 sed
1097 920 1245 955 tamen
1276 916 1393 969 quod
1425 917 1527 959 fieri

18 1013 19 1017 ,
86 970 246 1021 oterit,
297 982 383 1009 non
422 968 660 1022 negligam.
719 968 952 1020 Crebrius,
979 974 1027 1009 ut
1056 975 1158 1009 ante
1188 970 1244 1009 ad
1274 976 1316 1011 te
1346 973 1525 1027 scripsi,

53 983 224 1065 homae
254 1029 345 1074 est3
378 1028 421 1064 et
449 1024 526 1077 qui
557 1023 706 1064 omnia
735 1023 957 1075 adiurant,
987 1025 1148 1065 debere
1181 1025 1264 1065 tibi
1294 1027 1426 1067 valde
1457 1042 1526 1069 re-

17 1106 23 1119 ,
53 1082 272 1121 nuntiant.
346 1080 409 1120 Ab
439 1079 613 1119 aerario
644 1084 750 1132 puto
781 1078 1033 1119 confectum
1065 1093 1184 1132 esse,
1225 1080 1330 1121 dum
1358 1082 1524 1126 absum.

18 1147 23 1186 ς
55 1135 281 1185 Quattuor
309 1134 564 1188 tragoedias
595 1147 687 1175 xvi.
718 1134 875 1175 diebus
907 1135 1152 1175 absolvisse
1182 1149 1316 1189 quum
1338 1138 1524 1191 scribas,

17 1243 23 1286 3'
53 1253 155 1286 cavit
189 1253 234 1284 ab
272 1252 422 1293 exsilio,
474 1258 516 1286 nt
553 1252 628 1284 eius
659 1253 772 1296 opera
804 1263 892 1284 cum
932 1258 1062 1285 senatu
1107 1250 1248 1284 rediret
1279 1250 1317 1284 in
1355 1256 1527 1301 gratiam.

18 1327 22 1354 Ἴ
54 1300 256 1335 MANUT.
284 1318 332 1324 —-
362 1301 474 1333 multa
500 1300 656 1340 consol„
698 1311 810 1344 quam
834 1300 892 1332 vel
920 1311 960 1332 ex
989 1299 1234 1346 philosophia
1259 1300 1317 1333 vel
1342 1312 1386 1335 ex
1410 1303 1529 1339 literis

19 1361 23 1388 q
51 1349 109 1382 vel
135 1358 178 1381 ex
204 1348 410 1381 amicorum
437 1347 702 1380 consuetudine
731 1354 830 1392 peto.
867 1347 976 1382 SCH.

20 1398 23 1402 ’
145 1397 180 1431 5.
211 1396 413 1430 Gabinium.
464 1398 497 1430 S.
525 1396 592 1428 den
621 1395 739 1438 vorig.
769 1396 828 1428 ΒΓ.
857 1397 886 1439 ξ.
915 1397 936 1431 2
963 1408 995 1431 u.
1021 1397 1055 1430 3.
1087 1415 1128 1422 -
1166 1398 1206 1430 C.
1233 1396 1363 1431 Vibius
1387 1398 1525 1444 Pansa,

19 1480 23 1487 Ξ
52 1444 119 1478 der
143 1445 195 1477 im
223 1444 333 1477 Iabre
360 1442 459 1477 nach
488 1446 616 1477 casui-s
642 1443 879 1487 Ermordnng
914 1444 983 1477 mit
1008 1444 1152 1478 Hirtius
1179 1446 1313 1479 Consul
1340 1447 1452 1481 ward.
1480 1466 1523 1473 —-

18 1491 23 1538 f
51 1493 283 1526 concidissem
309 1493 333 1525 i.
362 1504 393 1525 e.
421 1492 617 1525 collectam
643 1492 764 1524 multis
798 1492 987 1535 praeclare
1013 1493 1123 1525 factis
1150 1493 1312 1537 gratiam
1338 1494 1525 1530 bonorum

19 1545 23 1570 ί
51 1541 124 1574 hac
152 1551 221 1572 una
248 1551 285 1572 re
313 1540 562 1584 profudissem
589 1551 632 1572 ac
659 1539 909 1583 perdidissem¹
937 1540 1140 1575 MANUT.
1177 1561 1218 1567 —-—
1271 1542 1341 1575 toti
1365 1544 1523 1584 ordines,

19 1586 23 1627 i
49 1588 278 1629 senuerim,
307 1589 505 1633 equestris,
532 1588 715 1632 plebeius,
744 1587 830 1632 quin
857 1588 1024 1621 omnium
1051 1589 1225 1621 ordinum
1251 1600 1377 1623 omnes
1403 1591 1525 1624 homi·

20 1630 21 1636 ¹
48 1648 126 1678 nes,
154 1637 220 1669 wie
247 1647 287 1668 er
313 1636 393 1669 sich
420 1647 479 1681 ep.
510 1635 709 1676 CXthII,
737 1637 781 1670 16
807 1646 889 1680 geg.
916 1636 1008 1669 End.
1035 1636 1255 1669 ausdriickt.
1307 1638 1390 1681 Vgl.
1409 1640 1524 1683 CLII,

47 1686 80 1719 3.
118 1685 276 1723 CXLVI,
305 1685 362 1718 24.
411 1702 459 1707 —
504 1688 658 1727 propter
683 1695 789 1725 eum,
824 1693 920 1726 quem
945 1685 1115 1723 oderunt,
1140 1695 1273 1730 nempe
1310 1685 1524 1720 Gabinium.

48 1726 151 1766 Uber
190 1732 251 1765 die
283 1732 501 1775 Auslassung
537 1732 597 1764 des
630 1731 924 1764 Demonstrativi
956 1731 1053 1765 nach
1080 1732 1231 1766 Griech.
1264 1733 1389 1766 Weise
1425 1734 1528 1768 siehe

47 1778 198 1814 Ramsh.
225 1782 253 1823 §.
282 1780 362 1821 159,
388 1781 421 1818 3,
449 1780 485 1813 b.
511 1780 601 1813 Not.
628 1779 779 1812 Grotef.
807 1781 834 1823 §.
860 1780 943 1820 371,
969 1780 1080 1816 Anm.
1106 1781 1140 1815 3.
1174 1798 1219 1805 —
1257 1785 1426 1824 quantum
1453 1793 1526 1815 om-

21 1866 23 1869 ,
47 1838 109 1860 nes
134 1827 308 1865 viderent,
336 1837 466 1871 nempe
492 1827 747 1860 testimonium
773 1827 813 1859 in
841 1826 1046 1861 Gabinium
1072 1827 1226 1861 dictum.
1302 1829 1386 1863 vid.
1412 1830 1524 1875 epist.

20 1871 24 1895 ¹
51 1875 185 1917 CLIII,
219 1876 251 1909 3.
291 1874 462 1908 Viderent
493 1875 550 1907 vel
583 1875 637 1907 ita
667 1873 936 1918 supplendum:
986 1882 1163 1921 quantum
1197 1887 1325 1909 omnes
1359 1876 1527 1911 viderent

50 1934 110 1956 me
144 1922 299 1964 fecisse3
349 1922 405 1955 vel
445 1923 566 1967 potius
607 1929 785 1967 quantum
823 1933 950 1955 omnes
982 1923 1150 1957 viderent
1183 1924 1277 1957 mihi
1309 1924 1526 1960 faciendum

48 1971 172 2004 fuisse.
199 1969 307 2004 SCH.
334 1988 377 1995 -
404 1971 443 2002 in
467 1979 558 2002 omn.
584 1979 727 2011 summ,
752 1970 804 2003 im
831 1970 990 2005 Ganzen.
1022 1990 1068 1996 —
1104 1971 1210 2005 otium
1235 1984 1284 2002 z
1309 1972 1526 2019 Zuriickge-

20 2026 23 2052 ὲ
49 2018 249 2063 zogenheit
274 2029 344 2050 von
371 2016 629 2059 Geschasten3
653 2028 792 2062 pacem,
817 2018 977 2051 Frieden
1003 2019 1074 2052 mit
1100 2020 1332 2053 ledermann.

21 2070 23 2074 ⁴
144 2067 177 2101 6.
206 2065 262 2097 De
289 2064 408 2105 libris,
433 2076 506 2098 was
533 2065 594 2099 die
620 2064 768 2099 Biicher
793 2066 950 2100 betrifft.
1001 2068 1036 2101 S.
1063 2066 1134 2100 den
1159 2066 1272 2111 vorig.
1297 2067 1406 2101 Brief
1429 2070 1463 2113 §.
1490 2069 1523 2104 5.

50 2132 93 2138 —
120 2117 277 2146 cessator
310 2113 349 2145 in
382 2112 488 2145 libris
523 2112 790 2149 describendis,
842 2113 1065 2157 Chrysippus
1107 2114 1210 2147 ward
1254 2114 1425 2149 nachher
1465 2117 1525 2150 ein

21 2158 346 2206 'Freigelassener
371 2160 435 2193 des
461 2160 605 2196 Cicero.
657 2180 701 2186 ——
751 2161 789 2194 in
813 2170 947 2194 summo
973 2161 1114 2203 studio,
1168 2162 1266 2207 quod
1294 2164 1333 2196 in
1360 2164 1524 2198 curanda

20 2198 24 2243 ,ἶ
46 2220 128 2244 mea
154 2207 382 2242 bibliotheca
407 2219 517 2253 pono.
543 2207 748 2243 MANUT.
781 2226 825 2232 —
858 2207 950 2241 nihil
974 2219 1089 2252 asseq.
1112 2206 1356 2256 ὑπερβολικῶς
1380 2212 1523 2246 dietum

20 2251 23 2296 i
47 2269 137 2302 pro:
175 2257 296 2289 multo
321 2256 440 2290 minus
465 2267 577 2301 quam
603 2257 750 2290 vellem.
803 2274 845 2280 —
895 2261 934 2289 ut
959 2261 1042 2290 ante
1068 2257 1116 2290 ad
1139 2261 1173 2291 te
1198 2269 1268 2293 scr.
1317 2261 1395 2293 Der
1419 2260 1524 2293 Brief

20 2306 96 2338 :ist
129 2305 313 2339 vei-loten.
363 2323 406 2329 —
458 2304 518 2346 qui
552 2305 669 2337 omnia
701 2304 872 2338 adimant
906 2310 978 2336 cet.
1036 2305 1174 2347 Lente,
1225 2307 1289 2340 die
1321 2319 1369 2340 zu
1400 2307 1522 2341 Allem

22 2363 24 2375 s
48 2352 263 2393 schworen‚
300 2352 432 2385 wollen
456 2351 583 2385 Nichts
611 2352 727 2386 davon
756 2353 905 2392 wissen,
933 2351 1014 2384 dass
1040 2353 1094 2386 sie
1119 2354 1190 2387 Dir
1210 2354 1378 2400 scliuldig
1402 2356 1518 2389 seien-

21 2414 24 2431 ι
47 2400 187 2435 Schiitz
221 2400 363 2445 schla‘gt
396 2410 482 2433 vor:
523 2404 556 2433 et
582 2401 640 2444 qui
665 2400 786 2433 omnia
810 2410 848 2432 se
872 2399 1020 2432 adiurat
1045 2401 1171 2435 debere
1195 2402 1278 2444 tibi,
1322 2402 1426 2435 valde
1461 2414 1521 2436 re-

22 2448 187 2482 =nuntiat
212 2448 294 2482 scil.
322 2447 578 2482 conditionem
605 2449 783 2489 oblatam,
811 2454 850 2480 ut
875 2448 1056 2492 pecuniae
1082 2450 1305 2485 credendae.
1355 2452 1448 2483 Nam
1475 2447 1522 2484 de

22 2530 23 2541 γ
47 2507 90 2530 ra
115 2495 330 2542 pecuniaria
355 2496 425 2540 agi,
453 2506 496 2528 ex
519 2495 578 2540 iis,
604 2508 697 2541 quae
719 2497 847 2530 statim
873 2502 1090 2540 sequuntur,
1118 2498 1286 2542 colligas.
1346 2499 1523 2531 Crebrius

22 2546 25 2574 Ι
47 2555 123 2577 war
148 2544 220 2577 wol
245 2545 302 2577 ein
328 2543 551 2588 Negotiator
575 2543 612 2576 in
640 2544 802 2587 Gallien,
829 2543 913 2576 dem
940 2543 1096 2589 Quintus
1122 2546 1217 2578 viele
1235 2546 1523 2591 Gefalligkeiten

22 2606 25 2637 3
47 2591 225 2625 erwiesen
251 2592 367 2625 hatte.
393 2610 440 2616 -—
465 2591 508 2624 ab
534 2592 696 2636 aerario,
719 2592 783 2626 das
808 2590 1289 2636 Schatzkammergeschaft
1314 2593 1375 2635 ist,
1402 2594 1523 2639 glaub'

22 2640 25 2675 ἐ
48 2639 124 2683 ich,
151 2638 331 2673 wahrend
358 2639 500 2673 meiner
524 2639 784 2674 Abwesenlieit
810 2639 1021 2688 berichtigt
1052 2641 1214 2674 worden.
1262 2639 1299 2675 S.
1335 2641 1408 2676 den
1442 2654 1520 2676 vor.

22 2688 25 2723 Ι
46 2688 107 2723 Br.
132 2688 161 2732 §-
186 2688 228 2722 5:
256 2687 301 2720 de
326 2687 419 2721 fisco
446 2687 535 2734 quid
560 2688 679 2732 egerit
703 2687 841 2734 Scipio,
868 2698 1054 2732 quaeram.

23 2733 25 2750 ³
142 2737 175 2772 ⁷.
204 2736 324 2772 Quart.
352 2738 453 2778 trag.
503 2735 617 2771 Recte
641 2736 758 2779 haec,
785 2747 879 2782 quae
905 2736 996 2770 olim
1021 2735 1224 2780 Epistolam
1249 2736 1283 2772 6.
1316 2737 1521 2772 constitue-

992 2787 1091 2831 34*

1567 389 1594 431 5
