1742 3006
528 69 844 114 EPISTOLA
874 68 1088 115 CXLIX.
1465 71 1560 121 505

80 184 200 226 dies:
251 181 494 226 Terentius
543 180 818 224 intercessit.
897 182 1134 234 Consules,
1181 181 1259 238 qui
1306 182 1426 223 illud
1466 185 1558 226 levi

16 242 20 267 '³
79 239 266 282 brachio
297 239 506 294 egissent,
536 250 630 297 rem
659 239 716 280 ad
747 242 946 280 senatum
991 238 1261 280 detulerunt.
1337 238 1429 280 Hic
1466 241 1558 280 Ab-

16 333 17 342 ,
80 297 204 348 dera,
233 309 320 336 non
350 296 525 335 tacente
555 307 638 334 me.
695 294 851 347 Dices,
880 294 1083 346 „Tamen
1112 300 1159 335 tu
1188 308 1276 336 non
1304 294 1501 350 quiescis
1513 293 1559 336 ?“

16 362 17 376 ³
80 352 286 407 Ignosce,
326 349 408 391 vix
436 362 629 404 possum.
713 350 1034 392 Verumtamen
1082 350 1191 404 quid
1241 354 1334 392 tam
1389 350 1558 392 ridicu-

15 409 21 442 ἒ
81 408 201 449 lum?
257 407 447 448 Senatus
476 404 756 459 decreverat,
797 419 853 447 ne
892 406 1018 460 prius
1057 405 1242 447 comitia
1269 405 1560 458 haberentur,

114 476 213 504 uam
242 462 320 503 lex
348 461 439 502 lata
468 465 607 502 esset:
637 463 677 502 si
707 462 786 517 qui
808 461 1150 511 intercessisset,
1184 474 1256 503 res
1284 461 1462 517 integra
1490 475 1560 504 re-

78 479 287 561 }erretur.
346 516 518 572 Coepta
556 516 670 558 ferri
708 518 893 559 leviter:
941 516 1234 558 intercessum
1262 531 1352 558 non
1378 518 1560 560 invitisz

16 587 18 599 ¹
82 588 153 616 res
183 574 241 615 ad
268 577 494 615 senatum
538 573 594 614 de
626 586 679 614 ea
708 587 756 615 re
785 573 850 616 ita
877 576 1161 623 censuerunt,
1203 575 1387 615 comitia
1415 575 1562 629 primo

15 640 19 686 J
81 642 257 686 quoque
287 633 486 685 tempore
514 626 690 680 haberi,
722 643 821 671 esse
850 642 875 670 e
905 642 952 670 re
981 629 1174 685 publica.
1239 628 1451 680 Scaurus,
1482 629 1600 694 qui7

15 690 17 723 ἰ
81 690 179 728 erat
206 685 360 740 paucis
389 686 548 726 diebus
578 685 674 726 illis
703 685 952 734 absolutus,
985 699 1119 740 quum
1149 698 1234 740 ego
1262 690 1434 741 partem
1465 699 1563 727 elus

15 740 19 795 ζ
81 741 364 784 ornatissime
395 740 714 792 defendissem,
746 741 1159 783 obnuntiationibus
1189 755 1271 796 per
1297 742 1563 784 Scaevolam

15 799 19 826 ἵ
83 797 378 852 interpositis,
419 798 611 851 singulis
651 797 810 838 diebus
850 810 990 852 usque
1021 797 1079 839 ad
1108 797 1214 838 Kal.
1247 797 1425 849 Octob„
1473 811 1562 852 quo

15 884 17 892 ,
83 868 165 909 ego
195 853 308 894 haec
337 852 411 894 die
440 853 620 908 scripsi,
651 852 857 903 sublatis,
889 853 1055 909 populo
1084 852 1291 894 tributim
1317 853 1440 895 domi
1457 867 1562 895 suae

18 934 19 937 =
83 909 378 951 satisfecerat.
439 908 529 949 Sed
567 912 730 957 tamen,
778 908 864 949 etsi
906 909 1089 950 uberior
1128 908 1381 951 liberalitas
1411 908 1563 961 huius,

15 989 19 1016 5
82 965 256 1021 gratior
284 977 382 1006 esse
409 964 648 1006 videbatur
685 976 857 1014 eorum,
899 964 978 1019 qui
1015 968 1300 1019 occuparant.
1344 964 1564 1020 Cuperem

16 1047 19 1054 ι
83 1022 255 1064 vultum
283 1019 440 1062 videre
469 1024 608 1070 tuum,
639 1032 775 1075 quum
804 1018 919 1061 haec
949 1020 1139 1074 legeres.
1207 1019 1323 1061 Nam
1362 1020 1567 1076 profecto

15 1231 19 1250 ς
83 1212 163 1246 sein
193 1213 288 1246 Veto
321 1209 576 1246 dazwischen.
628 1228 670 1234 —
730 1209 794 1254 qui
824 1207 920 1243 illud
954 1209 1027 1243 leri
1062 1209 1116 1242 br.
1150 1208 1332 1254 egissent,
1377 1212 1440 1246 die
1482 1212 1568 1246 sich

15 1252 19 1282 ²
84 1260 146 1295 bei
171 1260 240 1295 der
265 1259 387 1294 Sache
411 1259 543 1307 wenig
569 1264 706 1306 geregt
730 1257 877 1301 hatten,
916 1257 1009 1292 weil
1034 1256 1088 1291 sie
1115 1256 1198 1291 sich
1222 1269 1358 1307 weg-en
1383 1260 1448 1295 des
1474 1260 1570 1295 oben

86 1308 311 1343 erw’ahnten
335 1308 519 1354 Vertrags
545 1307 616 1340 mit
642 1306 714 1339 den
741 1305 972 1340 Candidaten
997 1304 1134 1339 Nichts
1163 1312 1272 1353 gutes
1301 1310 1466 1343 bewusst
1490 1319 1571 1343 wa·

86 1368 166 1392 ren.
191 1375 239 1381 —-·
264 1356 335 1390 Hic
361 1355 525 1396 Abdera,
550 1354 595 1388 da
621 1355 717 1402 ging·
742 1365 780 1388 es
808 1365 885 1386 nun
911 1365 1007 1401 ganz
1037 1353 1281 1389 Abderitisch
1305 1366 1373 1400 zu3
1398 1357 1568 1390 n'a'mlich

87 1406 142 1438 im
167 1404 315 1438 Senate.
365 1403 438 1438 Die
468 1401 709 1436 Einwohner
750 1412 821 1436 von
856 1401 1000 1436 Abdera
1033 1401 1072 1434 in
1101 1401 1304 1447 Thracien,
1343 1404 1569 1439 Landsleute

87 1452 151 1487 des
178 1451 436 1496 Philosophen
462 1450 718 1490 Demokritus,
744 1449 901 1484 standen
931 1450 984 1483 im
1010 1449 1107 1483 Rufe
1132 1449 1309 1485 alberner
1334 1452 1568 1487 Dummheit.

86 1501 124 1535 S.
151 1500 319 1534 Iuvenal.
333 1501 377 1542 X,
387 1501 443 1534 50.
465 1517 508 1523 —
526 1510 597 1532 non
623 1502 764 1532 tacente
788 1508 844 1530 me
869 1498 893 1532 i.
911 1509 941 1532 e.
958 1508 1018 1530 me
1044 1497 1348 1543 reprehendente
1374 1501 1568 1535 levitatem

86 1548 366 1592 stultitiamque
392 1553 619 1586 senatorum,
647 1546 726 1591 qui,
753 1557 868 1592 quum
894 1551 999 1579 antea
1025 1545 1292 1587 decrevissent,
1329 1553 1372 1582 ut
1396 1555 1482 1583 ante
1506 1559 1570 1583 co-

87 1597 196 1630 mitia
223 1597 380 1630 tacitum
407 1595 592 1629 iudicium
622 1594 746 1636 fieret,
789 1605 875 1628 mox
900 1594 1163 1635 decernerent,
1189 1601 1230 1628 ut
1260 1596 1388 1639 primo
1422 1607 1570 1642 quoque

87 1651 260 1690 tempore
286 1643 440 1678 comitia
466 1643 615 1684 fierent,
642 1642 776 1676 emisso
801 1642 915 1676 tacito
939 1641 1089 1676 iudicio.
1118 1643 1321 1678 MANUT.
1347 1663 1393 1669 —
1423 1646 1576 1689 Tamen,

88 1692 270 1741 obgleich
296 1693 355 1726 Du
380 1702 420 1726 so
446 1691 576 1738 h'ziufig
600 1690 858 1736 versproehen
883 1689 981 1732 hast,
1013 1689 1114 1724 Dich
1139 1690 1259 1745 ruhig
1283 1703 1332 1725 zu
1356 1692 1574 1735 verhalten,

90 1741 161 1776 tibi
187 1747 223 1774 et
250 1739 327 1774 otio
355 1751 383 1774 s.
410 1739 545 1772 studiis
571 1739 712 1772 vivere.
752 1757 794 1763 ——
843 1738 903 1771 lea:
927 1737 972 1772 de
1000 1737 1113 1772 tacito
1139 1738 1279 1773 iudic10
1307 1740 1386 1773 lala
1411 1745 1504 1774 esset
1528 1740 1574 1775 ad

89 1789 290 1834 populum.
318 1806 365 1812 —
391 1797 451 1821 res
475 1787 627 1829 integra
654 1787 864 1828 referretur
889 1786 935 1819 ad
959 1792 1144 1827 senatum,
1171 1797 1210 1820 so
1235 1787 1348 1822 sollte
1376 1787 1436 1822 die
1453 1787 1572 1823 Saehe

89 1849 188 1882 ganz
213 1846 289 1870 von
314 1837 460 1870 Neuem
483 1835 632 1868 wieder
655 1845 728 1867 vor
749 1834 820 1867 den
832 1833 945 1868 Senat
970 1833 1156 1882 gebracht
1180 1835 1349 1870 werden.
1373 1855 1419 1862 --
1445 1841 1573 1880 coepta

83 1885 190 1928 sev-ri
215 1884 345 1918 leviter
369 1897 419 1914 z
441 1882 553 1917 molli
577 1881 735 1916 brachio
760 1893 780 1915 a
806 1882 1019 1916 consulibus
1043 1881 1088 1916 ad
1108 1882 1302 1928 populum.
1329 1902 1371 1909 -
1399 1885 1573 1918 interces-

91 1944 169 1967 sum
196 1938 252 1967 est
277 1942 347 1966 non
373 1931 509 1970 inritis,
538 1930 599 1965 ein
625 1929 785 1971 Tritum,
811 1941 891 1964 was
917 1930 971 1964 sie
998 1930 1074 1971 (die
1086 1930 1265 1973 Consuln)
1289 1931 1399 1965 nicht
1423 1944 1572 1980 ung-ern

92 1981 221 2023 sahen,
248 1980 352 2026 legte
379 1980 462 2013 sein
486 1979 579 2013 Veto
605 1978 665 2012 ein
707 1998 750 2003 —
819 1989 876 2012 res
900 1979 949 2011 ad
971 1989 1044 2011 sen.
1069 1979 1218 2025 integ-ra
1243 1979 1492 2014 referebatur.
1529 1998 1572 2006 —

92 2033 301 2062 censuerunt
328 2034 528 2069 senatores,
554 2038 632 2061 was
658 2027 712 2059 im
739 2025 949 2060 Collectivo
975 2031 1138 2059 senatum
1164 2027 1359 2061 versteckt
1391 2028 1499 2077 liegt.
1537 2028 1574 2062 S.

93 2076 238 2110 Grotef.
267 2077 295 2119 §.
325 2076 402 2110 195.
432 2075 539 2107 Anm.
575 2093 614 2100 -
655 2073 722 2118 [τὸ]
750 2075 898 2108 comitia
922 2075 1044 2118 primo
1073 2099 1080 2106 .
1107 2098 1115 2106 .
1144 2099 1152 2107 .
1178 2085 1197 2107 e
1221 2085 1262 2107 re
1286 2076 1456 2119 publica,
1490 2076 1574 2111 dass

92 2125 154 2159 die
182 2123 372 2158 Comitien
408 2122 536 2156 sobald
570 2122 624 2156 als
650 2122 823 2170 moglich
849 2133 920 2156 vor
946 2122 1029 2155 sich
1056 2122 1211 2169 gingem
1249 2122 1311 2157 das
1336 2125 1389 2158 sei
1414 2125 1478 2157 fiir
1503 2124 1575 2158 den

94 2173 198 2207 Staat
223 2182 282 2204 am
309 2170 686 2215 Erspriesslichsten.
739 2171 840 2204 Uber
876 2170 947 2203 den
981 2170 1326 2205 Subiectsinfinitiv
1360 2184 1387 2207 s.
1425 2172 1577 2206 Ramsh.

94 2222 123 2263 §.
153 2221 234 2262 168,
261 2220 295 2253 4.
322 2219 471 2252 Grotef.
499 2217 526 2260 ἕ.
554 2219 623 2253 304
649 2231 687 2254 u.
713 2221 806 2261 3115
832 2218 924 2251 iiber
946 2217 1065 2261 primo
1091 2229 1226 2263 quoque
1252 2220 1574 2264 temporeRamsh.

95 2270 125 2311 ᾗ.
153 2270 233 2310 156,
263 2269 296 2308 1,
322 2279 352 2300 a.
383 2286 424 2290 —
446 2277 463 2299 e
488 2275 529 2298 re
551 2267 707 2311 publica.
758 2266 821 2301 Sic
848 2266 991 2308 Iunius,
1022 2276 1040 2299 e
1067 2276 1106 2300 re
1130 2268 1213 2302 Bos.
1240 2268 1336 2302 coni.
1363 2268 1456 2303 Ern.
1485 2268 1573 2303 Sch.

95 2317 252 2350 Liinem.
293 2313 488 2348 ORELLI.

192 2366 223 2399 7.
276 2363 444 2397 Scaurus.
489 2360 525 2395 S.
565 2362 812 2407 op.CXLV1,
841 2364 895 2396 ll.
925 2363 980 2397 16.
1029 2380 1071 2385 —
1114 2367 1258 2407 partem
1296 2364 1320 2397 i.
1357 2376 1388 2398 e.
1425 2376 1575 2398 causam

96 2411 185 2445 eius.
219 2422 289 2455 pro
313 2414 423 2455 parte
456 2420 535 2444 mea
570 2421 643 2445 rem
676 2411 754 2444 eins
787 2409 974 2445 Heinrich
1012 2411 1086 2444 Cic.
1121 2411 1273 2453 Fragm.
1312 2412 1431 2446 Oratt.
1465 2424 1502 2457 p.
1533 2415 1576 2447 14

97 2466 135 2494 et
164 2461 242 2495 103.
271 2477 311 2484 ——
353 2459 495 2492 obnunt.
523 2484 531 2492 .
559 2483 567 2492 .
596 2486 604 2493 .
631 2458 805 2503 interpos.
840 2466 926 2497 cet.‚
959 2459 1051 2492 weil
1084 2458 1152 2492 der
1184 2459 1330 2492 Tribun
1366 2460 1404 2502 Q.
1434 2460 1576 2493 Mucius

97 2507 275 2541 Scaevola
316 2506 439 2539 durch
476 2507 578 2540 seine
613 2507 832 2554 Einlegung
876 2506 967 2540 oder
1000 2507 1271 2551 Einwendung
1307 2508 1579 2555 vorgeblicher

98 2555 410 2598 Beobachtungen
444 2565 503 2587 am
537 2555 703 2588 Himmel
739 2555 810 2588 alle
845 2555 947 2602 Tage
983 2555 1039 2588 bis
1078 2567 1164 2588 zum
1196 2548 1327 2589 3031en
1355 2547 1578 2601 September

99 2614 146 2636 zu
170 2602 622 2650 Volksversammlungen
647 2603 722 2636 und
749 2603 919 2638 VVahlen
944 2602 1208 2636 unbrauchbar
1232 2603 1402 2644 machte3
1448 2616 1486 2638 so
1512 2615 1577 2649 ge-

99 2662 212 2683 wann
238 2649 396 2683 Scaurus
425 2650 592 2684 dadurch
621 2651 720 2693 Zeit,
747 2651 808 2684 das
834 2650 944 2690 Volk‚
972 2652 1091 2684 Zunst
1117 2662 1185 2683 vor
1212 2652 1340 2689 zunst,
1369 2652 1407 2684 in
1434 2654 1576 2686 seinem

100 2699 224 2731 nauso
251 2710 294 2731 zu
321 2697 569 2748 hefriedigen.
612 2718 652 2723 —
698 2699 846 2732 uberior
870 2699 953 2731 scil.
982 2698 1209 2732 liberalitate
1235 2700 1392 2733 Domitii
1419 2707 1455 2734 et
1482 2702 1577 2734 Mes-

100 2746 212 2788 salae,
239 2746 544 2792 competitorum,
570 2749 630 2792 qut
658 2751 894 2792 occuparant,
934 2746 994 2780 die
1023 2746 1102 2780 ihm
1129 2747 1472 2793 zuvorgckommen
1499 2760 1578 2783 wa·
