<?xml version="1.0" encoding="UTF-8"?>
<!DOCTYPE html PUBLIC "-//W3C//DTD XHTML 1.0 Transitional//EN"
    "http://www.w3.org/TR/xhtml1/DTD/xhtml1-transitional.dtd">
<html xmlns="http://www.w3.org/1999/xhtml" xml:lang="en" lang="en">
 <head>
  <title>
</title>
<meta http-equiv="Content-Type" content="text/html;charset=utf-8" />
  <meta name='ocr-system' content='tesseract 3.04.00' />
  <meta name='ocr-capabilities' content='ocr_page ocr_carea ocr_par ocr_line ocrx_word'/>
</head>
<body>
  <div class='ocr_page' id='page_1' title='image "./epistolaeadattic00ciceuoft/epistolaeadattic00ciceuoft_0390.png"; bbox 0 0 1742 3006; ppageno 0'>
   <div class='ocr_carea' id='block_1_1' title="bbox 209 117 1423 170">
    <p class='ocr_par' dir='ltr' id='par_1_1' title="bbox 209 117 1423 170">
     <span class='ocr_line' id='line_1_1' title="bbox 209 117 1423 170; baseline -0.007 0"><span class='ocrx_word' id='word_1_1' title='bbox 209 120 304 170; x_wconf 80' lang='grc'>372</span> <span class='ocrx_word' id='word_1_2' title='bbox 488 121 554 165; x_wconf 89' lang='grc' dir='ltr'>Μ.</span> <span class='ocrx_word' id='word_1_3' title='bbox 586 122 644 164; x_wconf 90' lang='grc' dir='ltr'>Τ.</span> <span class='ocrx_word' id='word_1_4' title='bbox 675 117 1018 165; x_wconf 86' lang='lat' dir='ltr'>CICERONIS</span> <span class='ocrx_word' id='word_1_5' title='bbox 1047 118 1423 164; x_wconf 84' lang='lat' dir='ltr'><strong>EPISTOLAE.</strong></span> 
     </span>
    </p>
   </div>
   <div class='ocr_carea' id='block_1_2' title="bbox 200 231 1742 1462">
    <p class='ocr_par' dir='ltr' id='par_1_2' title="bbox 200 231 1742 1462">
     <span class='ocr_line' id='line_1_2' title="bbox 207 231 1689 288; baseline -0.001 -11"><span class='ocrx_word' id='word_1_6' title='bbox 207 237 253 277; x_wconf 88' lang='lat' dir='ltr'>et</span> <span class='ocrx_word' id='word_1_7' title='bbox 281 233 481 284; x_wconf 81' lang='lat' dir='ltr'>fortiter3</span> <span class='ocrx_word' id='word_1_8' title='bbox 510 233 580 275; x_wconf 88' lang='lat' dir='ltr'>sin</span> <span class='ocrx_word' id='word_1_9' title='bbox 609 232 776 288; x_wconf 85' lang='lat' dir='ltr'>aliquid</span> <span class='ocrx_word' id='word_1_10' title='bbox 806 236 923 276; x_wconf 87' lang='lat' dir='ltr'>esset</span> <span class='ocrx_word' id='word_1_11' title='bbox 951 233 1184 287; x_wconf 81' lang='lat' dir='ltr'>offensum,</span> <span class='ocrx_word' id='word_1_12' title='bbox 1214 232 1392 276; x_wconf 87' lang='lat' dir='ltr'>eosdem</span> <span class='ocrx_word' id='word_1_13' title='bbox 1420 231 1522 274; x_wconf 90' lang='lat' dir='ltr'>illos</span> <span class='ocrx_word' id='word_1_14' title='bbox 1551 233 1596 275; x_wconf 83' lang='lat' dir='ltr'>et</span> <span class='ocrx_word' id='word_1_15' title='bbox 1616 245 1689 276; x_wconf 89' lang='lat' dir='ltr'>cu-</span> 
     </span>
     <span class='ocr_line' id='line_1_3' title="bbox 211 289 1690 346; baseline -0.001 -14"><span class='ocrx_word' id='word_1_16' title='bbox 211 291 316 346; x_wconf 83' lang='lat' dir='ltr'>pide</span> <span class='ocrx_word' id='word_1_17' title='bbox 345 296 389 332; x_wconf 86' lang='lat' dir='ltr'>et</span> <span class='ocrx_word' id='word_1_18' title='bbox 418 295 586 331; x_wconf 89' lang='lat' dir='ltr'>temere</span> <span class='ocrx_word' id='word_1_19' title='bbox 615 289 776 331; x_wconf 85' lang='lat' dir='ltr'>secisse</span> <span class='ocrx_word' id='word_1_20' title='bbox 805 291 1018 332; x_wconf 88' lang='lat' dir='ltr'>dicturos.</span> <span class='ocrx_word' id='word_1_21' title='bbox 1077 289 1228 339; x_wconf 79' lang='lat' dir='ltr'>Quare</span> <span class='ocrx_word' id='word_1_22' title='bbox 1255 289 1362 345; x_wconf 86' lang='lat' dir='ltr'>quid</span> <span class='ocrx_word' id='word_1_23' title='bbox 1391 289 1567 344; x_wconf 81' lang='lat' dir='ltr'><strong>assequi</strong></span> <span class='ocrx_word' id='word_1_24' title='bbox 1591 302 1690 342; x_wconf 90' lang='lat' dir='ltr'>pos-</span> 
     </span>
     <span class='ocr_line' id='line_1_4' title="bbox 210 345 1691 399; baseline -0.001 -10"><span class='ocrx_word' id='word_1_25' title='bbox 210 349 300 398; x_wconf 89' lang='lat' dir='ltr'>sis,</span> <span class='ocrx_word' id='word_1_26' title='bbox 338 359 424 387; x_wconf 85' lang='lat' dir='ltr'>non</span> <span class='ocrx_word' id='word_1_27' title='bbox 452 351 545 388; x_wconf 89' lang='lat' dir='ltr'>tam</span> <span class='ocrx_word' id='word_1_28' title='bbox 575 345 707 387; x_wconf 85' lang='lat' dir='ltr'>facile</span> <span class='ocrx_word' id='word_1_29' title='bbox 737 350 803 387; x_wconf 76' lang='lat' dir='ltr'>est</span> <span class='ocrx_word' id='word_1_30' title='bbox 831 347 981 398; x_wconf 82' lang='lat' dir='ltr'>nobis,</span> <span class='ocrx_word' id='word_1_31' title='bbox 1023 358 1153 399; x_wconf 86' lang='lat' dir='ltr'>quam</span> <span class='ocrx_word' id='word_1_32' title='bbox 1183 347 1289 397; x_wconf 86' lang='lat' dir='ltr'>tibi,</span> <span class='ocrx_word' id='word_1_33' title='bbox 1328 345 1451 386; x_wconf 87' lang='lat' dir='ltr'>cuius</span> <span class='ocrx_word' id='word_1_34' title='bbox 1481 358 1618 399; x_wconf 85' lang='lat' dir='ltr'><strong>prope</strong></span> <span class='ocrx_word' id='word_1_35' title='bbox 1645 345 1691 387; x_wconf 91' lang='lat' dir='ltr'>in</span> 
     </span>
     <span class='ocr_line' id='line_1_5' title="bbox 210 401 1690 456; baseline -0.002 -12"><span class='ocrx_word' id='word_1_36' title='bbox 210 405 447 456; x_wconf 89' lang='lat' dir='ltr'>conspectu</span> <span class='ocrx_word' id='word_1_37' title='bbox 475 402 704 456; x_wconf 76' lang='lat' dir='ltr'><strong>Aegyptus</strong></span> <span class='ocrx_word' id='word_1_38' title='bbox 735 406 826 454; x_wconf 88' lang='lat' dir='ltr'>est,</span> <span class='ocrx_word' id='word_1_39' title='bbox 857 402 1067 442; x_wconf 85' lang='lat' dir='ltr'>iudicare.</span> <span class='ocrx_word' id='word_1_40' title='bbox 1137 401 1233 443; x_wconf 89' lang='lat' dir='ltr'>Nos</span> <span class='ocrx_word' id='word_1_41' title='bbox 1273 401 1450 456; x_wconf 83' lang='lat' dir='ltr'>quidem</span> <span class='ocrx_word' id='word_1_42' title='bbox 1480 401 1566 442; x_wconf 92' lang='lat' dir='ltr'>hoc</span> <span class='ocrx_word' id='word_1_43' title='bbox 1593 413 1690 442; x_wconf 88' lang='lat' dir='ltr'>sen-</span> 
     </span>
     <span class='ocr_line' id='line_1_6' title="bbox 210 457 1691 513; baseline -0.001 -14"><span class='ocrx_word' id='word_1_44' title='bbox 210 460 365 500; x_wconf 86' lang='lat' dir='ltr'>timus:</span> <span class='ocrx_word' id='word_1_45' title='bbox 414 457 455 498; x_wconf 90' lang='lat' dir='ltr'>si</span> <span class='ocrx_word' id='word_1_46' title='bbox 492 459 764 513; x_wconf 84' lang='lat' dir='ltr'>exploratum</span> <span class='ocrx_word' id='word_1_47' title='bbox 804 458 885 498; x_wconf 83' lang='lat' dir='ltr'>tibi</span> <span class='ocrx_word' id='word_1_48' title='bbox 913 458 972 498; x_wconf 92' lang='lat' dir='ltr'>sit</span> <span class='ocrx_word' id='word_1_49' title='bbox 999 470 1128 512; x_wconf 91' lang='lat' dir='ltr'>posse</span> <span class='ocrx_word' id='word_1_50' title='bbox 1157 461 1201 498; x_wconf 89' lang='lat' dir='ltr'>te</span> <span class='ocrx_word' id='word_1_51' title='bbox 1237 457 1353 498; x_wconf 86' lang='lat' dir='ltr'>illius</span> <span class='ocrx_word' id='word_1_52' title='bbox 1383 457 1510 511; x_wconf 86' lang='lat' dir='ltr'>regni</span> <span class='ocrx_word' id='word_1_53' title='bbox 1538 457 1691 511; x_wconf 80' lang='lat' dir='ltr'>potiri,</span> 
     </span>
     <span class='ocr_line' id='line_1_7' title="bbox 210 512 1688 566; baseline -0.001 -12"><span class='ocrx_word' id='word_1_54' title='bbox 210 527 297 554; x_wconf 91' lang='lat' dir='ltr'>non</span> <span class='ocrx_word' id='word_1_55' title='bbox 326 527 422 555; x_wconf 84' lang='lat' dir='ltr'>esse</span> <span class='ocrx_word' id='word_1_56' title='bbox 451 514 767 564; x_wconf 67' lang='lat' dir='ltr'>cunctandum,</span> <span class='ocrx_word' id='word_1_57' title='bbox 810 514 849 554; x_wconf 86' lang='lat' dir='ltr'>si</span> <span class='ocrx_word' id='word_1_58' title='bbox 878 513 1058 553; x_wconf 89' lang='lat' dir='ltr'>dubium</span> <span class='ocrx_word' id='word_1_59' title='bbox 1087 513 1160 566; x_wconf 86' lang='lat' dir='ltr'>sit,</span> <span class='ocrx_word' id='word_1_60' title='bbox 1189 527 1275 554; x_wconf 88' lang='lat' dir='ltr'>non</span> <span class='ocrx_word' id='word_1_61' title='bbox 1304 527 1400 555; x_wconf 89' lang='lat' dir='ltr'>esse</span> <span class='ocrx_word' id='word_1_62' title='bbox 1429 512 1688 554; x_wconf 88' lang='lat' dir='ltr'>conandum.</span> 
     </span>
     <span class='ocr_line' id='line_1_8' title="bbox 208 567 1691 624; baseline 0 -15"><span class='ocrx_word' id='word_1_63' title='bbox 208 569 326 610; x_wconf 89' lang='lat' dir='ltr'>Illud</span> <span class='ocrx_word' id='word_1_64' title='bbox 353 570 434 610; x_wconf 84' lang='lat' dir='ltr'>tibi</span> <span class='ocrx_word' id='word_1_65' title='bbox 464 570 668 621; x_wconf 89' lang='lat' dir='ltr'>affirmo,</span> <span class='ocrx_word' id='word_1_66' title='bbox 699 570 738 610; x_wconf 90' lang='lat' dir='ltr'>si</span> <span class='ocrx_word' id='word_1_67' title='bbox 768 582 860 610; x_wconf 86' lang='lat' dir='ltr'>rem</span> <span class='ocrx_word' id='word_1_68' title='bbox 888 569 1020 610; x_wconf 86' lang='lat' dir='ltr'>istam</span> <span class='ocrx_word' id='word_1_69' title='bbox 1050 583 1104 609; x_wconf 84' lang='lat' dir='ltr'>ex</span> <span class='ocrx_word' id='word_1_70' title='bbox 1132 571 1348 611; x_wconf 84' lang='lat' dir='ltr'>sententia</span> <span class='ocrx_word' id='word_1_71' title='bbox 1375 570 1592 624; x_wconf 85' lang='lat' dir='ltr'>gesseris,</span> <span class='ocrx_word' id='word_1_72' title='bbox 1623 567 1691 609; x_wconf 84' lang='lat' dir='ltr'>fo-</span> 
     </span>
     <span class='ocr_line' id='line_1_9' title="bbox 208 623 1691 679; baseline -0.001 -13"><span class='ocrx_word' id='word_1_73' title='bbox 208 638 272 678; x_wconf 87' lang='lat' dir='ltr'>re,</span> <span class='ocrx_word' id='word_1_74' title='bbox 299 628 350 665; x_wconf 89' lang='lat' dir='ltr'>ut</span> <span class='ocrx_word' id='word_1_75' title='bbox 378 626 534 666; x_wconf 84' lang='lat' dir='ltr'>absens</span> <span class='ocrx_word' id='word_1_76' title='bbox 565 639 591 666; x_wconf 89' lang='lat' dir='ltr'>a</span> <span class='ocrx_word' id='word_1_77' title='bbox 618 626 782 677; x_wconf 89' lang='lat' dir='ltr'>multis,</span> <span class='ocrx_word' id='word_1_78' title='bbox 812 639 944 679; x_wconf 92' lang='lat' dir='ltr'>quum</span> <span class='ocrx_word' id='word_1_79' title='bbox 973 624 1184 678; x_wconf 83' lang='lat' dir='ltr'>redieris,</span> <span class='ocrx_word' id='word_1_80' title='bbox 1216 626 1270 666; x_wconf 85' lang='lat' dir='ltr'>ab</span> <span class='ocrx_word' id='word_1_81' title='bbox 1299 626 1500 666; x_wconf 90' lang='lat' dir='ltr'>omnibus</span> <span class='ocrx_word' id='word_1_82' title='bbox 1530 623 1691 665; x_wconf 84' lang='lat' dir='ltr'>collau-</span> 
     </span>
     <span class='ocr_line' id='line_1_10' title="bbox 207 680 1691 735; baseline -0.001 -13"><span class='ocrx_word' id='word_1_83' title='bbox 207 681 330 722; x_wconf 86' lang='lat' dir='ltr'>dere.</span> <span class='ocrx_word' id='word_1_84' title='bbox 390 680 693 722; x_wconf 77' lang='lat' dir='ltr'>offensionem</span> <span class='ocrx_word' id='word_1_85' title='bbox 722 694 818 722; x_wconf 89' lang='lat' dir='ltr'>esse</span> <span class='ocrx_word' id='word_1_86' title='bbox 855 681 1147 735; x_wconf 81' lang='lat' dir='ltr'>periculosam</span> <span class='ocrx_word' id='word_1_87' title='bbox 1175 684 1357 735; x_wconf 86' lang='lat' dir='ltr'>propter</span> <span class='ocrx_word' id='word_1_88' title='bbox 1383 680 1691 734; x_wconf 82' lang='lat' dir='ltr'>interpositam</span> 
     </span>
     <span class='ocr_line' id='line_1_11' title="bbox 207 736 1691 791; baseline -0.001 -13"><span class='ocrx_word' id='word_1_89' title='bbox 207 738 523 778; x_wconf 82' lang='lat' dir='ltr'>auctoritatem</span> <span class='ocrx_word' id='word_1_90' title='bbox 555 738 900 791; x_wconf 81' lang='lat' dir='ltr'>religionemque</span> <span class='ocrx_word' id='word_1_91' title='bbox 928 736 1070 778; x_wconf 78' lang='lat' dir='ltr'>video.</span> <span class='ocrx_word' id='word_1_92' title='bbox 1128 736 1215 777; x_wconf 85' lang='lat' dir='ltr'>Sed</span> <span class='ocrx_word' id='word_1_93' title='bbox 1245 751 1326 790; x_wconf 83' lang='lat' dir='ltr'>ego</span> <span class='ocrx_word' id='word_1_94' title='bbox 1356 741 1415 783; x_wconf 84' lang='lat' dir='ltr'>te,</span> <span class='ocrx_word' id='word_1_95' title='bbox 1443 741 1491 777; x_wconf 92' lang='lat' dir='ltr'>ut</span> <span class='ocrx_word' id='word_1_96' title='bbox 1519 736 1575 777; x_wconf 85' lang='lat' dir='ltr'>ad</span> <span class='ocrx_word' id='word_1_97' title='bbox 1597 749 1691 777; x_wconf 86' lang='lat' dir='ltr'>cer-</span> 
     </span>
     <span class='ocr_line' id='line_1_12' title="bbox 206 792 1691 843; baseline 0 -10"><span class='ocrx_word' id='word_1_98' title='bbox 206 797 299 834; x_wconf 85' lang='lat' dir='ltr'>tam</span> <span class='ocrx_word' id='word_1_99' title='bbox 329 792 506 834; x_wconf 84' lang='lat' dir='ltr'>laudem</span> <span class='ocrx_word' id='word_1_100' title='bbox 535 792 771 843; x_wconf 80' lang='lat' dir='ltr'>adhortor,</span> <span class='ocrx_word' id='word_1_101' title='bbox 801 794 867 833; x_wconf 90' lang='lat' dir='ltr'>sic</span> <span class='ocrx_word' id='word_1_102' title='bbox 896 806 923 833; x_wconf 82' lang='lat' dir='ltr'>a</span> <span class='ocrx_word' id='word_1_103' title='bbox 951 792 1235 833; x_wconf 86' lang='lat' dir='ltr'>dimicatione</span> <span class='ocrx_word' id='word_1_104' title='bbox 1264 793 1488 833; x_wconf 85' lang='lat' dir='ltr'>deterreo:</span> <span class='ocrx_word' id='word_1_105' title='bbox 1537 792 1691 833; x_wconf 90' lang='lat' dir='ltr'>redeo-</span> 
     </span>
     <span class='ocr_line' id='line_1_13' title="bbox 207 848 1742 904; baseline -0.001 -15"><span class='ocrx_word' id='word_1_106' title='bbox 207 861 291 903; x_wconf 89' lang='lat' dir='ltr'>que</span> <span class='ocrx_word' id='word_1_107' title='bbox 320 848 377 889; x_wconf 91' lang='lat' dir='ltr'>ad</span> <span class='ocrx_word' id='word_1_108' title='bbox 405 848 532 901; x_wconf 91' lang='lat' dir='ltr'>illud,</span> <span class='ocrx_word' id='word_1_109' title='bbox 562 849 678 903; x_wconf 90' lang='lat' dir='ltr'>quod</span> <span class='ocrx_word' id='word_1_110' title='bbox 706 849 836 889; x_wconf 86' lang='lat' dir='ltr'>initio</span> <span class='ocrx_word' id='word_1_111' title='bbox 865 849 1050 904; x_wconf 79' lang='lat' dir='ltr'>scripsi,</span> <span class='ocrx_word' id='word_1_112' title='bbox 1080 849 1215 891; x_wconf 85' lang='lat' dir='ltr'>totius</span> <span class='ocrx_word' id='word_1_113' title='bbox 1245 848 1352 890; x_wconf 82' lang='lat' dir='ltr'>facti</span> <span class='ocrx_word' id='word_1_114' title='bbox 1382 849 1447 888; x_wconf 88' lang='lat' dir='ltr'>tui</span> <span class='ocrx_word' id='word_1_115' title='bbox 1475 848 1690 888; x_wconf 89' lang='lat' dir='ltr'>iudicium</span> <span class='ocrx_word' id='word_1_116' title='bbox 1739 871 1742 873; x_wconf 94' lang='lat'>-</span> 
     </span>
     <span class='ocr_line' id='line_1_14' title="bbox 207 902 1689 958; baseline -0.001 -13"><span class='ocrx_word' id='word_1_117' title='bbox 207 917 298 945; x_wconf 91' lang='lat' dir='ltr'>non</span> <span class='ocrx_word' id='word_1_118' title='bbox 326 908 417 945; x_wconf 88' lang='lat' dir='ltr'>tam</span> <span class='ocrx_word' id='word_1_119' title='bbox 447 917 500 946; x_wconf 84' lang='lat' dir='ltr'>ex</span> <span class='ocrx_word' id='word_1_120' title='bbox 529 905 715 945; x_wconf 87' lang='lat' dir='ltr'>consilio</span> <span class='ocrx_word' id='word_1_121' title='bbox 744 909 843 956; x_wconf 91' lang='lat' dir='ltr'>tuo,</span> <span class='ocrx_word' id='word_1_122' title='bbox 893 918 1023 958; x_wconf 83' lang='lat' dir='ltr'>quam</span> <span class='ocrx_word' id='word_1_123' title='bbox 1060 918 1114 946; x_wconf 85' lang='lat' dir='ltr'>ex</span> <span class='ocrx_word' id='word_1_124' title='bbox 1152 909 1312 945; x_wconf 71' lang='lat' dir='ltr'>eventu</span> <span class='ocrx_word' id='word_1_125' title='bbox 1351 902 1553 945; x_wconf 89' lang='lat' dir='ltr'>homines</span> <span class='ocrx_word' id='word_1_126' title='bbox 1592 916 1689 944; x_wconf 87' lang='lat' dir='ltr'>esse</span> 
     </span>
     <span class='ocr_line' id='line_1_15' title="bbox 209 959 1688 1014; baseline -0.001 -13"><span class='ocrx_word' id='word_1_127' title='bbox 209 960 417 1002; x_wconf 87' lang='lat' dir='ltr'>facturos.</span> <span class='ocrx_word' id='word_1_128' title='bbox 504 959 677 1009; x_wconf 80' lang='lat' dir='ltr'>Quodsi</span> <span class='ocrx_word' id='word_1_129' title='bbox 706 960 814 1001; x_wconf 84' lang='lat' dir='ltr'>haec</span> <span class='ocrx_word' id='word_1_130' title='bbox 844 961 957 1001; x_wconf 86' lang='lat' dir='ltr'>ratio</span> <span class='ocrx_word' id='word_1_131' title='bbox 987 961 1056 1000; x_wconf 91' lang='lat' dir='ltr'>rei</span> <span class='ocrx_word' id='word_1_132' title='bbox 1085 960 1303 1013; x_wconf 77' lang='lat' dir='ltr'>gerendae</span> <span class='ocrx_word' id='word_1_133' title='bbox 1331 960 1580 1014; x_wconf 84' lang='lat' dir='ltr'>periculosa</span> <span class='ocrx_word' id='word_1_134' title='bbox 1607 959 1688 1000; x_wconf 85' lang='lat' dir='ltr'>tibi</span> 
     </span>
     <span class='ocr_line' id='line_1_16' title="bbox 206 1015 1689 1070; baseline -0.002 -12"><span class='ocrx_word' id='word_1_135' title='bbox 206 1029 304 1058; x_wconf 87' lang='lat' dir='ltr'>esse</span> <span class='ocrx_word' id='word_1_136' title='bbox 332 1015 569 1067; x_wconf 82' lang='lat' dir='ltr'>videbitur,</span> <span class='ocrx_word' id='word_1_137' title='bbox 597 1017 798 1070; x_wconf 83' lang='lat' dir='ltr'>placebat</span> <span class='ocrx_word' id='word_1_138' title='bbox 826 1016 960 1068; x_wconf 90' lang='lat' dir='ltr'>illud,</span> <span class='ocrx_word' id='word_1_139' title='bbox 990 1020 1062 1068; x_wconf 85' lang='lat' dir='ltr'>ut,</span> <span class='ocrx_word' id='word_1_140' title='bbox 1101 1017 1139 1056; x_wconf 89' lang='lat' dir='ltr'>si</span> <span class='ocrx_word' id='word_1_141' title='bbox 1170 1030 1246 1057; x_wconf 89' lang='lat' dir='ltr'>rex</span> <span class='ocrx_word' id='word_1_142' title='bbox 1276 1016 1432 1056; x_wconf 85' lang='lat' dir='ltr'>amicis</span> <span class='ocrx_word' id='word_1_143' title='bbox 1461 1015 1572 1066; x_wconf 85' lang='lat' dir='ltr'>tuis,</span> <span class='ocrx_word' id='word_1_144' title='bbox 1613 1015 1689 1069; x_wconf 85' lang='lat' dir='ltr'>qui</span> 
     </span>
     <span class='ocr_line' id='line_1_17' title="bbox 205 1071 1686 1126; baseline -0.001 -14"><span class='ocrx_word' id='word_1_145' title='bbox 205 1086 286 1126; x_wconf 87' lang='lat' dir='ltr'>per</span> <span class='ocrx_word' id='word_1_146' title='bbox 315 1072 588 1126; x_wconf 85' lang='lat' dir='ltr'>provinciam</span> <span class='ocrx_word' id='word_1_147' title='bbox 620 1076 747 1125; x_wconf 88' lang='lat' dir='ltr'>atque</span> <span class='ocrx_word' id='word_1_148' title='bbox 776 1072 1010 1126; x_wconf 90' lang='lat' dir='ltr'>imperium</span> <span class='ocrx_word' id='word_1_149' title='bbox 1049 1076 1173 1112; x_wconf 87' lang='lat' dir='ltr'>tuum</span> <span class='ocrx_word' id='word_1_150' title='bbox 1213 1072 1422 1126; x_wconf 81' lang='lat' dir='ltr'>pecunias</span> <span class='ocrx_word' id='word_1_151' title='bbox 1460 1072 1502 1112; x_wconf 92' lang='lat' dir='ltr'>ei</span> <span class='ocrx_word' id='word_1_152' title='bbox 1542 1071 1686 1112; x_wconf 89' lang='lat' dir='ltr'>credi-</span> 
     </span>
     <span class='ocr_line' id='line_1_18' title="bbox 205 1127 1688 1181; baseline -0.001 -12"><span class='ocrx_word' id='word_1_153' title='bbox 205 1129 387 1178; x_wconf 79' lang='lat' dir='ltr'>dissent,</span> <span class='ocrx_word' id='word_1_154' title='bbox 417 1127 554 1168; x_wconf 86' lang='lat' dir='ltr'>fidem</span> <span class='ocrx_word' id='word_1_155' title='bbox 585 1141 707 1168; x_wconf 89' lang='lat' dir='ltr'>suam</span> <span class='ocrx_word' id='word_1_156' title='bbox 737 1127 1055 1181; x_wconf 84' lang='lat' dir='ltr'>praestitisset,</span> <span class='ocrx_word' id='word_1_157' title='bbox 1111 1132 1155 1169; x_wconf 91' lang='lat' dir='ltr'>et</span> <span class='ocrx_word' id='word_1_158' title='bbox 1184 1128 1359 1169; x_wconf 82' lang='lat' dir='ltr'>auxiliis</span> <span class='ocrx_word' id='word_1_159' title='bbox 1390 1141 1489 1169; x_wconf 88' lang='lat' dir='ltr'>eum</span> <span class='ocrx_word' id='word_1_160' title='bbox 1527 1128 1615 1168; x_wconf 90' lang='lat' dir='ltr'>tuis</span> <span class='ocrx_word' id='word_1_161' title='bbox 1645 1129 1688 1168; x_wconf 85' lang='lat' dir='ltr'>et</span> 
     </span>
     <span class='ocr_line' id='line_1_19' title="bbox 204 1182 1687 1238; baseline -0.001 -14"><span class='ocrx_word' id='word_1_162' title='bbox 204 1184 347 1238; x_wconf 89' lang='lat' dir='ltr'>copiis</span> <span class='ocrx_word' id='word_1_163' title='bbox 377 1183 633 1224; x_wconf 83' lang='lat' dir='ltr'>adiuvares:</span> <span class='ocrx_word' id='word_1_164' title='bbox 684 1195 782 1223; x_wconf 85' lang='lat' dir='ltr'>eam</span> <span class='ocrx_word' id='word_1_165' title='bbox 826 1196 921 1224; x_wconf 87' lang='lat' dir='ltr'>esse</span> <span class='ocrx_word' id='word_1_166' title='bbox 949 1188 1152 1224; x_wconf 85' lang='lat' dir='ltr'>naturam</span> <span class='ocrx_word' id='word_1_167' title='bbox 1182 1188 1225 1224; x_wconf 87' lang='lat' dir='ltr'>et</span> <span class='ocrx_word' id='word_1_168' title='bbox 1254 1184 1481 1238; x_wconf 83' lang='lat' dir='ltr'>regionem</span> <span class='ocrx_word' id='word_1_169' title='bbox 1510 1182 1687 1237; x_wconf 71' lang='lat' dir='ltr'>provin-</span> 
     </span>
     <span class='ocr_line' id='line_1_20' title="bbox 204 1238 1685 1291; baseline -0.001 -11"><span class='ocrx_word' id='word_1_170' title='bbox 204 1240 302 1281; x_wconf 86' lang='lat' dir='ltr'>ciae</span> <span class='ocrx_word' id='word_1_171' title='bbox 329 1243 444 1290; x_wconf 87' lang='lat' dir='ltr'>tuae,</span> <span class='ocrx_word' id='word_1_172' title='bbox 473 1242 522 1278; x_wconf 91' lang='lat' dir='ltr'>ut</span> <span class='ocrx_word' id='word_1_173' title='bbox 550 1238 667 1278; x_wconf 90' lang='lat' dir='ltr'>illius</span> <span class='ocrx_word' id='word_1_174' title='bbox 693 1238 885 1279; x_wconf 89' lang='lat' dir='ltr'>reditum</span> <span class='ocrx_word' id='word_1_175' title='bbox 914 1240 982 1281; x_wconf 88' lang='lat' dir='ltr'>vel</span> <span class='ocrx_word' id='word_1_176' title='bbox 1012 1239 1262 1280; x_wconf 66' lang='lat' dir='ltr'>adiuvando</span> <span class='ocrx_word' id='word_1_177' title='bbox 1282 1239 1585 1291; x_wconf 84' lang='lat' dir='ltr'>confirmares,</span> <span class='ocrx_word' id='word_1_178' title='bbox 1614 1239 1685 1280; x_wconf 83' lang='lat' dir='ltr'>vel</span> 
     </span>
     <span class='ocr_line' id='line_1_21' title="bbox 203 1294 1686 1349; baseline -0.001 -13"><span class='ocrx_word' id='word_1_179' title='bbox 203 1294 466 1349; x_wconf 82' lang='lat' dir='ltr'>negligendo</span> <span class='ocrx_word' id='word_1_180' title='bbox 497 1294 750 1347; x_wconf 81' lang='lat' dir='ltr'>impedires.</span> <span class='ocrx_word' id='word_1_181' title='bbox 807 1295 861 1336; x_wconf 88' lang='lat' dir='ltr'>In</span> <span class='ocrx_word' id='word_1_182' title='bbox 890 1294 974 1335; x_wconf 86' lang='lat' dir='ltr'>hac</span> <span class='ocrx_word' id='word_1_183' title='bbox 1004 1296 1174 1336; x_wconf 83' lang='lat' dir='ltr'>ratione</span> <span class='ocrx_word' id='word_1_184' title='bbox 1205 1295 1309 1348; x_wconf 92' lang='lat' dir='ltr'>quid</span> <span class='ocrx_word' id='word_1_185' title='bbox 1338 1309 1426 1347; x_wconf 90' lang='lat' dir='ltr'>res,</span> <span class='ocrx_word' id='word_1_186' title='bbox 1456 1295 1561 1349; x_wconf 89' lang='lat' dir='ltr'>quid</span> <span class='ocrx_word' id='word_1_187' title='bbox 1585 1307 1686 1335; x_wconf 86' lang='lat' dir='ltr'>cau-</span> 
     </span>
     <span class='ocr_line' id='line_1_22' title="bbox 200 1349 1742 1405; baseline 0 -14"><span class='ocrx_word' id='word_1_188' title='bbox 200 1363 267 1403; x_wconf 89' lang='lat' dir='ltr'>sa,</span> <span class='ocrx_word' id='word_1_189' title='bbox 297 1349 402 1405; x_wconf 86' lang='lat' dir='ltr'>quid</span> <span class='ocrx_word' id='word_1_190' title='bbox 430 1353 600 1403; x_wconf 87' lang='lat' dir='ltr'>tempus</span> <span class='ocrx_word' id='word_1_191' title='bbox 630 1349 769 1399; x_wconf 85' lang='lat' dir='ltr'>ferat,</span> <span class='ocrx_word' id='word_1_192' title='bbox 821 1355 868 1391; x_wconf 90' lang='lat' dir='ltr'>tu</span> <span class='ocrx_word' id='word_1_193' title='bbox 906 1351 1118 1391; x_wconf 85' lang='lat' dir='ltr'>facillime</span> <span class='ocrx_word' id='word_1_194' title='bbox 1147 1351 1394 1404; x_wconf 83' lang='lat' dir='ltr'>optimeque</span> <span class='ocrx_word' id='word_1_195' title='bbox 1422 1351 1685 1405; x_wconf 78' lang='lat' dir='ltr'>perspicies:</span> <span class='ocrx_word' id='word_1_196' title='bbox 1740 1389 1742 1391; x_wconf 87' lang='lat'>.</span> 
     </span>
     <span class='ocr_line' id='line_1_23' title="bbox 201 1406 1686 1462; baseline 0 -14"><span class='ocrx_word' id='word_1_197' title='bbox 201 1407 310 1462; x_wconf 88' lang='lat' dir='ltr'>quid</span> <span class='ocrx_word' id='word_1_198' title='bbox 338 1406 465 1447; x_wconf 89' lang='lat' dir='ltr'>nobis</span> <span class='ocrx_word' id='word_1_199' title='bbox 492 1406 759 1460; x_wconf 78' lang='lat' dir='ltr'>placuisset,</span> <span class='ocrx_word' id='word_1_200' title='bbox 803 1420 858 1448; x_wconf 83' lang='lat' dir='ltr'>ex</span> <span class='ocrx_word' id='word_1_201' title='bbox 893 1419 966 1448; x_wconf 89' lang='lat' dir='ltr'>me</span> <span class='ocrx_word' id='word_1_202' title='bbox 1003 1406 1281 1461; x_wconf 88' lang='lat' dir='ltr'>potissimum</span> <span class='ocrx_word' id='word_1_203' title='bbox 1319 1407 1469 1461; x_wconf 82' lang='lat' dir='ltr'>putavi</span> <span class='ocrx_word' id='word_1_204' title='bbox 1497 1411 1541 1447; x_wconf 88' lang='lat' dir='ltr'>te</span> <span class='ocrx_word' id='word_1_205' title='bbox 1569 1406 1686 1448; x_wconf 81' lang='lat' dir='ltr'>scire</span> 
     </span>
    </p>
   </div>
   <div class='ocr_carea' id='block_1_3' title="bbox 199 1562 1740 1609">
    <p class='ocr_par' dir='ltr' id='par_1_3' title="bbox 199 1562 1740 1609">
     <span class='ocr_line' id='line_1_24' title="bbox 199 1562 1740 1609; baseline 0.001 -13"><span class='ocrx_word' id='word_1_206' title='bbox 199 1563 359 1597; x_wconf 83' lang='lat' dir='ltr'>ausfiele</span> <span class='ocrx_word' id='word_1_207' title='bbox 382 1575 418 1598; x_wconf 86' lang='lat' dir='ltr'>u.</span> <span class='ocrx_word' id='word_1_208' title='bbox 446 1573 472 1596; x_wconf 89' lang='lat' dir='ltr'>s.</span> <span class='ocrx_word' id='word_1_209' title='bbox 495 1574 539 1597; x_wconf 76' lang='lat' dir='ltr'>W.</span> <span class='ocrx_word' id='word_1_210' title='bbox 567 1580 611 1592; x_wconf 72' lang='grc' dir='ltr'>-ι</span> <span class='ocrx_word' id='word_1_211' title='bbox 648 1566 682 1596; x_wconf 82' lang='lat' dir='ltr'>te</span> <span class='ocrx_word' id='word_1_212' title='bbox 706 1567 741 1596; x_wconf 84' lang='lat' dir='ltr'>et</span> <span class='ocrx_word' id='word_1_213' title='bbox 767 1562 897 1607; x_wconf 75' lang='lat' dir='ltr'>cupide</span> <span class='ocrx_word' id='word_1_214' title='bbox 921 1567 954 1597; x_wconf 77' lang='lat' dir='ltr'>el</span> <span class='ocrx_word' id='word_1_215' title='bbox 981 1567 1115 1597; x_wconf 81' lang='lat' dir='ltr'>temere</span> <span class='ocrx_word' id='word_1_216' title='bbox 1130 1564 1196 1607; x_wconf 73' lang='lat' dir='ltr'>f.,</span> <span class='ocrx_word' id='word_1_217' title='bbox 1229 1565 1290 1598; x_wconf 87' lang='lat' dir='ltr'>Du</span> <span class='ocrx_word' id='word_1_218' title='bbox 1314 1564 1447 1599; x_wconf 77' lang='lat' dir='ltr'>habest</span> <span class='ocrx_word' id='word_1_219' title='bbox 1471 1575 1537 1598; x_wconf 84' lang='lat' dir='ltr'>aus</span> <span class='ocrx_word' id='word_1_220' title='bbox 1562 1563 1684 1609; x_wconf 85' lang='lat' dir='ltr'>eigen-</span> <span class='ocrx_word' id='word_1_221' title='bbox 1734 1588 1740 1591; x_wconf 90' lang='lat'><em>-</em></span> 
     </span>
    </p>
   </div>
   <div class='ocr_carea' id='block_1_4' title="bbox 196 1611 1681 1706">
    <p class='ocr_par' dir='ltr' id='par_1_4' title="bbox 196 1611 1681 1706">
     <span class='ocr_line' id='line_1_25' title="bbox 198 1611 1681 1657; baseline -0.001 -12"><span class='ocrx_word' id='word_1_222' title='bbox 198 1612 379 1657; x_wconf 81' lang='lat' dir='ltr'>niitziger</span> <span class='ocrx_word' id='word_1_223' title='bbox 403 1611 583 1646; x_wconf 86' lang='lat' dir='ltr'>Eitelkeit</span> <span class='ocrx_word' id='word_1_224' title='bbox 609 1611 735 1644; x_wconf 87' lang='lat' dir='ltr'>Etwas</span> <span class='ocrx_word' id='word_1_225' title='bbox 760 1613 1043 1646; x_wconf 81' lang='lat' dir='ltr'>unbesonnenes</span> <span class='ocrx_word' id='word_1_226' title='bbox 1067 1619 1369 1647; x_wconf 83' lang='lat' dir='ltr'>unternommen.</span> <span class='ocrx_word' id='word_1_227' title='bbox 1401 1629 1448 1637; x_wconf 86' lang='lat'>-—</span> <span class='ocrx_word' id='word_1_228' title='bbox 1478 1612 1557 1646; x_wconf 85' lang='lat' dir='ltr'>Nos</span> <span class='ocrx_word' id='word_1_229' title='bbox 1587 1612 1681 1656; x_wconf 78' lang='lat' dir='ltr'>qnid.</span> 
     </span>
     <span class='ocr_line' id='line_1_26' title="bbox 196 1659 1681 1706; baseline 0.001 -13"><span class='ocrx_word' id='word_1_230' title='bbox 196 1659 267 1693; x_wconf 76' lang='lat' dir='ltr'>hoc</span> <span class='ocrx_word' id='word_1_231' title='bbox 290 1664 396 1701; x_wconf 70' lang='lat' dir='ltr'>sent„</span> <span class='ocrx_word' id='word_1_232' title='bbox 422 1671 531 1694; x_wconf 81' lang='lat' dir='ltr'>unser</span> <span class='ocrx_word' id='word_1_233' title='bbox 558 1660 755 1693; x_wconf 86' lang='lat' dir='ltr'>cndlicher</span> <span class='ocrx_word' id='word_1_234' title='bbox 771 1660 868 1695; x_wconf 78' lang='lat' dir='ltr'>Rath</span> <span class='ocrx_word' id='word_1_235' title='bbox 894 1661 941 1694; x_wconf 79' lang='lat' dir='ltr'>ist</span> <span class='ocrx_word' id='word_1_236' title='bbox 966 1661 1063 1694; x_wconf 83' lang='lat' dir='ltr'>also:</span> <span class='ocrx_word' id='word_1_237' title='bbox 1081 1680 1127 1686; x_wconf 91' lang='lat'>-—</span> <span class='ocrx_word' id='word_1_238' title='bbox 1146 1661 1268 1703; x_wconf 67' lang='lat' dir='ltr'>‘potiri</span> <span class='ocrx_word' id='word_1_239' title='bbox 1294 1673 1326 1694; x_wconf 87' lang='lat' dir='ltr'>c.</span> <span class='ocrx_word' id='word_1_240' title='bbox 1344 1661 1461 1706; x_wconf 86' lang='lat' dir='ltr'>genit.</span> <span class='ocrx_word' id='word_1_241' title='bbox 1487 1659 1681 1694; x_wconf 83' lang='lat' dir='ltr'>S.Ramsh.</span> 
     </span>
    </p>
   </div>
   <div class='ocr_carea' id='block_1_5' title="bbox 198 1708 1682 1848">
    <p class='ocr_par' dir='ltr' id='par_1_5' title="bbox 198 1708 1682 1848">
     <span class='ocr_line' id='line_1_27' title="bbox 198 1708 1681 1752; baseline 0.001 -12"><span class='ocrx_word' id='word_1_242' title='bbox 198 1708 228 1751; x_wconf 82' lang='lat'>§.</span> <span class='ocrx_word' id='word_1_243' title='bbox 256 1708 337 1749; x_wconf 74' lang='lat'>144,</span> <span class='ocrx_word' id='word_1_244' title='bbox 373 1710 395 1742; x_wconf 76' lang='lat'>4</span> <span class='ocrx_word' id='word_1_245' title='bbox 421 1720 456 1742; x_wconf 87' lang='lat' dir='ltr'>u.</span> <span class='ocrx_word' id='word_1_246' title='bbox 484 1710 574 1750; x_wconf 91' lang='lat'>111,</span> <span class='ocrx_word' id='word_1_247' title='bbox 601 1710 633 1743; x_wconf 71' lang='lat'>11.</span> <span class='ocrx_word' id='word_1_248' title='bbox 667 1709 818 1742; x_wconf 80' lang='lat' dir='ltr'>Grotef.</span> <span class='ocrx_word' id='word_1_249' title='bbox 843 1709 876 1752; x_wconf 60' lang='grc' dir='ltr'>ξ.</span> <span class='ocrx_word' id='word_1_250' title='bbox 902 1709 989 1750; x_wconf 64' lang='lat'>242,</span> <span class='ocrx_word' id='word_1_251' title='bbox 1015 1710 1052 1747; x_wconf 75' lang='lat'>4,</span> <span class='ocrx_word' id='word_1_252' title='bbox 1079 1721 1120 1743; x_wconf 88' lang='lat' dir='ltr'>u.</span> <span class='ocrx_word' id='word_1_253' title='bbox 1148 1709 1229 1744; x_wconf 88' lang='lat'><strong>257.</strong></span> <span class='ocrx_word' id='word_1_254' title='bbox 1278 1727 1326 1733; x_wconf 89' lang='lat'>—</span> <span class='ocrx_word' id='word_1_255' title='bbox 1379 1709 1414 1742; x_wconf 79' lang='lat' dir='ltr'>si</span> <span class='ocrx_word' id='word_1_256' title='bbox 1446 1709 1589 1742; x_wconf 73' lang='lat' dir='ltr'>dubium</span> <span class='ocrx_word' id='word_1_257' title='bbox 1620 1708 1681 1742; x_wconf 77' lang='lat' dir='ltr'>sit.</span> 
     </span>
     <span class='ocr_line' id='line_1_28' title="bbox 199 1755 1682 1792; baseline 0.001 -5"><span class='ocrx_word' id='word_1_258' title='bbox 199 1755 283 1788; x_wconf 85' lang='lat' dir='ltr'>Ald.</span> <span class='ocrx_word' id='word_1_259' title='bbox 320 1757 420 1791; x_wconf 84' lang='lat' dir='ltr'>Crat.</span> <span class='ocrx_word' id='word_1_260' title='bbox 465 1756 560 1789; x_wconf 88' lang='lat' dir='ltr'>Vict.</span> <span class='ocrx_word' id='word_1_261' title='bbox 594 1757 627 1791; x_wconf 84' lang='lat'>2.</span> <span class='ocrx_word' id='word_1_262' title='bbox 662 1757 796 1790; x_wconf 79' lang='lat' dir='ltr'>Lamb.</span> <span class='ocrx_word' id='word_1_263' title='bbox 833 1757 890 1790; x_wconf 80' lang='lat' dir='ltr'>sin</span> <span class='ocrx_word' id='word_1_264' title='bbox 922 1764 1054 1790; x_wconf 83' lang='lat' dir='ltr'>contra</span> <span class='ocrx_word' id='word_1_265' title='bbox 1086 1757 1168 1792; x_wconf 85' lang='lat' dir='ltr'>Md.</span> <span class='ocrx_word' id='word_1_266' title='bbox 1202 1757 1250 1790; x_wconf 76' lang='lat' dir='ltr'>sit</span> <span class='ocrx_word' id='word_1_267' title='bbox 1283 1768 1356 1790; x_wconf 89' lang='lat' dir='ltr'>om.</span> <span class='ocrx_word' id='word_1_268' title='bbox 1389 1757 1521 1791; x_wconf 86' lang='lat' dir='ltr'>Lamb.</span> <span class='ocrx_word' id='word_1_269' title='bbox 1548 1757 1682 1790; x_wconf 83' lang='lat' dir='ltr'>Graev.</span> 
     </span>
     <span class='ocr_line' id='line_1_29' title="bbox 199 1803 1680 1848; baseline 0.001 -12"><span class='ocrx_word' id='word_1_270' title='bbox 199 1804 287 1836; x_wconf 87' lang='lat' dir='ltr'>Ern.</span> <span class='ocrx_word' id='word_1_271' title='bbox 315 1810 448 1836; x_wconf 78' lang='lat' dir='ltr'>contra</span> <span class='ocrx_word' id='word_1_272' title='bbox 474 1803 556 1838; x_wconf 90' lang='lat' dir='ltr'>Md.</span> <span class='ocrx_word' id='word_1_273' title='bbox 587 1822 629 1827; x_wconf 87' lang='lat'><em>—</em></span> <span class='ocrx_word' id='word_1_274' title='bbox 656 1815 701 1837; x_wconf 67' lang='lat' dir='ltr'>ez</span> <span class='ocrx_word' id='word_1_275' title='bbox 725 1809 831 1846; x_wconf 60' lang='lat' dir='ltr'>sent„</span> <span class='ocrx_word' id='word_1_276' title='bbox 858 1804 957 1837; x_wconf 78' lang='lat' dir='ltr'>nach</span> <span class='ocrx_word' id='word_1_277' title='bbox 977 1806 1159 1841; x_wconf 54' lang='lat' dir='ltr'>WVunsch.</span> <span class='ocrx_word' id='word_1_278' title='bbox 1184 1823 1230 1829; x_wconf 90' lang='lat'>—</span> <span class='ocrx_word' id='word_1_279' title='bbox 1259 1805 1496 1848; x_wconf 82' lang='lat' dir='ltr'>Offensionem</span> <span class='ocrx_word' id='word_1_280' title='bbox 1521 1829 1528 1837; x_wconf 89' lang='lat'><strong>.</strong></span> <span class='ocrx_word' id='word_1_281' title='bbox 1557 1830 1567 1840; x_wconf 90' lang='lat'><strong>.</strong></span> <span class='ocrx_word' id='word_1_282' title='bbox 1593 1830 1601 1837; x_wconf 92' lang='lat'><em>.</em></span> <span class='ocrx_word' id='word_1_283' title='bbox 1628 1804 1680 1838; x_wconf 75' lang='lat' dir='ltr'>ri-</span> 
     </span>
    </p>
   </div>
   <div class='ocr_carea' id='block_1_6' title="bbox 197 1851 1682 2138">
    <p class='ocr_par' dir='ltr' id='par_1_6' title="bbox 197 1851 1682 2138">
     <span class='ocr_line' id='line_1_30' title="bbox 201 1851 1681 1895; baseline 0.001 -11"><span class='ocrx_word' id='word_1_284' title='bbox 201 1852 281 1893; x_wconf 83' lang='lat' dir='ltr'>deo,</span> <span class='ocrx_word' id='word_1_285' title='bbox 307 1851 368 1884; x_wconf 87' lang='lat' dir='ltr'>ein</span> <span class='ocrx_word' id='word_1_286' title='bbox 397 1852 562 1885; x_wconf 79' lang='lat' dir='ltr'>falscher</span> <span class='ocrx_word' id='word_1_287' title='bbox 586 1851 752 1894; x_wconf 81' lang='lat' dir='ltr'>Schritt,</span> <span class='ocrx_word' id='word_1_288' title='bbox 780 1853 1013 1887; x_wconf 78' lang='lat' dir='ltr'>Fehlsehritt</span> <span class='ocrx_word' id='word_1_289' title='bbox 1039 1854 1166 1886; x_wconf 81' lang='lat' dir='ltr'>wiirde</span> <span class='ocrx_word' id='word_1_290' title='bbox 1193 1853 1286 1895; x_wconf 82' lang='lat' dir='ltr'>Dir,</span> <span class='ocrx_word' id='word_1_291' title='bbox 1326 1865 1366 1886; x_wconf 86' lang='lat' dir='ltr'>so</span> <span class='ocrx_word' id='word_1_292' title='bbox 1401 1853 1478 1886; x_wconf 82' lang='lat' dir='ltr'>seh‘</span> <span class='ocrx_word' id='word_1_293' title='bbox 1504 1853 1587 1893; x_wconf 86' lang='lat' dir='ltr'>ich,</span> <span class='ocrx_word' id='word_1_294' title='bbox 1626 1853 1681 1886; x_wconf 85' lang='lat' dir='ltr'>als</span> 
     </span>
     <span class='ocr_line' id='line_1_31' title="bbox 200 1898 1681 1946; baseline 0.001 -14"><span class='ocrx_word' id='word_1_295' title='bbox 200 1900 263 1933; x_wconf 87' lang='lat' dir='ltr'>ein</span> <span class='ocrx_word' id='word_1_296' title='bbox 287 1898 418 1932; x_wconf 87' lang='lat' dir='ltr'>Frevel</span> <span class='ocrx_word' id='word_1_297' title='bbox 443 1910 564 1945; x_wconf 82' lang='lat' dir='ltr'>gegen</span> <span class='ocrx_word' id='word_1_298' title='bbox 592 1899 652 1931; x_wconf 81' lang='lat' dir='ltr'>die</span> <span class='ocrx_word' id='word_1_299' title='bbox 679 1899 891 1939; x_wconf 63' lang='lat' dir='ltr'>Auctoritat</span> <span class='ocrx_word' id='word_1_300' title='bbox 918 1902 982 1934; x_wconf 86' lang='lat' dir='ltr'>des</span> <span class='ocrx_word' id='word_1_301' title='bbox 1009 1903 1138 1935; x_wconf 80' lang='lat' dir='ltr'>Senats</span> <span class='ocrx_word' id='word_1_302' title='bbox 1163 1901 1238 1934; x_wconf 85' lang='lat' dir='ltr'>und</span> <span class='ocrx_word' id='word_1_303' title='bbox 1274 1912 1392 1946; x_wconf 80' lang='lat' dir='ltr'>gcgen</span> <span class='ocrx_word' id='word_1_304' title='bbox 1418 1900 1478 1934; x_wconf 83' lang='lat' dir='ltr'>die</span> <span class='ocrx_word' id='word_1_305' title='bbox 1504 1901 1681 1945; x_wconf 86' lang='lat' dir='ltr'>Religion</span> 
     </span>
     <span class='ocr_line' id='line_1_32' title="bbox 200 1946 1680 1994; baseline 0.001 -14"><span class='ocrx_word' id='word_1_306' title='bbox 200 1947 412 1991; x_wconf 83' lang='lat' dir='ltr'>gefahrvoll</span> <span class='ocrx_word' id='word_1_307' title='bbox 447 1948 538 1982; x_wconf 85' lang='lat' dir='ltr'>sein.</span> <span class='ocrx_word' id='word_1_308' title='bbox 577 1946 707 1991; x_wconf 77' lang='lat' dir='ltr'>interp.</span> <span class='ocrx_word' id='word_1_309' title='bbox 747 1952 894 1981; x_wconf 76' lang='lat' dir='ltr'>senalus</span> <span class='ocrx_word' id='word_1_310' title='bbox 926 1953 1065 1982; x_wconf 77' lang='lat' dir='ltr'>auctor.</span> <span class='ocrx_word' id='word_1_311' title='bbox 1100 1949 1146 1982; x_wconf 84' lang='lat' dir='ltr'>de</span> <span class='ocrx_word' id='word_1_312' title='bbox 1181 1950 1274 1981; x_wconf 85' lang='lat' dir='ltr'>Ern.</span> <span class='ocrx_word' id='word_1_313' title='bbox 1315 1961 1415 1993; x_wconf 86' lang='lat' dir='ltr'>susp.</span> <span class='ocrx_word' id='word_1_314' title='bbox 1443 1950 1680 1994; x_wconf 48' lang='lat' dir='ltr'>MartnLag.</span> 
     </span>
     <span class='ocr_line' id='line_1_33' title="bbox 199 1995 1682 2040; baseline 0.001 -12"><span class='ocrx_word' id='word_1_315' title='bbox 199 1995 284 2029; x_wconf 87' lang='lat' dir='ltr'>Sch.</span> <span class='ocrx_word' id='word_1_316' title='bbox 313 1996 410 2029; x_wconf 84' lang='lat' dir='ltr'>Li&#39;m.</span> <span class='ocrx_word' id='word_1_317' title='bbox 435 2015 482 2021; x_wconf 91' lang='lat'><strong>—</strong></span> <span class='ocrx_word' id='word_1_318' title='bbox 507 1996 557 2029; x_wconf 78' lang='lat' dir='ltr'>ad</span> <span class='ocrx_word' id='word_1_319' title='bbox 579 2000 715 2028; x_wconf 77' lang='lat' dir='ltr'>certam</span> <span class='ocrx_word' id='word_1_320' title='bbox 742 1996 906 2037; x_wconf 78' lang='lat' dir='ltr'>landem,</span> <span class='ocrx_word' id='word_1_321' title='bbox 943 1996 1041 2030; x_wconf 87' lang='lat' dir='ltr'>diese</span> <span class='ocrx_word' id='word_1_322' title='bbox 1069 1996 1337 2040; x_wconf 85' lang='lat' dir='ltr'>Gelegenheit,</span> <span class='ocrx_word' id='word_1_323' title='bbox 1363 1996 1464 2031; x_wconf 84' lang='lat' dir='ltr'>Ehre</span> <span class='ocrx_word' id='word_1_324' title='bbox 1489 1997 1682 2030; x_wconf 65' lang='lat' dir='ltr'>einzusrn-</span> 
     </span>
     <span class='ocr_line' id='line_1_34' title="bbox 199 2043 1680 2088; baseline 0.001 -12"><span class='ocrx_word' id='word_1_325' title='bbox 199 2049 279 2086; x_wconf 85' lang='lat' dir='ltr'>ten,</span> <span class='ocrx_word' id='word_1_326' title='bbox 307 2055 416 2076; x_wconf 87' lang='lat' dir='ltr'>wenn</span> <span class='ocrx_word' id='word_1_327' title='bbox 445 2044 511 2078; x_wconf 87' lang='lat' dir='ltr'>der</span> <span class='ocrx_word' id='word_1_328' title='bbox 536 2043 669 2088; x_wconf 85' lang='lat' dir='ltr'>Erfolg</span> <span class='ocrx_word' id='word_1_329' title='bbox 700 2043 826 2076; x_wconf 81' lang='lat' dir='ltr'>sicher</span> <span class='ocrx_word' id='word_1_330' title='bbox 850 2044 910 2085; x_wconf 80' lang='lat' dir='ltr'>ist,</span> <span class='ocrx_word' id='word_1_331' title='bbox 938 2044 1045 2077; x_wconf 82' lang='lat' dir='ltr'>nicht</span> <span class='ocrx_word' id='word_1_332' title='bbox 1071 2045 1204 2078; x_wconf 72' lang='lat' dir='ltr'>fabren</span> <span class='ocrx_word' id='word_1_333' title='bbox 1231 2057 1275 2078; x_wconf 85' lang='lat' dir='ltr'>zu</span> <span class='ocrx_word' id='word_1_334' title='bbox 1299 2046 1431 2080; x_wconf 80' lang='lat' dir='ltr'>lassen.</span> <span class='ocrx_word' id='word_1_335' title='bbox 1459 2064 1500 2069; x_wconf 89' lang='lat'>—</span> <span class='ocrx_word' id='word_1_336' title='bbox 1528 2056 1550 2079; x_wconf 84' lang='lat' dir='ltr'><em>a</em></span> <span class='ocrx_word' id='word_1_337' title='bbox 1576 2044 1680 2079; x_wconf 79' lang='lat' dir='ltr'>dimi·</span> 
     </span>
     <span class='ocr_line' id='line_1_35' title="bbox 197 2092 1392 2138; baseline 0.001 -13"><span class='ocrx_word' id='word_1_338' title='bbox 197 2096 281 2135; x_wconf 84' lang='lat' dir='ltr'>cat.,</span> <span class='ocrx_word' id='word_1_339' title='bbox 307 2092 429 2126; x_wconf 77' lang='lat' dir='ltr'>Etwns</span> <span class='ocrx_word' id='word_1_340' title='bbox 455 2093 523 2126; x_wconf 81' lang='lat' dir='ltr'>auf</span> <span class='ocrx_word' id='word_1_341' title='bbox 547 2092 653 2125; x_wconf 86' lang='lat' dir='ltr'>einen</span> <span class='ocrx_word' id='word_1_342' title='bbox 681 2092 916 2136; x_wconf 83' lang='lat' dir='ltr'>ungewissen</span> <span class='ocrx_word' id='word_1_343' title='bbox 941 2094 1111 2138; x_wconf 78' lang='lat' dir='ltr'>Ausgaug</span> <span class='ocrx_word' id='word_1_344' title='bbox 1137 2093 1392 2138; x_wconf 78' lang='lat' dir='ltr'>hiuzuwagen.</span> 
     </span>
    </p>
   </div>
   <div class='ocr_carea' id='block_1_7' title="bbox 194 2152 1679 2812">
    <p class='ocr_par' dir='ltr' id='par_1_7' title="bbox 194 2152 1679 2810">
     <span class='ocr_line' id='line_1_36' title="bbox 295 2152 1678 2200; baseline 0 -12"><span class='ocrx_word' id='word_1_345' title='bbox 295 2155 328 2189; x_wconf 79' lang='lat'>6.</span> <span class='ocrx_word' id='word_1_346' title='bbox 353 2153 519 2197; x_wconf 78' lang='lat' dir='ltr'>placebat</span> <span class='ocrx_word' id='word_1_347' title='bbox 544 2153 641 2188; x_wconf 80' lang='lat' dir='ltr'>illud</span> <span class='ocrx_word' id='word_1_348' title='bbox 669 2152 851 2199; x_wconf 84' lang='lat' dir='ltr'>Pompeio</span> <span class='ocrx_word' id='word_1_349' title='bbox 877 2152 1066 2199; x_wconf 83' lang='lat' dir='ltr'>mihique,</span> <span class='ocrx_word' id='word_1_350' title='bbox 1106 2166 1147 2188; x_wconf 87' lang='lat' dir='ltr'>so</span> <span class='ocrx_word' id='word_1_351' title='bbox 1181 2154 1264 2187; x_wconf 84' lang='lat' dir='ltr'>sind</span> <span class='ocrx_word' id='word_1_352' title='bbox 1297 2155 1365 2188; x_wconf 90' lang='lat' dir='ltr'>wir</span> <span class='ocrx_word' id='word_1_353' title='bbox 1397 2155 1463 2189; x_wconf 85' lang='lat' dir='ltr'>der</span> <span class='ocrx_word' id='word_1_354' title='bbox 1487 2154 1678 2200; x_wconf 86' lang='lat' dir='ltr'>Meinung,</span> 
     </span>
     <span class='ocr_line' id='line_1_37' title="bbox 199 2202 1679 2245; baseline 0.001 -11"><span class='ocrx_word' id='word_1_355' title='bbox 199 2212 242 2235; x_wconf 86' lang='lat' dir='ltr'>so</span> <span class='ocrx_word' id='word_1_356' title='bbox 267 2202 403 2234; x_wconf 83' lang='lat' dir='ltr'>rathen</span> <span class='ocrx_word' id='word_1_357' title='bbox 429 2203 510 2237; x_wconf 85' lang='lat' dir='ltr'>wir.</span> <span class='ocrx_word' id='word_1_358' title='bbox 536 2221 581 2228; x_wconf 90' lang='lat'>—</span> <span class='ocrx_word' id='word_1_359' title='bbox 622 2204 682 2245; x_wconf 76' lang='lat' dir='ltr'>qui</span> <span class='ocrx_word' id='word_1_360' title='bbox 709 2226 716 2233; x_wconf 92' lang='lat'><strong><em>.</em></strong></span> <span class='ocrx_word' id='word_1_361' title='bbox 743 2226 752 2234; x_wconf 86' lang='lat'><strong>.</strong></span> <span class='ocrx_word' id='word_1_362' title='bbox 779 2202 1034 2242; x_wconf 80' lang='lat' dir='ltr'>credidissent,</span> <span class='ocrx_word' id='word_1_363' title='bbox 1070 2203 1130 2236; x_wconf 83' lang='lat' dir='ltr'>die</span> <span class='ocrx_word' id='word_1_364' title='bbox 1163 2202 1244 2235; x_wconf 81' lang='lat' dir='ltr'>ihm</span> <span class='ocrx_word' id='word_1_365' title='bbox 1278 2203 1317 2236; x_wconf 87' lang='lat' dir='ltr'>in</span> <span class='ocrx_word' id='word_1_366' title='bbox 1345 2203 1417 2237; x_wconf 84' lang='lat' dir='ltr'>den</span> <span class='ocrx_word' id='word_1_367' title='bbox 1441 2203 1679 2237; x_wconf 80' lang='lat' dir='ltr'>verschiede-</span> 
     </span>
     <span class='ocr_line' id='line_1_38' title="bbox 199 2249 1676 2296; baseline 0.001 -14"><span class='ocrx_word' id='word_1_368' title='bbox 199 2261 270 2282; x_wconf 90' lang='lat' dir='ltr'>nen</span> <span class='ocrx_word' id='word_1_369' title='bbox 312 2249 519 2284; x_wconf 85' lang='lat' dir='ltr'>Provinzen</span> <span class='ocrx_word' id='word_1_370' title='bbox 562 2251 702 2283; x_wconf 85' lang='lat' dir='ltr'>Deiner</span> <span class='ocrx_word' id='word_1_371' title='bbox 741 2249 1088 2284; x_wconf 74' lang='lat' dir='ltr'>Statthalterschast</span> <span class='ocrx_word' id='word_1_372' title='bbox 1132 2251 1364 2284; x_wconf 78' lang='lat' dir='ltr'>Vorschi&#39;xsse</span> <span class='ocrx_word' id='word_1_373' title='bbox 1411 2250 1558 2296; x_wconf 82' lang='lat' dir='ltr'>gethan.</span> <span class='ocrx_word' id='word_1_374' title='bbox 1615 2251 1676 2284; x_wconf 73' lang='lat' dir='ltr'>Sic</span> 
     </span>
     <span class='ocr_line' id='line_1_39' title="bbox 200 2298 1676 2343; baseline 0.001 -13"><span class='ocrx_word' id='word_1_375' title='bbox 200 2298 304 2332; x_wconf 82' lang='lat' dir='ltr'>vict.</span> <span class='ocrx_word' id='word_1_376' title='bbox 331 2300 361 2332; x_wconf 90' lang='lat'>1.</span> <span class='ocrx_word' id='word_1_377' title='bbox 389 2299 529 2338; x_wconf 81' lang='lat' dir='ltr'>Recte,</span> <span class='ocrx_word' id='word_1_378' title='bbox 570 2306 611 2332; x_wconf 90' lang='lat' dir='ltr'>ut</span> <span class='ocrx_word' id='word_1_379' title='bbox 638 2298 792 2343; x_wconf 83' lang='lat' dir='ltr'>opinor,</span> <span class='ocrx_word' id='word_1_380' title='bbox 834 2299 904 2331; x_wconf 88' lang='lat' dir='ltr'>etsi</span> <span class='ocrx_word' id='word_1_381' title='bbox 930 2299 969 2331; x_wconf 87' lang='lat' dir='ltr'>in</span> <span class='ocrx_word' id='word_1_382' title='bbox 999 2300 1105 2331; x_wconf 87' lang='lat' dir='ltr'>Curis</span> <span class='ocrx_word' id='word_1_383' title='bbox 1132 2299 1255 2332; x_wconf 81' lang='lat' dir='ltr'>tertiis</span> <span class='ocrx_word' id='word_1_384' title='bbox 1282 2299 1451 2333; x_wconf 83' lang='lat' dir='ltr'>defendit</span> <span class='ocrx_word' id='word_1_385' title='bbox 1474 2299 1676 2333; x_wconf 81' lang='lat' dir='ltr'>lectionem</span> 
     </span>
     <span class='ocr_line' id='line_1_40' title="bbox 198 2343 1676 2391; baseline 0 -11"><span class='ocrx_word' id='word_1_386' title='bbox 198 2346 285 2382; x_wconf 76' lang='lat' dir='ltr'>Md.</span> <span class='ocrx_word' id='word_1_387' title='bbox 312 2343 416 2380; x_wconf 78' lang='lat' dir='ltr'>vict.</span> <span class='ocrx_word' id='word_1_388' title='bbox 443 2347 477 2382; x_wconf 81' lang='lat'>2.</span> <span class='ocrx_word' id='word_1_389' title='bbox 506 2348 640 2380; x_wconf 85' lang='lat' dir='ltr'>Graev.</span> <span class='ocrx_word' id='word_1_390' title='bbox 669 2347 777 2379; x_wconf 84' lang='lat' dir='ltr'>Ern.:</span> <span class='ocrx_word' id='word_1_391' title='bbox 805 2357 874 2389; x_wconf 82' lang='lat' dir='ltr'>per</span> <span class='ocrx_word' id='word_1_392' title='bbox 895 2347 1120 2389; x_wconf 76' lang='lat' dir='ltr'>prm-inciam</span> <span class='ocrx_word' id='word_1_393' title='bbox 1147 2351 1252 2390; x_wconf 79' lang='lat' dir='ltr'>atque</span> <span class='ocrx_word' id='word_1_394' title='bbox 1277 2347 1425 2391; x_wconf 80' lang='lat' dir='ltr'>imperii</span> <span class='ocrx_word' id='word_1_395' title='bbox 1451 2348 1505 2380; x_wconf 82' lang='lat' dir='ltr'>tui</span> <span class='ocrx_word' id='word_1_396' title='bbox 1527 2348 1676 2390; x_wconf 77' lang='lat' dir='ltr'>provin-</span> 
     </span>
     <span class='ocr_line' id='line_1_41' title="bbox 201 2393 1677 2440; baseline 0.001 -14"><span class='ocrx_word' id='word_1_397' title='bbox 201 2393 279 2427; x_wconf 71' lang='lat' dir='ltr'>cias</span> <span class='ocrx_word' id='word_1_398' title='bbox 305 2393 339 2427; x_wconf 82' lang='lat' dir='ltr'>ei</span> <span class='ocrx_word' id='word_1_399' title='bbox 362 2395 460 2428; x_wconf 79' lang='lat' dir='ltr'>cred.</span> <span class='ocrx_word' id='word_1_400' title='bbox 497 2396 559 2428; x_wconf 87' lang='lat' dir='ltr'>Sic</span> <span class='ocrx_word' id='word_1_401' title='bbox 585 2395 698 2428; x_wconf 76' lang='lat' dir='ltr'>etiam</span> <span class='ocrx_word' id='word_1_402' title='bbox 717 2396 847 2427; x_wconf 75' lang='lat' dir='ltr'>Lamb.</span> <span class='ocrx_word' id='word_1_403' title='bbox 874 2394 910 2426; x_wconf 84' lang='lat' dir='ltr'>in</span> <span class='ocrx_word' id='word_1_404' title='bbox 938 2406 986 2429; x_wconf 84' lang='lat' dir='ltr'>m.</span> <span class='ocrx_word' id='word_1_405' title='bbox 1015 2396 1116 2429; x_wconf 69' lang='lat'>1584.</span> <span class='ocrx_word' id='word_1_406' title='bbox 1144 2396 1210 2428; x_wconf 86' lang='lat' dir='ltr'>sed</span> <span class='ocrx_word' id='word_1_407' title='bbox 1235 2395 1373 2429; x_wconf 77' lang='lat' dir='ltr'>inserto</span> <span class='ocrx_word' id='word_1_408' title='bbox 1397 2395 1567 2440; x_wconf 77' lang='lat' dir='ltr'>pecunias</span> <span class='ocrx_word' id='word_1_409' title='bbox 1591 2401 1677 2438; x_wconf 88' lang='lat' dir='ltr'>post</span> 
     </span>
     <span class='ocr_line' id='line_1_42' title="bbox 199 2441 1677 2486; baseline 0.001 -12"><span class='ocrx_word' id='word_1_410' title='bbox 199 2441 414 2484; x_wconf 77' lang='lat' dir='ltr'>provincias</span> <span class='ocrx_word' id='word_1_411' title='bbox 448 2443 531 2486; x_wconf 77' lang='lat' dir='ltr'>(qui</span> <span class='ocrx_word' id='word_1_412' title='bbox 567 2454 637 2486; x_wconf 79' lang='lat' dir='ltr'>per</span> <span class='ocrx_word' id='word_1_413' title='bbox 675 2442 902 2485; x_wconf 68' lang='lat' dir='ltr'>proi-inciam</span> <span class='ocrx_word' id='word_1_414' title='bbox 936 2447 1031 2475; x_wconf 79' lang='lat' dir='ltr'>tuam</span> <span class='ocrx_word' id='word_1_415' title='bbox 1062 2447 1166 2486; x_wconf 76' lang='lat' dir='ltr'>alque</span> <span class='ocrx_word' id='word_1_416' title='bbox 1196 2444 1407 2485; x_wconf 67' lang='lat' dir='ltr'>provincias</span> <span class='ocrx_word' id='word_1_417' title='bbox 1439 2443 1611 2486; x_wconf 80' lang='lat' dir='ltr'>pecunias</span> <span class='ocrx_word' id='word_1_418' title='bbox 1643 2443 1677 2475; x_wconf 71' lang='lat' dir='ltr'>ei</span> 
     </span>
     <span class='ocr_line' id='line_1_43' title="bbox 199 2490 1675 2534; baseline 0.001 -12"><span class='ocrx_word' id='word_1_419' title='bbox 199 2490 295 2522; x_wconf 82' lang='lat' dir='ltr'>cred.</span> <span class='ocrx_word' id='word_1_420' title='bbox 322 2490 457 2526; x_wconf 77' lang='lat' dir='ltr'>Lamb.</span> <span class='ocrx_word' id='word_1_421' title='bbox 487 2492 633 2531; x_wconf 81' lang='lat'>1566.);</span> <span class='ocrx_word' id='word_1_422' title='bbox 673 2497 711 2523; x_wconf 81' lang='lat' dir='ltr'>at</span> <span class='ocrx_word' id='word_1_423' title='bbox 734 2501 804 2533; x_wconf 77' lang='lat' dir='ltr'>per</span> <span class='ocrx_word' id='word_1_424' title='bbox 827 2491 1051 2533; x_wconf 59' lang='lat' dir='ltr'>provinciam</span> <span class='ocrx_word' id='word_1_425' title='bbox 1077 2491 1224 2534; x_wconf 73' lang='lat' dir='ltr'>imperii</span> <span class='ocrx_word' id='word_1_426' title='bbox 1249 2491 1304 2524; x_wconf 78' lang='lat' dir='ltr'>tui</span> <span class='ocrx_word' id='word_1_427' title='bbox 1326 2491 1497 2534; x_wconf 75' lang='lat' dir='ltr'>pecunias</span> <span class='ocrx_word' id='word_1_428' title='bbox 1522 2491 1554 2523; x_wconf 74' lang='lat' dir='ltr'>ei</span> <span class='ocrx_word' id='word_1_429' title='bbox 1578 2491 1675 2523; x_wconf 81' lang='lat' dir='ltr'>cred.</span> 
     </span>
     <span class='ocr_line' id='line_1_44' title="bbox 201 2537 1677 2582; baseline 0 -11"><span class='ocrx_word' id='word_1_430' title='bbox 201 2537 305 2573; x_wconf 74' lang='lat' dir='ltr'>Crat.</span> <span class='ocrx_word' id='word_1_431' title='bbox 331 2538 398 2571; x_wconf 90' lang='lat' dir='ltr'>Ed.</span> <span class='ocrx_word' id='word_1_432' title='bbox 427 2539 528 2573; x_wconf 73' lang='lat'>1584.</span> <span class='ocrx_word' id='word_1_433' title='bbox 557 2538 653 2573; x_wconf 79' lang='lat' dir='ltr'>Lau.</span> <span class='ocrx_word' id='word_1_434' title='bbox 679 2540 906 2582; x_wconf 54' lang='lat' dir='ltr'>Maru-Lag.</span> <span class='ocrx_word' id='word_1_435' title='bbox 935 2538 1021 2572; x_wconf 81' lang='lat' dir='ltr'>Sch.</span> <span class='ocrx_word' id='word_1_436' title='bbox 1048 2539 1143 2572; x_wconf 81' lang='lat' dir='ltr'>Liin.</span> <span class='ocrx_word' id='word_1_437' title='bbox 1170 2539 1244 2572; x_wconf 72' lang='grc' dir='ltr'>ΟΠ.</span> <span class='ocrx_word' id='word_1_438' title='bbox 1292 2539 1466 2572; x_wconf 63' lang='lat' dir='ltr'>Letum-e</span> <span class='ocrx_word' id='word_1_439' title='bbox 1481 2539 1615 2571; x_wconf 79' lang='lat' dir='ltr'>Lesart</span> <span class='ocrx_word' id='word_1_440' title='bbox 1629 2538 1677 2571; x_wconf 83' lang='lat' dir='ltr'>ist</span> 
     </span>
     <span class='ocr_line' id='line_1_45' title="bbox 199 2585 1673 2632; baseline 0.002 -16"><span class='ocrx_word' id='word_1_441' title='bbox 199 2585 405 2628; x_wconf 81' lang='lat' dir='ltr'>cigentlich</span> <span class='ocrx_word' id='word_1_442' title='bbox 423 2587 636 2629; x_wconf 71' lang='lat' dir='ltr'>Erkla&#39;rung</span> <span class='ocrx_word' id='word_1_443' title='bbox 648 2597 799 2619; x_wconf 83' lang='lat' dir='ltr'>unserer</span> <span class='ocrx_word' id='word_1_444' title='bbox 812 2586 1098 2619; x_wconf 73' lang='lat' dir='ltr'>Ciceronischen</span> <span class='ocrx_word' id='word_1_445' title='bbox 1110 2588 1256 2628; x_wconf 76' lang='lat' dir='ltr'>Lesart,</span> <span class='ocrx_word' id='word_1_446' title='bbox 1274 2587 1376 2620; x_wconf 83' lang='lat' dir='ltr'>einer</span> <span class='ocrx_word' id='word_1_447' title='bbox 1392 2585 1616 2632; x_wconf 78' lang='lat' dir='ltr'>Hendiadys.</span> <span class='ocrx_word' id='word_1_448' title='bbox 1631 2603 1673 2611; x_wconf 86' lang='lat'>-—</span> 
     </span>
     <span class='ocr_line' id='line_1_46' title="bbox 194 2631 1673 2678; baseline 0.001 -12"><span class='ocrx_word' id='word_1_449' title='bbox 194 2631 264 2671; x_wconf 78' lang='lat' dir='ltr'>sld.</span> <span class='ocrx_word' id='word_1_450' title='bbox 290 2643 391 2666; x_wconf 78' lang='lat' dir='ltr'>suum</span> <span class='ocrx_word' id='word_1_451' title='bbox 415 2639 563 2677; x_wconf 60' lang='lat' dir='ltr'>praest„</span> <span class='ocrx_word' id='word_1_452' title='bbox 588 2635 846 2678; x_wconf 72' lang='lat' dir='ltr'>hinla&#39;ngliche</span> <span class='ocrx_word' id='word_1_453' title='bbox 864 2634 1080 2667; x_wconf 82' lang='lat' dir='ltr'>Sicherheit</span> <span class='ocrx_word' id='word_1_454' title='bbox 1104 2635 1246 2667; x_wconf 84' lang='lat' dir='ltr'>leisten.</span> <span class='ocrx_word' id='word_1_455' title='bbox 1275 2653 1316 2658; x_wconf 90' lang='lat'>—</span> <span class='ocrx_word' id='word_1_456' title='bbox 1346 2635 1528 2677; x_wconf 79' lang='lat' dir='ltr'>regionem</span> <span class='ocrx_word' id='word_1_457' title='bbox 1554 2648 1602 2666; x_wconf 63' lang='lat' dir='ltr'>z:</span> <span class='ocrx_word' id='word_1_458' title='bbox 1627 2634 1673 2667; x_wconf 85' lang='lat' dir='ltr'>si-</span> 
     </span>
     <span class='ocr_line' id='line_1_47' title="bbox 199 2682 1674 2726; baseline 0.001 -14"><span class='ocrx_word' id='word_1_459' title='bbox 199 2684 300 2723; x_wconf 71' lang='lat' dir='ltr'>tum,</span> <span class='ocrx_word' id='word_1_460' title='bbox 327 2683 438 2725; x_wconf 83' lang='lat' dir='ltr'>Lage.</span> <span class='ocrx_word' id='word_1_461' title='bbox 466 2683 643 2717; x_wconf 75' lang='lat' dir='ltr'>rationem</span> <span class='ocrx_word' id='word_1_462' title='bbox 676 2683 806 2715; x_wconf 70' lang='lat' dir='ltr'>hamb.</span> <span class='ocrx_word' id='word_1_463' title='bbox 841 2693 860 2714; x_wconf 87' lang='lat' dir='ltr'>e</span> <span class='ocrx_word' id='word_1_464' title='bbox 887 2682 978 2715; x_wconf 86' lang='lat' dir='ltr'>Cdd.</span> <span class='ocrx_word' id='word_1_465' title='bbox 1013 2700 1060 2706; x_wconf 93' lang='lat'>—</span> <span class='ocrx_word' id='word_1_466' title='bbox 1110 2682 1343 2722; x_wconf 75' lang='lat' dir='ltr'>confirmares</span> <span class='ocrx_word' id='word_1_467' title='bbox 1368 2709 1375 2716; x_wconf 91' lang='lat'>.</span> <span class='ocrx_word' id='word_1_468' title='bbox 1403 2709 1411 2716; x_wconf 93' lang='lat'>.</span> <span class='ocrx_word' id='word_1_469' title='bbox 1441 2706 1450 2715; x_wconf 87' lang='lat'><strong>.</strong></span> <span class='ocrx_word' id='word_1_470' title='bbox 1478 2682 1674 2726; x_wconf 65' lang='lat' dir='ltr'>impcdires</span> 
     </span>
     <span class='ocr_line' id='line_1_48' title="bbox 199 2730 1673 2810; baseline 0.001 -49"><span class='ocrx_word' id='word_1_471' title='bbox 199 2731 500 2810; x_wconf 75' lang='lat' dir='ltr'>d:beonfirmare</span> <span class='ocrx_word' id='word_1_472' title='bbox 524 2755 533 2765; x_wconf 90' lang='lat'><em>.</em></span> <span class='ocrx_word' id='word_1_473' title='bbox 560 2756 568 2764; x_wconf 93' lang='lat'><strong><em>.</em></strong></span> <span class='ocrx_word' id='word_1_474' title='bbox 597 2756 605 2767; x_wconf 89' lang='lat'><strong>.</strong></span> <span class='ocrx_word' id='word_1_475' title='bbox 632 2731 816 2777; x_wconf 80' lang='lat' dir='ltr'>impedire</span> <span class='ocrx_word' id='word_1_476' title='bbox 841 2741 977 2775; x_wconf 86' lang='lat' dir='ltr'>posses.</span> <span class='ocrx_word' id='word_1_477' title='bbox 1006 2730 1252 2774; x_wconf 77' lang='lat' dir='ltr'>negligendo,</span> <span class='ocrx_word' id='word_1_478' title='bbox 1279 2742 1388 2766; x_wconf 86' lang='lat' dir='ltr'>wenn</span> <span class='ocrx_word' id='word_1_479' title='bbox 1412 2731 1473 2766; x_wconf 90' lang='lat' dir='ltr'>Du</span> <span class='ocrx_word' id='word_1_480' title='bbox 1498 2730 1673 2775; x_wconf 71' lang='lat' dir='ltr'>untliiitig</span> 
     </span>
    </p>

    <p class='ocr_par' dir='ltr' id='par_1_8' title="bbox 227 2777 508 2812">
     <span class='ocr_line' id='line_1_49' title="bbox 227 2777 508 2812; baseline 0.007 -2"><span class='ocrx_word' id='word_1_481' title='bbox 227 2787 245 2810; x_wconf 79' lang='lat' dir='ltr'>a</span> <span class='ocrx_word' id='word_1_482' title='bbox 277 2777 310 2811; x_wconf 89' lang='lat' dir='ltr'>ei</span> <span class='ocrx_word' id='word_1_483' title='bbox 336 2778 508 2812; x_wconf 84' lang='lat' dir='ltr'>bliebest.</span> 
     </span>
    </p>
   </div>
  </div>
 </body>
</html>
