1742 3006
390 59 707 103 EPISTOLA
748 58 969 103 CXXXI.
1012 61 1262 105 CXXXII.
1482 63 1574 111 419

20 197 23 229 ?
90 171 369 214 sanctissime
398 186 494 214 esse
514 173 844 213 observaturum
865 170 1287 228 diligentissimeque
1307 186 1402 215 esse
1430 174 1573 217 factu-

20 235 23 280 ξ
90 242 202 271 rum.
262 228 387 278 Quae
415 242 442 269 a
468 241 539 269 me
569 231 773 282 suscepta
801 226 997 267 defensio
1016 233 1104 279 est,
1135 234 1179 270 te
1202 231 1400 281 absente,
1431 230 1573 286 digni-

20 284 23 315 ἰ
90 285 196 325 tatis
235 287 359 327 tuae:
400 284 445 324 in
487 296 538 325 ea
576 283 665 323 iam
704 296 784 337 ego
823 295 910 323 non
949 282 1089 323 solum
1128 286 1351 326 amicitiae
1379 292 1572 340 nostrae,

91 340 171 380 sed
200 341 335 382 etiam
378 339 651 380 constantiae
700 351 825 379 meae.
874 350 1006 378 causa
1053 343 1328 392 permanebo.
1407 341 1573 392 Quam-

93 397 244 436 obrem
284 395 390 436 satis
420 408 516 436 esse
550 394 637 435 hoc
665 399 866 448 tempore
902 393 1138 435 arbitratus
1176 408 1271 437 sum
1310 396 1397 438 hoc
1434 398 1491 439 ad
1528 403 1572 441 te

92 452 311 492 scribere:
349 464 444 503 me,
475 451 515 491 si
543 449 651 505 quid
679 449 773 503 ipse
801 450 1093 503 intelligerem
1123 454 1198 491 aut
1225 453 1281 492 ad
1303 453 1570 496 voluntatem

92 511 167 548 aut
195 506 250 548 ad
279 506 557 547 commodum
596 509 672 546 aut
707 505 763 545 ad
808 505 1137 560 amplitudinem
1175 510 1296 548 tuam
1333 511 1568 563 pertinere,

91 575 192 604 mea.
220 566 371 617 sponte
399 562 446 601 id
477 575 572 603 esse
601 561 844 602 facturum:
891 562 961 601 sin
991 565 1135 602 autem
1177 563 1401 618 quidpiam
1441 571 1515 607 aut
1543 580 1570 607 a

90 623 134 660 te
165 631 305 659 essem
334 617 582 659 admonitus
612 621 686 660 aut
714 630 739 657 a
767 618 880 670 tuis,
912 618 1194 669 effecturum,
1225 624 1273 660 ut
1302 620 1568 675 intelligeres

89 673 200 715 nihil
230 688 368 728 neque
397 678 441 714 te
471 674 704 726 scripsisse
733 686 868 727 neque
905 686 1163 728 quemquam
1194 679 1368 715 tuorum
1400 676 1569 720 frustra

91 730 148 770 ad
184 743 254 770 me
293 730 514 770 detulisse.
583 729 879 779 Quamobrem
918 729 1050 770 velim
1087 730 1151 770 ita
1186 735 1231 770 ct
1267 731 1361 784 ipse
1399 733 1457 773 ad
1497 748 1567 776 me

91 786 261 826 scribas
284 785 337 825 de
356 786 554 825 omnibus
576 785 773 825 minimis
789 816 801 836 ,
830 785 1035 826 maximis
1052 816 1064 837 ,
1095 785 1390 827 mediocribus
1421 789 1565 842 rebus,

90 846 139 882 ut
169 841 226 882 ad
256 840 478 882 hominem
508 840 849 888 amicissimum;
880 845 924 880 et
943 841 1031 882 tuis
1053 842 1325 895 praecipias,
1357 848 1404 882 ut
1433 858 1568 898 opera

91 896 302 949 consilio,
346 896 611 937 auctoritate
639 896 785 949 gratia
813 908 912 935 mea
942 896 1008 936 sic
1045 901 1228 936 utantur
1265 898 1312 938 in
1351 902 1567 952 omnibus,

89 953 274 1005 publicis
313 952 523 1007 privatis,
564 950 809 992 forensibus
850 950 1130 1003 domesticis,
1181 953 1269 993 tuis
1308 954 1566 1007 amicorum,

89 1009 311 1062 hospitum
341 1008 568 1048 clientium
597 1012 772 1047 tuorum
811 1007 1021 1059 negotiis;
1060 1010 1132 1058 ut,
1171 1008 1314 1060 quoad
1343 1010 1435 1051 eius
1465 1011 1567 1053 fieri

91 1065 253 1118 possit,
284 1063 559 1117 praesentiae
588 1067 688 1103 tuae
718 1061 983 1103 desiderium
1013 1076 1109 1103 meo
1139 1062 1288 1105 labore
1327 1065 1564 1110 minuatur.

263 1269 579 1313 EPISTULA
608 1268 860 1311 CXXXII.
920 1268 993 1319 (ad
1025 1267 1078 1318 Q.
1109 1269 1180 1309 Fr.
1212 1268 1272 1309 ΙΙ.
1307 1271 1389 1321 12.)

231 1345 310 1379 Ser.
345 1346 486 1380 Romae
516 1343 645 1377 ldibus
684 1342 791 1376 Febr.
826 1342 868 1376 A.
904 1343 948 1376 U.
984 1343 1023 1378 c.
1057 1344 1137 1378 700.
1183 1343 1230 1384 (a.
1271 1345 1311 1379 c.
1348 1346 1424 1387 54.)

91 1415 147 1447 De
184 1413 427 1460 Commageni
463 1411 564 1460 regis
602 1422 711 1444 causa
748 1422 770 1443 a
805 1410 991 1443 Cicerone
1026 1410 1065 1443 in
1099 1416 1225 1444 senatu
1259 1411 1436 1446 discussa.
1478 1415 1565 1448 1-3.

458 1459 504 1492 de
530 1460 650 1492 literis
678 1470 698 1491 a
726 1460 882 1491 Caesare
908 1459 1082 1503 acceptis.
1109 1459 1201 1493 4-5.

543 1526 742 1560 MARCUS
778 1525 824 1569 Q.
857 1524 1034 1558 FRATm
1066 1523 1103 1558 5.

201 1595 384 1638 Gaudeo
425 1594 510 1637 tibi
551 1593 768 1634 iucundas
809 1605 904 1633 esse
934 1606 1053 1634 meas
1083 1592 1262 1633 literas:
1308 1607 1390 1634 nec
1420 1598 1568 1636 tamen

91 1651 343 1692 habuissem
382 1649 609 1693 scribendi
657 1661 774 1689 nunc
822 1648 1003 1702 quidem
1055 1648 1196 1688 ullum
1244 1656 1567 1703 argumentum,

91 1709 180 1748 nisi
210 1711 307 1748 tuas
336 1708 622 1761 accepissem.
690 1704 806 1745 Nam
835 1704 950 1758 prid.
981 1703 1048 1744 Id.
1079 1717 1214 1756 quum
1240 1704 1411 1759 Appius
1441 1715 1567 1747 sena-

92 1768 184 1804 tum
215 1762 541 1817 infrequentem
569 1761 806 1814 coegisset,
835 1764 1008 1800 tantum
1036 1757 1126 1799 fuit
1145 1758 1304 1814 frigus,
1334 1766 1383 1801 ut
1413 1763 1570 1816 populi

83 1884 206 1926 fact„
234 1882 305 1915 del.
334 1891 408 1914 esse
434 1891 479 1914 ex
504 1879 656 1923 antiqua
683 1878 783 1914 coni.
813 1878 911 1913 Crat.
932 1877 1025 1910 Vict.
1038 1878 1073 1913 2.
1100 1877 1226 1911 Lamb.
1252 1878 1345 1913 Ern.
1372 1880 1569 1925 Martyni..

93 1931 186 1977 Lag.
214 1930 298 1963 Sch.
325 1930 422 1963 Liin.
450 1934 580 1961 contra
605 1927 684 1961 Md.
714 1925 907 1960 ORELLI.
938 1945 979 1950 —
1006 1929 1115 1959 const.
1141 1937 1184 1959 m.
1212 1937 1260 1966 c.,
1288 1938 1350 1959 um
1378 1927 1416 1959 in
1442 1921 1569 1962 Uber-

93 1978 364 2021 einstimmung-
398 1976 469 2009 mit
503 1976 576 2008 mir
608 1975 719 2008 selbst
752 1986 800 2006 zu
831 1974 990 2007 bleiben.
1045 1973 1100 2007 Er
1126 1972 1255 2006 suchte
1283 1973 1405 2007 durch
1431 1975 1568 2008 Erhal-

90 2033 187 2071 tung
219 2025 282 2058 des
316 2022 642 2070 Gleichgewichts
676 2022 862 2055 zwischen
902 2024 1069 2061 Crassus,
1112 2022 1308 2066 Pompeius
1347 2022 1423 2055 und
1458 2025 1569 2056 Ca'sar

94 2073 193 2106 noch
228 2072 366 2105 immet·
401 2084 447 2104 zu
478 2070 684 2109 verhiitem
719 2070 799 2103 dass
835 2069 899 2102 der
929 2070 1110 2103 Freistaat
1142 2069 1179 2101 in
1214 2069 1273 2102 die
1306 2070 1435 2104 Hande
1468 2071 1569 2104 eines

92 2121 274 2169 Einzigen
301 2118 473 2167 geriethe
498 2119 574 2152 und
599 2116 767 2151 dadurch
792 2116 1010 2151 vernichtet
1041 2117 1181 2150 wiirde.
1221 2135 1258 2141 —
1298 2118 1347 2150 ad
1378 2122 1412 2151 te
1448 2120 1569 2156 scrib..

95 2171 197 2204 Crat.
223 2168 312 2201 haec
336 2178 405 2212 pro
422 2166 499 2200 Ιιοο.
518 2165 807 2211 Martyni-Lag.
832 2164 920 2198 Sch.
948 2164 1012 2197 hoc
1037 2165 1255 2197 adscribere.
1307 2166 1414 2199 Haud
1440 2167 1571 2212 displi-

94 2223 175 2260 cet;
200 2225 321 2259 neque
347 2221 472 2248 tamen
498 2213 701 2248 necessaria
727 2219 782 2246 est
807 2213 907 2248 coni.
943 2211 1138 2245 ORELLI.
1172 2232 1213 2238 —
1247 2213 1305 2246 sin
1337 2218 1465 2247 autem.
1495 2215 1569 2248 del.

96 2269 211 2298 autem
239 2263 365 2297 Lamb.
391 2282 435 2287 -—
460 2263 614 2304 frustra
638 2262 686 2294 ad
709 2272 778 2294 me.
807 2261 934 2294 Lamb.
961 2261 1010 2293 ad
1032 2270 1088 2292 me
1104 2261 1269 2302 frustra.
1297 2280 1340 2286 —
1373 2262 1479 2295 velim
1504 2263 1570 2299 ita,

94 2312 158 2346 ich
185 2310 363 2344 wiinsche
388 2311 506 2352 also,
532 2310 612 2343 dass
637 2321 673 2342 u.
702 2321 727 2342 s.
756 2320 801 2341 w.
829 2328 871 2332 —
907 2308 997 2340 med.
1018 2308 1132 2341 rebus.
1157 2308 1219 2342 Sic
1244 2309 1325 2343 Md.
1354 2310 1449 2343 Vict.
1479 2313 1507 2344 1.
1538 2312 1570 2345 2.

94 2359 405 2402 mediocribusque
439 2359 572 2391 Ceteri.
609 2357 680 2390 OR.
717 2376 761 2381 —
800 2356 918 2400 quoad
950 2356 1058 2398 (quod
1090 2355 1185 2397 Md.)
1218 2357 1293 2390 eius
1319 2356 1410 2397 fieri
1439 2370 1494 2402 p.‚
1531 2369 1569 2390 so

96 2408 172 2441 viel
197 2408 325 2448 (oder
351 2407 388 2439 in
415 2416 454 2439 ⁵0
482 2406 582 2448 feru)
607 2405 734 2438 hierin
761 2402 931 2451 moglich
969 2403 1045 2436 sein
1073 2403 1198 2437 diirste
1225 2405 1260 2438 d.
1287 2405 1311 2438 i.
1339 2404 1437 2436 nach
1465 2406 1572 2450 M'dg-

96 2455 273 2490 lichkeit.
300 2456 334 2487 S.
361 2453 508 2488 Ramsh.
536 2454 570 2497 §-
598 2454 676 2490 115,
703 2453 732 2486 1.
758 2453 846 2486 Not.
872 2453 905 2487 2.
922 2470 962 2475 —
988 2462 1112 2494 praes.
1140 2456 1221 2485 tuae
1238 2453 1374 2495 desid„
1401 2452 1464 2485 ihr
1482 2455 1572 2487 Ver·

97 2504 235 2550 langen
262 2500 359 2535 nach
385 2501 524 2534 Deiner
548 2500 821 2535 Anwesenheit.

199 2572 228 2603 l.
254 2573 517 2612 argumentum,
543 2568 649 2601 Stoff.
701 2586 747 2592 --
798 2567 895 2610 prid.
928 2567 980 2599 Id.
1008 2567 1118 2599 Febr.
1147 2577 1205 2598 am
1237 2569 1288 2600 ll.
1316 2567 1498 2601 Februar.
1526 2586 1571 2594 -

103 2619 245 2662 Appius
270 2618 407 2650 consul.
434 2634 479 2642 ·——
505 2620 664 2650 senatum
691 2625 836 2657 cogere,
865 2614 936 2647 den
965 2616 1078 2647 senat
1103 2614 1496 2663 zusammennothigen
1523 2630 1571 2648 :-.

102 2667 220 2699 rufen.
247 2664 404 2707 infreq.‚
441 2665 506 2697 der
533 2664 666 2697 iedoch
692 2664 730 2696 in
756 2664 934 2709 gei-inger
963 2662 1102 2694 Anzahl
1130 2662 1311 2695 erschien.
1363 2663 1572 2708 Bracliylo-

101 2714 173 2760 gia.
231 2715 264 2745 S.
303 2712 450 2745 Ramsli.
487 2715 517 2756 ξ.
558 2714 645 2752 172,
688 2714 721 2747 l.
750 2710 900 2743 Grotef.
932 2710 963 2752 §.
991 2711 1074 2744 329.
1101 2727 1148 2732 -
1196 2720 1276 2754 pop.
1305 2721 1423 2753 conv„
1452 2711 1572 2745 durch

1081 2758 1179 2802 27*
