1742 3006
213 74 307 125 338
492 76 556 122 Μ.
587 77 644 121 Τ.
675 74 1019 120 CICERONIS
1046 76 1425 135 EPISTOLAE.

210 194 370 242 ventu3
401 188 632 243 incidique
663 187 709 229 in
739 202 838 230 eum
869 189 1019 231 locum
1040 189 1088 230 in
1109 189 1320 244 dicendo,
1350 203 1487 245 quum
1511 190 1700 248 Sestius,

209 248 365 288 multis
405 247 451 288 in
491 245 661 299 templo
700 244 904 287 Castoris
942 246 1202 288 vulneribus
1231 247 1459 302 acceptis,
1497 249 1701 292 subsidio

206 303 390 344 Bestiae
439 305 642 343 servatus
682 306 810 343 esset.
898 302 990 342 Hic
1040 303 1431 354 προῳκονομησάμην
1484 304 1702 358 quiddam

205 358 395 408 εὐκαίρως
423 357 478 398 de
508 357 581 410 iis,
612 370 724 412 quae
754 359 802 398 in
832 357 1028 399 Sestium
1057 360 1390 413 apparabantur
1417 359 1625 412 crimina,
1655 364 1703 403 et

206 428 306 455 eum
337 413 498 455 ornavi
524 414 646 455 veris
675 411 906 466 laudibus,
933 427 1095 468 magno
1125 427 1308 456 assensu
1338 415 1549 457 omnium.
1607 415 1701 458 Res

206 469 380 510 homini
410 469 500 511 fuit
525 469 816 512 vehementer
843 473 985 524 grata.
1046 469 1173 520 Quae
1195 472 1281 513 tibi
1303 485 1357 513 eo
1381 472 1547 524 scribo,
1579 472 1703 527 quod

208 539 278 566 me
327 525 382 567 de
436 525 675 568 retinenda
713 526 854 568 Sestii
901 526 1050 581 gratia
1094 527 1244 568 literis
1288 541 1421 582 saepe
1471 529 1700 569 monuisti.

209 581 340 622 Prid.
384 580 454 622 Id.
494 583 625 624 Febr.
667 581 782 624 haec
821 583 987 637 scripsi
1025 586 1129 624 ante
1168 584 1343 626 lucem:
1392 597 1447 625 eo
1477 583 1552 625 die
1582 583 1700 639 apud

208 637 508 693 Pomponium
558 639 604 679 in
655 639 752 680 eius
799 639 969 693 nuptiis
1008 652 1130 680 eram
1169 644 1451 681 coenaturus.
1534 640 1701 682 Cetera

208 699 312 735 sunt
349 695 397 734 in
439 695 570 734 rebus
608 695 777 736 nostris
818 694 1105 747 huiusmodi,
1145 698 1195 735 ut
1223 698 1274 736 tu
1302 694 1417 736 mihi
1447 694 1544 737 fere
1575 695 1702 738 diffi-

210 750 337 791 denti
366 749 676 806 praedicabas,
706 751 842 806 plena
871 751 1110 805 dignitatis
1142 754 1188 791 et
1217 752 1416 805 gratiae:
1456 765 1570 806 quae
1602 752 1701 806 qui-

208 805 311 847 dem
340 809 432 859 tua,
462 806 525 847 mi
554 805 710 858 frater,
741 807 996 861 prudentia,
1027 807 1262 862 patientia,
1291 807 1487 859 virtute,
1517 808 1702 862 pietate,

207 862 432 903 suavitate
463 863 614 914 etiam,
645 863 731 903 tibi
760 863 964 918 mihique
994 866 1099 904 sunt
1129 864 1349 904 restituta.
1408 862 1582 904 Domus
1616 864 1702 905 tibi

205 918 263 958 ad
294 918 443 959 lucum
472 917 657 959 Pisonis
687 919 931 960 Liciniana
958 920 1182 960 conducta
1213 923 1294 961 est.
1353 917 1460 972 Sed,
1490 923 1539 960 ut
1556 932 1702 974 spero,

186 975 360 1029 ⁴paucis
389 975 639 1027 mensibus,
669 979 771 1029 post
801 975 1033 1016 Kalendas
1065 975 1247 1027 Quint.‚
1288 976 1335 1015 in
1365 979 1488 1016 tuam
1517 976 1702 1016 commi-

204 1031 369 1084 grabis.
429 1030 577 1072 Tuam
607 1031 654 1070 in
677 1031 861 1071 Carinis
891 1031 1051 1071 mundi
1081 1030 1360 1072 habitatores
1381 1029 1569 1073 Lamiae
1599 1044 1703 1073 con-

204 1085 449 1127 duxerunt.
519 1088 559 1128 A
601 1090 645 1127 te
686 1090 789 1140 post
829 1087 960 1128 illam
991 1086 1255 1128 Olbiensem
1286 1087 1524 1142 epistolam
1552 1087 1702 1129 nullas

203 1233 274 1267 den
301 1244 387 1267 man
413 1232 691 1280 beschuldigte,
719 1232 801 1266 dass
828 1244 869 1267 er
896 1234 954 1268 bei
981 1236 1106 1269 seiner
1131 1235 1367 1278 Bewerbung
1392 1247 1459 1269 um
1483 1235 1542 1269 die
1567 1236 1702 1269 Prstur

203 1280 284 1315 sich
311 1283 549 1325 Bestechung
576 1282 722 1314 erlaubt
747 1282 854 1315 habe.
905 1282 939 1315 S.
967 1284 1129 1329 Philipp.
1157 1284 1242 1325 XII,
1270 1285 1304 1319 8.
1332 1283 1398 1324 xl,
1425 1285 1461 1318 5.
1510 1284 1570 1318 Im
1587 1284 1701 1317 lehre

203 1331 273 1366 696
299 1341 378 1363 war
405 1341 446 1362 er
472 1329 602 1363 aedilis
628 1329 750 1375 plebis
775 1331 963 1375 gev'vesen.
1023 1330 1061 1365 S.
1090 1330 1265 1376 Philipp.
1291 1331 1399 1370 XIII,
1427 1332 1482 1366 12.
1519 1332 1617 1366 Cael.
1646 1333 1700 1367 12.

202 1398 247 1404 —-
273 1377 451 1422 incidique
478 1378 517 1411 in
544 1388 621 1412 eum
648 1379 714 1411 loc.
743 1402 751 1411 .
780 1404 788 1412 .
818 1403 827 1411 .
854 1388 960 1422 quum
992 1379 1068 1422 (z
1094 1391 1169 1425 quo
1195 1380 1391 1424 tempore)
1419 1385 1491 1413 cet.
1524 1380 1604 1414 und
1636 1379 1702 1414 ich
1739 1417 1742 1419 ,

200 1427 400 1463 benutzte
419 1427 457 1459 in
492 1427 635 1460 meiner
661 1426 764 1460 Rede
799 1426 871 1458 den
908 1425 1076 1467 Vorfall,
1119 1440 1175 1462 wo
1202 1427 1314 1462 oder
1339 1427 1422 1461 dass
1445 1438 1482 1461 u.
1509 1439 1535 1461 s.
1562 1438 1611 1462 w.
1663 1428 1701 1462 S.

200 1487 247 1508 zu
272 1486 328 1521 ep.
355 1473 536 1518 LXXXV,
562 1475 638 1522 vgl.
664 1474 736 1508 mit
759 1475 964 1517 LXXXIX,
991 1478 1013 1511 3
1039 1475 1187 1511 Sestius.
1246 1476 1336 1512 Von
1360 1475 1498 1510 diesem
1524 1477 1563 1511 P.
1590 1474 1702 1509 Sesti-

201 1535 243 1557 us
279 1525 323 1558 L.
358 1525 396 1557 F.
431 1523 480 1557 ist
514 1522 633 1557 sehon
668 1533 726 1568 ep.
755 1521 823 1557 XV
861 1523 922 1557 die
948 1524 1053 1558 Rede
1080 1535 1269 1569 gewesen.
1298 1543 1344 1550 -
1381 1525 1456 1558 Hic
1480 1535 1700 1570 προῳκον.

203 1578 276 1605 cet.
328 1571 424 1614 „Rei
459 1572 581 1605 dieser
615 1572 868 1616 Gelegenheit
902 1573 1025 1607 sucht'
1054 1573 1118 1606 ich
1152 1572 1272 1606 durch
1307 1572 1489 1606 manehes
1514 1573 1629 1607 Wort
1659 1583 1700 1606 so

200 1631 295 1666 ganz
322 1633 370 1655 zu
397 1620 548 1654 rechter
576 1621 658 1654 Zeit
683 1620 752 1653 den
779 1619 1139 1666 Beschuldigungen
1165 1621 1217 1654 im
1244 1621 1385 1654 Vox-aus
1417 1632 1461 1654 zu
1487 1621 1699 1666 begegnen‚

201 1669 331 1703 womit
356 1668 494 1702 Sestius
518 1681 592 1703 von
619 1668 749 1702 seinen
774 1669 989 1713 Anklagern
1025 1669 1212 1702 bedrohet
1244 1668 1414 1703 wurde.“
1465 1667 1564 1702 Statt
1594 1669 1699 1712 quid-

201 1717 285 1750 dam
317 1716 413 1751 Iens.
448 1718 632 1761 quaedam.
671 1717 741 1750 cfr.
775 1715 945 1750 Victorii
980 1717 1074 1754 Var.
1107 1717 1226 1751 Lectt.
1261 1718 1332 1759 35,
1366 1717 1398 1751 4.
1460 1717 1560 1750 Statt
1584 1718 1626 1750 de
1649 1717 1700 1751 iis

202 1764 280 1799 Md.
308 1765 406 1799 vict.
435 1767 466 1798 1.
495 1767 528 1801 2.
554 1765 621 1799 his.
649 1784 694 1790 —
721 1760 962 1811 εὐκαίρως,
990 1773 1079 1810 apto
1105 1766 1190 1799 loco
1218 1765 1325 1810 quasi
1341 1765 1563 1798 vestibulum
1580 1765 1700 1811 quod·

203 1813 290 1846 dam
317 1813 496 1848 orationis
521 1825 591 1858 pro
625 1813 753 1846 Sextio
780 1813 978 1847 habendae
1004 1814 1082 1848 feci
1114 1826 1140 1848 s.
1168 1813 1398 1858 praemunivi
1424 1813 1608 1859 quaedam
1632 1823 1699 1859 op-

202 1867 385 1906 portune,
413 1873 524 1907 quae,
560 1873 673 1906 quum
698 1860 845 1896 Sextius
872 1862 912 1895 in
939 1863 1123 1896 iudicium
1149 1862 1322 1905 venisset,
1349 1862 1427 1895 eius
1455 1873 1587 1896 causae
1611 1872 1700 1908 pro-

201 1909 303 1943 desse
328 1916 491 1956 possent.
517 1909 627 1944 SCH.

299 1974 332 2008 7.
358 1972 461 2007 Prid.
487 1972 542 2006 Id.
569 1972 692 2011 Febr„
719 1983 780 2005 am
810 1973 918 2007 l2ten
944 1973 1126 2009 Februar.
1153 1991 1198 1998 —-
1224 1971 1262 2005 in
1288 1971 1365 2005 eius
1389 1971 1539 2016 nuptiis.
1598 1971 1697 2005 Atti-

204 2020 273 2054 kus
298 2021 516 2054 heirathete
542 2020 601 2053 die
627 2021 734 2062 Pilia,
761 2021 894 2053 womit
921 2033 962 2054 er
988 2022 1089 2054 seine
1105 2021 1274 2054 Tochter
1299 2021 1508 2065 Pomponia
1532 2019 1697 2054 Atticula

203 2069 293 2103 oder
322 2069 484 2103 Caecilia
511 2075 699 2113 erzeugte‚
743 2068 803 2100 die
835 2080 875 2102 er
910 2080 956 2101 an
983 2069 1053 2102 den
1081 2071 1135 2103 M.
1164 2068 1361 2114 Vipsanius
1385 2069 1575 2114 Agrippa,
1625 2069 1697 2102 den

202 2118 462 2163 nachherigen
496 2125 618 2151 ersten
655 2117 815 2150 General
849 2128 883 2150 u.
913 2118 1210 2152 Geheimenrath
1244 2117 1306 2150 des
1338 2119 1544 2165 AugustuS,
1595 2116 1697 2150 nach

203 2166 270 2198 der
300 2166 480 2200 Schlacht
512 2165 575 2199 bei
612 2165 774 2210 Philippi
806 2166 1028 2199 vermiihlte.
1080 2166 1115 2199 S.
1149 2179 1207 2212 ep.
1244 2168 1305 2198 CV
1338 2177 1377 2202 u.
1408 2165 1556 2198 Cornel.
1581 2164 1697 2206 XXV,

205 2215 262 2249 12.
300 2233 348 2240 -
396 2213 598 2256 suavitate,
641 2214 762 2247 durch
794 2214 914 2247 Deine
945 2213 1352 2259 Liebenswiirdigkeit.
1388 2232 1433 2238 —
1478 2215 1574 2256 post.
1616 2212 1693 2247 Gal.

205 2262 325 2297 Quint.
356 2263 444 2297 Est:
486 2274 664 2306 „paucos
696 2263 796 2296 intra
830 2273 992 2302 menses,
1044 2263 1171 2296 statim
1204 2269 1291 2308 post
1321 2260 1504 2294 Kalendas
1539 2260 1696 2306 Quint.“

202 2311 332 2354 paucis
363 2311 540 2344 mensibus
571 2315 677 2354 post,
712 2310 888 2344 Kalendis
916 2311 1153 2346 Quintilibus.-
1194 2311 1286 2354 „Sic
1314 2309 1424 2354 plene
1451 2308 1583 2354 scripsi
1609 2319 1694 2341 cum

206 2357 324 2400 Oliv.‚
366 2370 411 2392 ne
436 2360 579 2403 legatur
611 2370 695 2392 cum
727 2359 822 2393 Edd.
858 2365 951 2394 vett.
976 2362 1058 2401 post
1084 2359 1272 2393 Kalendas
1300 2357 1514 2393 Quintilesf‘
1545 2356 1693 2390 Bentiv.

203 2406 275 2440 Sed
312 2407 384 2441 hoc
416 2407 634 2451 significatu
668 2407 827 2440 dicimus
863 2407 993 2452 paucis
1017 2408 1214 2449 mensibus,
1241 2414 1283 2441 ut
1308 2405 1412 2440 Libr.
1439 2406 1474 2439 3.
1501 2404 1618 2449 Epist.
1647 2406 1692 2445 1..

204 2465 297 2488 non:
338 2466 375 2499 p.
412 2467 458 2488 m.
491 2460 587 2499 post.
621 2455 819 2492 ORELLI.
870 2456 949 2489 Der
980 2461 1077 2488 erste
1111 2456 1179 2489 lul.
1214 2467 1290 2489 war
1325 2452 1426 2486 nach
1458 2453 1607 2486 Sueton.
1640 2451 1694 2485 im

205 2503 290 2537 Tib.
325 2504 393 2537 der
425 2503 686 2548 gewsshnliche
718 2503 874 2537 Termin
908 2504 976 2536 fiir
1012 2504 1242 2548 gemiethete
1278 2504 1436 2537 Hauser.
1510 2502 1603 2534 Dass
1629 2500 1693 2533 fiir

205 2550 277 2583 den
305 2551 465 2594 Quintus
496 2551 558 2584 ein
584 2562 694 2584 neues
720 2553 821 2585 Heius
848 2553 1008 2599 gebauet
1033 2552 1176 2593 wurde,
1217 2552 1339 2585 haben
1368 2550 1436 2583 wir
1460 2549 1609 2593 gelesen
1635 2559 1692 2593 ep.

204 2597 363 2642 XCVII,
401 2602 420 2635 1
455 2611 491 2633 u.
521 2601 555 2636 2.
589 2599 661 2644 vgl.
689 2599 771 2638 CII,
798 2602 829 2635 2.
864 2618 911 2625 —-
961 2599 1110 2634 Carinis
1140 2601 1181 2633 in
1217 2601 1371 2646 regione
1403 2597 1515 2631 Urbis
1547 2602 1689 2643 quarta.

204 2646 296 2680 Hier
328 2660 407 2682 war
440 2648 505 2681 das
536 2648 847 2697 grossviiterliche
886 2649 971 2682 dem
997 2647 1150 2689 Quintus
1184 2649 1245 2682 bei
1280 2649 1346 2682 der
1375 2644 1691 2687 Erbvertheilung

203 2696 434 2740 zugefallene
469 2698 586 2730 Hans.
623 2715 667 2721 —
704 2696 826 2729 mundi
851 2695 883 2730 Ιι.
914 2695 973 2736 L.,
1007 2696 1182 2731 hiibsche
1207 2698 1327 2732 Lente
1353 2706 1419 2728 aus
1445 2693 1513 2727 der
1536 2692 1691 2726 Familie

202 2742 346 2778 Lamia.
372 2762 417 2769 —-
446 2744 659 2789 Olbiensem,
687 2756 753 2779 aus
780 2744 901 2789 Olbia,
928 2746 1032 2791 einer
1058 2744 1164 2780 stadt
1189 2746 1227 2780 in
1250 2743 1460 2785 Sardinien,
1486 2741 1577 2775 ietzt
1596 2740 1687 2774 Ter-
