1742 3006
151 80 215 128 76
445 83 510 127 Μ.
541 84 597 126 T.
630 79 972 124 CICERONIS
1002 80 1378 125 EPISTOLAE.

150 195 305 238 nionis
343 207 398 236 ac
440 194 598 236 iudicii
632 193 791 242 Quinti
834 192 991 234 fratris
1029 194 1118 234 mei
1159 194 1467 236 demonstrata
1495 197 1565 235 est
1593 207 1653 235 ex

151 252 306 293 literis
338 252 452 302 tuis,
506 252 553 290 iu
584 250 746 304 quibus
775 248 833 289 ad
861 263 931 290 me
962 250 1256 304 epistolarum
1287 251 1411 291 illius
1443 251 1652 303 exempla

149 308 333 349 misisti.
396 308 497 355 Qua
526 319 586 346 ex
618 319 664 346 ie
695 309 741 346 et
769 305 980 347 molestia
1009 319 1106 346 sum
1129 310 1255 347 tanta
1276 307 1482 357 affectus,
1512 318 1651 359 quan-

149 367 247 405 tam
286 362 399 402 mihi
444 376 568 402 meus
613 375 740 402 amor
780 374 975 402 summus
1015 374 1123 416 erga
1159 366 1399 417 utrumque
1448 360 1650 403 vestrum

148 420 243 461 affe
248 432 319 458 rre
349 417 529 467 debuit3
574 421 620 458 et
649 417 965 469 admiratione,
993 418 1208 472 quidnam
1237 419 1498 465 accidisset
1528 416 1650 471 quod

149 477 340 516 affeiret
381 473 553 523 Quinto
594 472 726 514 fratri
767 486 866 513 meo
905 477 982 514 aut
1020 474 1315 515 offensionem
1345 478 1437 516 tam
1467 486 1650 528 gravem

148 535 229 571 aut
259 530 653 570 commutationem
682 533 850 569 tantam
879 530 1139 570 voluntatis.
1197 531 1345 584 Atque
1375 531 1494 571 illud
1524 541 1551 569 a
1580 542 1651 569 me

148 587 244 627 iam
274 590 378 627 ante
408 586 775 650 intelligebatur,
806 585 927 638 quod
958 588 1002 626 te
1032 598 1209 639 quoque
1238 587 1385 640 ipsum
1414 584 1649 626 disceden-

147 645 245 684 tem
274 655 302 682 a
330 642 457 681 nobis
487 641 713 695 suspicali
741 641 978 692 videbam,
1017 642 1196 683 subesse
1225 642 1379 683 nescio
1410 641 1521 696 quid
1551 641 1649 695 opi-

146 696 299 740 nionis
345 697 656 738 incommodae
696 697 986 751 sauciumque
1038 697 1133 737 eius
1184 697 1380 738 animum
1427 697 1649 739 insedisse

147 753 367 809 quasdam
408 753 592 794 odiosas
636 753 940 807 suspiciones.
999 753 1159 806 quibus
1201 767 1285 807 ego
1314 753 1487 794 mederi
1516 766 1649 807 quum

147 823 361 863 cuperem
392 813 438 850 et
467 813 601 850 antea
629 822 761 863 saepe
794 812 840 850 et
867 808 1180 850 vehementius
1212 810 1349 850 etiam
1380 813 1482 863 post
1511 808 1648 849 sonti-

147 866 320 907 tionem
349 866 629 920 provinciae,
660 878 743 905 nec
772 867 945 905 tmtum
974 865 1288 920 intelligebam
1318 865 1361 906 ei
1391 878 1488 906 esse
1508 865 1647 905 offen-

146 922 308 973 sionis,
339 925 553 975 quantum
583 922 745 963 liteiae
774 925 876 962 tuae
906 921 1209 974 declararant,
1240 934 1324 962 nec
1353 924 1523 962 tantum
1546 934 1649 975 pro-

148 977 376 1030 ficiebam,
406 981 619 1032 quantum
648 978 872 1019 volebam.
923 977 1014 1018 Sed
1044 980 1192 1017 tamen
1223 976 1312 1018 hoc
1333 991 1404 1019 me
1422 978 1518 1031 ipse
1544 990 1649 1017 con-

145 1033 344 1098 solabar,
373 1033 491 1087 quod
523 1047 612 1074 non
642 1033 913 1098 dubitabam,
944 1033 1053 1087 quin
1082 1035 1127 1073 te
1156 1033 1239 1074 ille
1259 1036 1337 1074 aut
1358 1031 1650 1089 Dyrrhachii

147 1095 226 1132 aut
255 1090 301 1130 in
331 1090 434 1130 istis
464 1089 580 1129 locis
609 1089 784 1143 uSpiam
814 1089 993 1130 visurus
1024 1092 1158 1131 esset.
1239 1089 1377 1139 Quod
1406 1102 1541 1144 quum
1570 1101 1646 1129 ac-

146 1145 353 1196 cidisset,
384 1144 668 1186 confidebam
698 1158 752 1186 ac
781 1143 893 1184 mihi
921 1158 1232 1198 peisuaseram
1262 1144 1386 1197 sore,
1417 1149 1469 1185 ut
1497 1145 1649 1186 omnia

147 1203 441 1257 placarentur
468 1200 590 1242 intel
617 1214 698 1242 vos
728 1213 815 1241 non
844 1201 978 1242 modo
1008 1214 1211 1242 seimone
1241 1213 1295 1242 ac
1327 1201 1648 1255 disputatione,

149 1257 233 1299 sed
272 1259 515 1310 conspectu
553 1257 654 1310 ipso
693 1269 1048 1311 congressuque
1062 1260 1229 1298 vestio.
1298 1256 1440 1308 Nam,
1481 1261 1649 1310 quanta

146 1314 211 1355 sit
254 1313 302 1353 in
346 1312 519 1361 Quinto
557 1312 701 1353 fiatie
743 1325 844 1363 meo
897 1312 1113 1364 comitas,
1171 1316 1339 1366 quanta
1376 1311 1648 1372 iucunditas,

147 1381 283 1425 quam
323 1368 478 1410 mollis
516 1368 691 1409 animus
731 1371 778 1409 et
818 1367 876 1410 ad
903 1367 1216 1423 accipiendam
1258 1372 1304 1410 et
1334 1367 1391 1409 ad
1422 1357 1646 1423 deponen-

146 1552 352 1589 schriften.
378 1571 425 1578 —-
450 1552 620 1597 offensio,
655 1553 918 1598 Erbitterung.
958 1570 1005 1578 --
1032 1553 1278 1587 discedentem
1312 1552 1338 1586 i.
1367 1563 1399 1587 e.
1427 1563 1542 1599 quum
1570 1551 1645 1586 dis-

147 1601 319 1643 cederes,
344 1601 384 1635 in
409 1600 597 1644 discessus
638 1600 728 1637 Vid.
757 1600 800 1636 A.
830 1601 978 1637 Grotef,
1006 1600 1041 1644 §.
1068 1602 1153 1638 325,
1181 1621 1226 1627 --
1258 1600 1423 1642 subesse,
1463 1601 1644 1634 dahinter

147 1650 319 1684 steckeu.
347 1669 391 1675 -—-
433 1649 554 1683 nescio
582 1648 679 1693 quid.
729 1647 766 1682 S.
798 1648 841 1681 Α.
873 1649 1023 1682 Grotef.
1052 1650 1085 1693 §
1113 1650 1198 1685 417.
1259 1647 1414 1682 Ramsh.
1442 1650 1470 1692 §.
1502 1651 1584 1691 160,
1610 1651 1642 1684 l.

145 1699 195 1733 N.
221 1699 255 1733 2.
283 1715 327 1721 --
362 1698 596 1740 sauciumque
629 1703 702 1731 cet.
737 1703 891 1731 auctore
924 1697 1114 1732 Ernestio.
1146 1697 1260 1744 Vulg.
1294 1697 1526 1740 sauciumque
1567 1696 1644 1730 eius

149 1746 312 1781 animum
338 1745 451 1786 (scil.
479 1747 584 1786 esse)
611 1749 648 1778 et
671 1745 848 1778 insedisse
876 1745 982 1779 Med.
1008 1745 1105 1778 Edd.
1137 1747 1240 1781 Crat.
1269 1746 1367 1779 vict.
1395 1746 1479 1778 Bos.
1508 1746 1642 1780 Graev.

146 1805 246 1829 saue.
279 1802 354 1826 esse
387 1803 447 1830 an.
487 1797 521 1827 et
551 1793 666 1828 insed.
700 1792 793 1827 Cod.
831 1794 1004 1827 Ambros.
1041 1794 1158 1826 Oxou.
1195 1794 1425 1837 sauciumque
1457 1803 1533 1826 esse
1565 1793 1642 1826 eius

146 1843 305 1877 animum
315 1844 348 1874 et
360 1841 532 1875 insedisse
544 1841 717 1876 hambin.
747 1841 872 1875 OR.—
889 1841 1079 1884 insedisse,
1103 1841 1244 1875 besetzt
1261 1842 1401 1882 hasten,
1419 1848 1460 1874 ut
1476 1841 1642 1874 insidere

146 1892 299 1932 locum,
335 1889 486 1933 fauces,
519 1890 658 1923 itinera
682 1901 768 1922 vom
793 1890 978 1932 Militam
1031 1889 1149 1923 daher
1174 1889 1282 1924 bildl.
1311 1889 1393 1922 sich
1423 1900 1482 1922 wo
1510 1890 1642 1934 einge-

145 1941 264 1973 nistet
299 1937 434 1972 haben.
471 1958 512 1964 -—
545 1942 637 1981 post.
663 1937 785 1971 sortit.
810 1948 916 1980 prov.
944 1949 1033 1983 pro·
1067 1944 1198 1983 postea
1227 1949 1340 1983 quam
1367 1937 1519 1970 sortitus
1547 1944 1641 1971 esset

145 1986 395 2034 provinciam
423 2006 466 2011 —
493 1996 558 2018 nec
583 2010 591 2018 .
620 2012 628 2020 .
656 2010 666 2019 .
693 1995 768 2023 nec,
798 1986 903 2019 einer
933 1987 1031 2020 Seits
1056 2010 1064 2019 .
1092 2011 1100 2018 .
1130 1986 1239 2018 nicht
1266 2010 1273 2018 .
1301 2011 1308 2018 .
1335 2011 1344 2019 .
1371 1985 1530 2018 ander-er
1547 1986 1642 2019 Seits

144 2035 270 2071 nicht.
297 2053 341 2059 -
369 2031 616 2069 declararant.
649 2033 710 2068 Sic
737 2033 841 2070 Med.
871 2034 928 2067 ed.
957 2035 1054 2068 Vict.
1084 2035 1117 2069 2.
1171 2035 1254 2071 Cfr
1269 2034 1372 2067 iufra
1396 2035 1466 2079 Ep.
1496 2035 1551 2075 19,
1582 2036 1637 2068 ll.

144 2083 292 2123 (XXIV
317 2083 383 2117 sub
410 2082 512 2124 fine)
564 2085 648 2116 tuae
700 2081 833 2115 literae
881 2081 974 2116 milti
1021 2079 1246 2116 namuh-‚ant
1300 2084 1383 2119 Cet.
1435 2082 1641 2117 declarant.

146 2131 346 2167 ORELLI.

243 2183 280 2216 2,
306 2179 562 2212 consolabar..
577 2177 678 2221 ch,
716 2179 810 2222 quod
831 2188 900 2212 non
915 2177 1121 2213 dubitabam
1138 2185 1228 2211 statt
1246 2190 1305 2212 me
1320 2179 1540 2213 consolabar
1559 2191 1640 2213 cer—

143 2229 291 2263 tissima
318 2227 559 2273 persuasione
586 2227 639 2260 als
667 2227 837 2260 causalen
866 2226 1024 2261 Ablativ.
1075 2227 1111 2260 S.
1140 2229 1288 2261 Grotef.
1316 2230 1343 2271 ξ,
1371 2229 1452 2263 392.
1487 2227 1640 2261 Ramsh.

147 2277 176 2319 ἕ.
204 2278 284 2313 182.
338 2276 410 2308 Die
436 2276 622 2323 Meinung
659 2275 759 2308 eines
783 2274 956 2309 Andereu
984 2275 1112 2308 wiirde
1149 2276 1270 2309 durch
1305 2277 1376 2309 den
1410 2276 1639 2309 Coniunctiv

145 2323 405 2370 ausgedriickt
430 2324 521 2356 sein.
571 2324 674 2357 Uber
700 2323 783 2367 quin
800 2324 898 2356 nach
918 2324 1027 2356 dubit.
1052 2335 1079 2356 s.
1101 2324 1251 2359 Grotef.
1281 2324 1313 2367 §-
1339 2324 1421 2357 404.
1454 2342 1495 2348 —
1537 2325 1637 2368 Dyr-

149 2372 304 2417 rhachii,
330 2373 423 2405 ietzt
438 2373 622 2413 DurazzQ
650 2371 785 2404 frnher
810 2372 1041 2416 Epidamnos
1067 2371 1103 2404 iu
1131 2373 1165 2409 d,
1194 2373 1320 2416 Illyris
1348 2372 1492 2404 Graeca
1514 2371 1639 2412 (Alba-

146 2421 264 2464 nien).
327 2421 418 2454 Hier
451 2420 594 2464 pflegte
629 2431 716 2452 man
743 2420 804 2453 bei
830 2419 894 2453 der
921 2421 1034 2454 Fahrt
1064 2432 1132 2453 von
1159 2420 1394 2454 Brundisium
1420 2431 1465 2453 zu
1489 2420 1637 2453 landen.

147 2488 193 2494 —-
230 2470 376 2502 visurus
412 2471 502 2500 essee
538 2468 576 2500 in
613 2468 735 2501 Asiam
771 2468 1005 2513 provinciam
1030 2470 1286 2512 proficiscens.
1313 2489 1355 2494 -
1384 2469 1480 2511 sore
1505 2472 1552 2502 ul.
1603 2468 1639 2501 S.

147 2519 301 2552 Grotef,
327 2519 355 2561 ξ.
380 2517 461 2550 310.
512 2516 622 2548 Anm.
648 2518 682 2550 6.
736 2517 894 2553 Ramsh.
919 2519 947 2560 ξ.
976 2518 1064 2556 168,
1091 2519 1133 2557 B,
1161 2518 1193 2550 4.
1228 2517 1316 2550 Not.
1348 2518 1380 2552 1.
1411 2534 1452 2539 —-
1478 2527 1641 2550 sermone

147 2578 193 2599 nc
220 2567 326 2608 disp„
353 2564 477 2598 durch
502 2564 776 2607 Riicksprache
804 2576 837 2598 u.
859 2565 1154 2609 wechselseitige
1172 2566 1419 2608 Erortcrung.
1447 2583 1491 2589 —
1519 2575 1638 2607 consp.

147 2616 209 2648 Sic
237 2615 340 2648 Med.
369 2625 388 2644 e
416 2613 663 2645 correctione.
699 2612 794 2645 Edcl.
822 2612 905 2648 Asc.
937 2615 1034 2646 Crat.
1064 2613 1194 2646 hamb.
1223 2614 1308 2646 Bos.
1340 2612 1451 2657 Seqq.
1481 2616 1637 2655 aspeclu.

148 2663 294 2695 Victor.
327 2664 355 2695 1.
385 2662 417 2695 2.
446 2680 488 2685 —
517 2661 680 2698 comitas,
710 2660 1025 2706 Gutlierzigkeit3
1053 2661 1404 2694 incn›1‹l.Frohsiun.
1431 2679 1478 2685 —-
1502 2659 1638 2697 mollis,

148 2712 330 2754 biqgsam,
358 2709 496 2749 weich,
523 2716 563 2741 ut
592 2720 700 2746 cera,
730 2710 805 2742 uiso
835 2709 1049 2752 tropiscli
1084 2709 1202 2742 leicht
1230 2722 1273 2742 zu
1302 2711 1419 2742 Euvas
1446 2721 1490 2742 zu
1519 2709 1637 2740 bewe-

147 2770 232 2804 gen,
258 2759 382 2791 Euvas
409 2757 471 2792 od.
502 2757 609 2790 einen
637 2757 831 2790 Eiudruck
858 2758 1122 2791 auzunehmeu.
1174 2756 1302 2802 vergi,
1329 2759 1460 2793 norat.
1489 2756 1535 2790 de
1564 2758 1638 2792 Art.
