1742 3006
521 109 835 155 EPISTOLA
865 110 940 153 CI.
969 109 1072 155 CII.
1441 108 1533 156 341

15 150 18 179 ι

16 217 19 246 ²
53 224 308 268 recordatio
349 235 545 266 meorum
582 224 855 277 temporum,
901 236 1087 277 quorum
1126 221 1366 278 imaginem
1393 221 1531 264 video

15 277 20 330 Ι
50 283 98 322 in
139 283 269 322 rebus
307 281 411 322 tuis.
480 278 595 320 Nam
626 279 712 319 etsi
739 279 912 319 minore
942 279 988 318 in
1018 293 1066 319 re
1096 280 1295 322 violatur
1323 282 1399 319 tua
1428 278 1529 332 dig-

15 350 21 383 }
49 338 185 391 nitas,
214 350 345 392 quam
374 349 472 376 mea
500 332 676 375 afflicta
703 334 786 375 sit:
824 337 974 375 tamen
1011 338 1080 375 est
1107 339 1232 377 tanta
1259 333 1529 386 similitudo,

15 425 17 436 .
50 397 101 434 ut
138 406 312 448 sperem
339 394 385 431 te
412 388 526 431 mihi
555 390 813 443 ignoscere,
867 390 907 430 si
937 402 989 430 ea
1016 403 1105 430 non
1135 391 1385 442 timuerim,
1414 402 1528 444 quae

18 445 21 460 ¹
50 461 107 489 ne
144 453 193 490 tu
232 446 413 503 quidem
451 458 644 499 unquam
683 444 883 486 timenda
912 444 1099 487 duxisti.
1159 446 1248 488 Sed
1277 449 1454 500 praesta
1481 448 1528 486 te

17 513 22 551 ι
51 517 175 556 eum,
206 503 282 559 qui
309 500 423 543 mihi
452 514 478 542 a
507 501 687 552 teneris,
717 505 766 542 ut
796 501 961 542 Graeci
991 500 1171 554 dicunt,
1200 501 1452 557 unguiculis
1479 513 1528 541 es

18 561 22 607 ξ
50 560 270 614 cognitus.
326 557 599 609 Illustrabit,
627 555 741 596 mihi
767 557 913 608 crede,
943 560 1063 597 tuam
1085 558 1425 611 amplitudinem
1446 555 1528 597 ho-

17 620 22 661 ῐ
47 616 217 656 minum
244 613 424 654 iniuria.
481 613 521 654 A
549 625 619 652 me
649 613 798 653 omnia
826 626 996 654 summa
1024 613 1071 652 in
1098 618 1143 654 te
1173 614 1323 656 studia
1351 612 1528 655 officia-

18 671 22 726 Τ..
49 685 134 725 que
164 673 400 725 exspecta:
431 682 519 710 non
547 667 705 709 fallam
735 669 995 724 opinionem
1019 673 1157 713 tuam2

234 827 237 829 ’
297 840 613 884 EPISTOLA
654 842 756 886 011.
816 842 895 896 (aa
925 842 981 894 Q.
1010 843 1084 886 Fr.
1114 842 1175 885 11.
1204 841 1265 889 4.)

212 916 291 952 Scr.
317 918 460 952 Romae
484 926 610 949 mense
635 917 776 950 Martio
803 918 845 953 A.
873 919 918 952 U.
946 919 991 951 C.
1018 919 1102 954 698.
1149 917 1198 959 (a.
1225 917 1269 952 G.
1294 917 1375 958 56.)

20 995 24 1035 y
48 987 216 1020 Fratrem
242 984 286 1017 de
311 984 435 1019 Sextio
460 984 640 1023 absoluto,
668 984 714 1018 de
740 985 812 1019 filii
837 985 980 1027 studiis,
1008 985 1054 1019 de
1078 995 1164 1019 suae
1190 990 1228 1018 et
1252 985 1440 1019 fraternae
1465 982 1532 1017 do—

104 1045 187 1068 mus
214 1032 489 1076 aedificatione,
517 1032 563 1067 de
589 1033 953 1118 Tu¹1}20graf⁵i}{edi
978 1033 1242 1080 despondenda
1268 1032 1473 1067 certiorem

514 1166 716 1203 MARCUS
742 1169 786 1214 Q.
813 1167 994 1205 FRATm
1019 1168 1059 1206 S.

153 1235 326 1278 Sestius
342 1237 495 1276 noster
517 1236 746 1277 absolutus
768 1239 836 1277 est
865 1249 906 1278 a.
930 1237 973 1278 d.
996 1248 1037 1278 v.
1061 1236 1130 1278 Id.
1151 1234 1287 1277 Mart.
1319 1234 1379 1285 et,
1409 1231 1529 1288 quod

22 1290 335 1343 {vehementer
362 1290 572 1332 interfuit
601 1292 669 1332 rei
698 1292 927 1346 publicae,
965 1292 1138 1333 nullam
1161 1289 1310 1333 videri
1336 1290 1384 1330 in
1413 1289 1532 1329 eius-

22 1348 170 1388 nmodi
199 1361 332 1388 causa
361 1347 684 1387 dissensionem
714 1360 825 1399 esse,
855 1348 1057 1388 omnibus
1087 1346 1321 1388 sententiis
1350 1344 1530 1385 absolu-

23 1398 119 1453 ltus
149 1408 228 1444 est.
295 1402 445 1454 Illud,
475 1402 596 1455 quod
625 1402 711 1442 tibi
741 1416 875 1443 curae
905 1416 1035 1457 saepe
1067 1415 1163 1443 esse
1193 1401 1530 1450 intellexeram,

25 1461 104 1509 {ne
139 1459 213 1500 cui
252 1459 406 1511 iniquo
436 1459 789 1511 relinqueremus
817 1458 1105 1513 vituperandi
1134 1459 1297 1509 locum,
1341 1456 1421 1510 qui
1447 1467 1530 1495 nos

23 1515 248 1569 §ingratos
279 1526 375 1554 esse
406 1513 594 1565 diceret,
623 1515 712 1554 nisi
741 1514 868 1554 illius
897 1515 1239 1568 perversitatem
1266 1511 1531 1568 quibusdam

23 1570 93 1631 {in
124 1571 254 1610 rebus
284 1581 415 1623 quam
443 1567 763 1611 humanissime
792 1568 1034 1611 ferremus:
1084 1570 1200 1611 scito
1239 1569 1328 1610 hoc
1351 1581 1443 1609 ⁴nos
1482 1567 1530 1607 in

19 854 23 906 l

25 1672 172 1721 ¹.meine
204 1686 358 1731 eigenen
389 1685 801 1732 VViderwartigkeiten.
849 1706 897 1712 —
947 1697 1051 1732 quam
1085 1698 1167 1721 mea
1193 1686 1355 1731 dignitas
1382 1684 1534 1727 afflicta

48 1734 112 1769 sit.
162 1732 223 1767 Sic
260 1733 341 1768 Md.
378 1734 510 1767 Graev.
543 1735 680 1768 Bened.
715 1746 819 1779 qnam
851 1746 926 1769 mea
958 1736 1105 1779 afflicta
1139 1739 1189 1768 est
1216 1736 1317 1768 Vict.
1345 1737 1380 1771 1.
1423 1743 1532 1777 quam

46 1792 131 1816 mea
153 1783 251 1815 salus
276 1780 421 1825 afflicta
446 1782 494 1815 sit
520 1793 563 1815 ex
588 1783 744 1828 antiquo
771 1784 951 1830 supplem.
977 1784 1060 1818 Ald.
1090 1786 1190 1817 Crat.
1216 1783 1313 1817 Vict.
1335 1783 1369 1818 2.
1396 1781 1529 1814 Lamb.

25 1831 182 1869 1Graev.
207 1829 279 1863 Ed.
306 1830 393 1863 mai.
419 1832 507 1865 Ern.
532 1832 776 1876 Mart.-Lag.
817 1843 922 1876 quam
955 1843 1033 1865 mea
1057 1832 1160 1865 salus
1196 1831 1347 1873 afflicta
1381 1833 1433 1862 est
1467 1829 1531 1862 Cd.

26 1875 133 1928 §Van
161 1879 317 1912 Lunem.
345 1888 448 1922 quam
473 1890 553 1912 mea
579 1883 631 1912 est
656 1881 755 1913 salus
778 1881 929 1923 afflicta
954 1881 1104 1914 Schiitz.
1133 1878 1333 1914 ORELLI.
1358 1895 1403 1903 ——
1429 1877 1463 1910 si
1488 1887 1532 1911 ea

26 1934 118 1964 [non
151 1926 255 1967 tim.,
299 1926 364 1959 ich
390 1927 542 1961 surchte
568 1928 733 1961 namlicli
762 1929 858 1961 eben
884 1939 923 1961 so
950 1929 1095 1973 wenig‚
1122 1928 1205 1961 dass
1231 1928 1313 1969 Dir,
1340 1926 1410 1960 wie
1439 1928 1530 1959 Cato

20 1972 31 2022 ᾖ
49 1972 197 2012 drohet‚
225 1974 285 2008 die
309 1975 467 2008 Provinz
495 1975 657 2010 Cilicien
683 1976 806 2010 werde
831 1988 1053 2021 genommen
1080 1975 1246 2017 werden,
1273 1975 1324 2008 als
1349 1976 1410 2007 Du
1435 1973 1531 2007 mei-

25 2029 242 2065 snetwegen
267 2023 470 2056 sriiherhin
495 2023 649 2068 besorgt
680 2035 855 2069 gewcsen
880 2024 980 2058 bist:
1031 2025 1127 2057 denn
1172 2024 1234 2056 Du
1269 2023 1424 2070 hegtest
1456 2022 1530 2055 im—

28 2057 131 2104 ³mer
161 2070 220 2102 die
246 2071 450 2117 Hoffnung,
478 2070 558 2104 dass
583 2083 667 2104 man
692 2072 798 2106 mich
823 2073 1078 2106 zuriickrufen
1112 2071 1187 2105 und
1221 2070 1301 2104 dass
1326 2070 1427 2104 mein
1453 2071 1530 2102 Un-

27 2118 264 2199 {ffl'iielgnpur
289 2121 549 2200 ιιιαςξῗέἰῒιὲξι·
572 2119 675 2154 Ehre
698 2122 772 2176 mir
797 2121 997 2201 glereichen
1024 2120 1169 2202 w'zirdti.
1195 2137 1239 2144 -—
1264 2119 1336 2200 {ed
1352 2132 1401 2150 Ξ
1417 2129 1529 2199 quatit:

210 2190 218 2199 .
244 2184 291 2190 —-—
482 2178 488 2185 ·
549 2192 558 2201 .
584 2193 592 2200 .
618 2192 626 2200 .
653 2179 696 2202 un
731 2180 810 2202 uzcn
829 2180 860 2202 ts
898 2181 973 2203 von
1000 2180 1060 2202 zar
1082 2180 1120 2201 er
1168 2180 1187 2200 u
1218 2179 1260 2200 en
1313 2178 1370 2200 an.
1395 2184 1442 2190 —

29 2214 184 2247 ‘Graeci
209 2213 329 2247 dicunt
354 2215 389 2252 ἐξ
414 2210 560 2249 ἁπαλῶν
586 2179 732 2260 ὄνύχωξ,
758 2195 890 2251 Hora't.
918 2219 1039 2252 Carm.
1067 2217 1134 2257 111,
1160 2179 1290 2258 6,g24:
1326 2216 1372 2247 de
1396 2221 1529 2247 tenero

29 2262 171 2306 'ungui.
207 2263 280 2294 cfr.
315 2263 465 2296 Anthol.
504 2263 638 2299 Graec.
666 2266 710 2298 T.
738 2266 787 2299 11.
823 2267 947 2299 Carm.
976 2267 1008 2300 3.
1035 2277 1069 2310 p.
1097 2266 1179 2300 191.
1218 2263 1275 2298 ed.
1310 2263 1456 2297 Iacobs.
1493 2269 1531 2294 et

29 2310 127 2344 :eius
153 2310 345 2344 Animadv.
372 2311 450 2343 Vol.
478 2311 528 2345 11.
555 2313 591 2349 Ρ.
620 2312 671 2347 11.
696 2325 733 2359 p.
761 2315 840 2349 129.

8 2389 33 2423 ι’
146 2380 180 2412 l.
222 2391 255 2412 ν.
284 2378 335 2411 Id.
371 2377 492 2412 Mart.
551 2378 613 2412 Sic
650 2380 768 2413 Oxon.
804 2383 836 2414 l.
872 2379 987 2416 Land.
1021 2380 1125 2415 Crat.
1161 2384 1213 2412 est
1248 2390 1280 2412 a.
1308 2379 1341 2412 d.
1370 2377 1446 2410 ΙΙΙ.
1473 2376 1528 2409 Ῑᾱ.

6 2423 185 2475 ς’ἸΜίηιιῑ.
203 2425 288 2462 Asc.
307 2426 419 2471 prim.
447 2426 510 2467 (=
525 2430 577 2459 est
597 2427 673 2461 ΙΙΙ.
692 2428 747 2463 Id.
774 2430 877 2463 Man.
906 2428 1050 2470 hamb.)
1080 2431 1132 2461 est
1157 2438 1192 2461 a.
1221 2428 1257 2464 d.
1282 2427 1337 2459 ΙΙ.
1363 2426 1417 2459 Id.
1441 2423 1525 2457 Md·

9 2473 167 2509 ⁵.Oxon.
200 2476 237 2510 2.
293 2476 373 2507 Hoc
410 2486 497 2507 sane
531 2474 726 2515 vitiosum,
770 2483 924 2510 notante
958 2477 1034 2509 iam
1065 2487 1131 2509 van
1167 2477 1328 2508 Vaassen
1359 2472 1465 2506 Fasti
1491 2484 1526 2516 p.

13 2522 136 2557 23286.
193 2521 276 2554 Scil.
311 2522 466 2555 deberet
499 2533 594 2555 esse:
631 2525 756 2568 pridie
787 2525 844 2560 Id.
873 2526 949 2565 (am
978 2525 1086 2558 14ten
1113 2524 1265 2564 Marz),
1307 2528 1348 2554 ut
1372 2530 1412 2553 re
1439 2529 1529 2552 vera

10 2569 163 2616 v⁴{habet
186 2571 295 2602 Rom.
322 2570 516 2604 ORELLI.
542 2588 588 2595 -
612 2573 799 2606 absolutus
825 2577 877 2606 est
901 2572 1044 2606 iudicio
1073 2572 1119 2605 de
1143 2572 1193 2613 vi,
1235 2575 1436 2603 accusante
1470 2568 1526 2601 M.

8 2616 176 2649 =·Tullio
202 2616 448 2658 Albinovano,
476 2618 652 2653 defensus
680 2621 724 2654 ab
751 2622 952 2655 Hortensio
977 2626 1014 2653 et
1040 2621 1249 2659 Cicerone,
1277 2618 1382 2650 cuius
1407 2623 1526 2650 exstat

9 2665 185 2700 nor-atio.
212 2663 319 2698 SCH-
370 2667 406 2701 S.
436 2678 492 2711 ep.
519 2666 650 2709 XCIX,
676 2671 699 2703 5
725 2681 763 2706 u,
783 2671 815 2705 6.
842 2687 888 2693 -
914 2669 975 2712 qui
989 2679 1052 2702 nos
1071 2669 1241 2709 ingratos
1264 2676 1352 2710 erga
1367 2665 1528 2700 Sestium

33 2712 205 2758 {dicer-et,
245 2712 304 2744 die
331 2714 580 2756 Miiglichkeit
612 2716 767 2758 liessen,
808 2728 877 2750 uns
909 2716 1128 2750 undankbar
1160 2725 1277 2758 gegen
1313 2714 1449 2747 Sestius
1484 2725 1530 2746 zu

34 2769 215 2819 viennen,
250 2760 317 2793 der
343 2761 422 2794 sich
455 2762 521 2795 fur
545 2763 666 2798 meine
693 2765 1035 2810 Zuruckberusung
1063 2775 1102 2798 so
1129 2763 1212 2798 sehr
1238 2762 1430 2799 verwandt
1456 2762 1532 2796 hat.
