1742 3006
539 84 860 132 EPISTOLA
903 87 1125 133 CXLVI.
1480 91 1574 140 465

83 197 233 241 adhuc
262 198 318 241 de
346 197 548 254 pecuniis
579 199 840 255 repetundis
869 213 957 242 non
980 206 1078 243 erat
1106 202 1372 256 postulatus.
1432 203 1567 244 Porn-

81 256 209 308 peius
248 268 275 296 a
311 268 381 296 me
423 255 556 296 valde
597 256 832 298 contendit
861 256 917 297 de
949 257 1099 298 reditu
1127 258 1175 298 in
1206 258 1426 312 gratiam:
1485 259 1565 299 sed

81 309 233 351 adhuc
261 309 379 351 nihil
409 309 605 364 profecit
634 325 742 364 nec,
789 312 828 353 si
866 312 1008 353 ullam
1037 317 1210 366 partem
1240 313 1466 356 libertatis
1497 318 1562 355 te-

82 367 211 418 nebo,
240 365 464 421 proficiet.
525 367 647 408 Tuas
669 367 828 409 literas
847 366 1137 410 vehementer
1159 374 1386 423 exspecto.
1426 369 1626 419 Quod16

82 422 245 462 scribis
276 425 320 462 te
350 420 529 462 audisse
569 422 616 462 in
654 423 1001 465 candidatorum
1031 425 1332 466 consularium
1363 426 1560 467 coitione

79 489 150 518 me
179 475 467 530 interfuisse,
497 477 546 518 id
576 477 738 520 falsum
779 483 856 521 est.
915 478 1153 520 Eiusmodi
1184 480 1300 521 enim
1330 475 1560 535 pactiones

78 533 126 572 in
157 545 210 574 ea
239 533 436 574 coitione
466 531 614 575 factae
644 539 768 588 sunt,
799 548 909 590 quas
938 539 1094 589 postea
1123 535 1360 577 Memmius
1386 536 1560 590 patefe-

78 589 168 640 cit,
224 591 274 629 ut
317 602 448 630 nemo
489 590 616 631 bonis
654 591 872 632 interesse
913 590 1146 632 debuerit:
1205 597 1251 633 et
1280 592 1414 632 simul
1443 592 1560 634 mihi

8 643 13 657 ¹
78 644 447 685 committendum
488 658 575 686 non
619 643 732 699 fuit,
781 651 831 687 ut
867 646 926 687 iis
965 647 1239 688 coitionibus
1279 648 1558 702 interessem,

77 699 236 754 quibus
277 699 477 741 Messala
517 701 864 752 excluderetur3
921 703 997 743 cui
1046 703 1228 757 quidem
1266 703 1560 746 vehementer

75 754 312 798 satisfacio
353 757 483 796 rebus
525 757 753 798 omnibus:
802 762 852 799 ut
876 758 1098 810 arbitror,
1148 759 1286 800 etiam
1325 760 1554 802 Memmio.

75 811 283 853 Domitio
313 812 402 865 ipsi
431 812 575 854 multa
604 813 693 853 iam
722 813 842 866 feci,
884 828 996 867 quae
1025 815 1172 855 voluit
1201 828 1403 869 quaeque
1433 829 1459 856 a
1486 829 1557 857 me

74 867 248 921 petivit.
317 867 534 908 Scaurum
584 868 806 909 beneficio
846 868 1122 911 defensionis
1165 870 1299 911 valde
1339 872 1555 926 obligavi.

71 921 234 963 Adhuc
270 927 367 964 erat
404 923 538 963 valde
577 924 822 974 incertum,
873 928 919 965 et
958 925 1136 979 quando
1167 926 1355 966 comitia
1393 932 1438 967 et
1478 928 1556 980 qui

9 1015 12 1022 ,
76 978 281 1019 consules
310 978 453 1019 futuri
483 983 640 1019 essent.
705 979 856 1028 Quum
896 978 1016 1020 hanc
1045 981 1135 1020 iam
1164 981 1404 1035 epistolam
1435 986 1621 1029 com-17

73 1034 313 1088 plicarem,
357 1034 588 1075 tabellarii
617 1047 644 1075 a
671 1035 800 1076 vobis
829 1039 1047 1076 venerunt
1077 1048 1115 1076 a.
1148 1035 1191 1077 d.
1223 1049 1286 1077 x1.
1318 1036 1418 1077 Kal.
1451 1037 1554 1078 Oct.

9 1109 14 1122 ι
73 1090 290 1130 vicesimo
330 1089 417 1132 die.
507 1090 548 1131 Ο
579 1104 648 1131 me
678 1091 947 1132 sollicitum!
999 1094 1210 1145 quantum
1241 1104 1324 1146 ego
1356 1092 1479 1133 dolui
1508 1093 1556 1134 in

75 1145 284 1186 Caesaris
314 1146 594 1186 suavissimis
625 1147 794 1187 literis!
825 1146 904 1187 sed
935 1160 1021 1200 quo
1053 1151 1180 1187 eraut
1209 1147 1464 1200 suaviores,
1502 1162 1556 1190 eo

72 1201 287 1242 maiorem
317 1201 522 1242 dolorem
551 1201 676 1242 illius
706 1202 787 1242 ille
807 1215 935 1242 casus
959 1203 1189 1242 afferebat.
1248 1202 1339 1243 Sed
1367 1203 1425 1244 ad
1455 1206 1555 1245 tuas

71 1257 386 1298 venioliteras.
417 1257 753 1298 Primumtuam
766 1258 1091 1299 remansionem
1112 1258 1248 1299 etiam
1261 1262 1394 1312 atque
1417 1260 1555 1301 etiam
1606 1282 1609 1283 ⁷

11 1429 15 1438 ,
72 1391 212 1424 stehen.
263 1391 341 1435 Vgl.
376 1402 434 1436 ep.
471 1392 551 1427 CLI
588 1391 728 1425 iudices
764 1392 884 1425 nullos
911 1392 1105 1426 habemus.
1142 1411 1185 1417 —
1221 1391 1327 1427 Cato.
1378 1394 1433 1427 M.
1462 1394 1555 1428 Cato

73 1439 260 1472 Uticensis
287 1446 452 1483 praetor,
481 1440 543 1484 qui
571 1440 618 1472 dc
644 1440 862 1486 repetundis
888 1440 960 1474 hoc
986 1452 1084 1474 anno
1102 1441 1293 1486 quaesivit.
1343 1441 1398 1474 Eo
1423 1452 1555 1487 aegro-

71 1493 174 1520 tante
208 1488 387 1532 postulari
424 1488 605 1521 Gabinius
639 1489 683 1522 de
722 1488 935 1533 repetundis
969 1500 1041 1522 non
1067 1495 1233 1534 poterat.
1259 1488 1391 1523 MAN.
1417 1508 1464 1514 —
1512 1489 1556 1522 de

72 1536 191 1569 reditu
216 1535 254 1567 in
278 1536 464 1578 granam,
516 1536 642 1581 dringt
667 1536 754 1570 sehr
780 1537 819 1569 in
847 1537 969 1579 mich,
1011 1537 1093 1570 dass
1128 1537 1196 1570 ich
1233 1537 1335 1569 mich
1375 1538 1447 1571 mit
1471 1537 1556 1571 ihm

72 1584 278 1617 aussohnen
306 1584 408 1616 solle.
459 1584 493 1617 S.
522 1597 579 1629 ep.
616 1585 747 1621 CLIX.
808 1585 944 1621 Cicero
972 1597 1046 1618 war
1072 1596 1190 1630 gegen
1216 1584 1283 1617 ihu
1310 1584 1397 1618 sehr
1424 1596 1556 1630 ausge-

70 1632 197 1667 fallen.
254 1632 288 1665 S.
328 1632 375 1664 ad
412 1632 455 1677 Q.
489 1633 608 1665 Fratr.
644 1633 718 1673 111,
757 1635 788 1669 2.
829 1634 935 1667 Prov.
966 1634 1107 1668 consul.
1136 1634 1158 1667 4
1185 1633 1225 1666 ff.
1272 1633 1348 1670 Pis.
1376 1635 1432 1668 17.
1458 1635 1555 1667 Rab.

71 1681 170 1713 Post.
198 1681 232 1715 8.
281 1681 476 1725 Pompeius
502 1687 620 1714 setzte
646 1692 684 1714 es
713 1680 851 1723 durch,
879 1682 960 1715 dass
978 1682 1160 1714 Gabinius
1187 1681 1230 1713 de
1257 1682 1454 1714 maiestate
1480 1681 1556 1714 frei

73 1729 320 1773 gesprochen
346 1729 472 1762 wurde
499 1731 546 1769 (s.
573 1729 617 1761 ad
644 1730 760 1766 Attio.
783 1730 851 1771 IV,
880 1731 934 1765 16,
964 1741 1022 1774 ep.
1049 1730 1126 1762 hui.
1156 1729 1213 1762 ed.
1236 1729 1430 1771 CXLIX.);
1459 1729 1555 1763 auch

14 1803 16 1809 ,
71 1777 152 1809 dass
172 1777 303 1810 Cicero
331 1777 424 1809 eben
451 1777 519 1809 den
537 1778 738 1820 Gabinius,
766 1778 836 1810 den
866 1789 906 1810 er
933 1777 1021 1811 kurz
1046 1778 1183 1810 vorher
1210 1776 1409 1824 angeklagt
1434 1775 1555 1819 hatte,

72 1825 246 1858 dennoch
273 1825 324 1858 im
350 1826 505 1859 Process
532 1825 578 1858 de
602 1826 821 1871 repetundis
855 1827 922 1860 auf
948 1827 1026 1859 sein
1052 1826 1176 1860 Bitten
1203 1825 1469 1870 vertheidigte.
1519 1825 1555 1859 S.

68 1885 124 1918 ep.
151 1874 352 1907 CXLVIII.

170 1923 224 1956 16.
268 1921 305 1954 in
342 1922 442 1954 cond.
469 1932 564 1955 cons.
594 1921 759 1958 coitione.
821 1921 858 1958 S.
895 1934 950 1968 ep.
990 1923 1116 1964 CXLI,
1143 1923 1177 1956 4.
1214 1934 1246 1955 u.
1274 1921 1421 1960 CXLII,
1450 1923 1481 1957 7.
1511 1941 1553 1947 -—

70 1969 265 2013 patefecit.
315 1969 353 2003 S.
383 1981 440 2014 op.
469 1971 617 2004 CXLIX
646 1982 683 2004 u.
714 1971 862 2013 CLVII,
889 1973 921 2005 2.
944 1990 987 1995 —
1014 1970 1099 2004 71ιίΙεί
1123 1970 1275 2003 commit.
1302 1980 1371 2001 non
1387 1970 1441 2012 s,
1468 1980 1556 2002 man

14 2029 17 2064 ζ
73 2018 202 2050 durste
228 2018 302 2050 mir
327 2029 365 2050 es
391 2017 497 2050 nicht
523 2019 744 2051 zuinuthen.
783 2038 826 2044 —
878 2019 1067 2052 IlIemmz'o.
1120 2017 1191 2059 Qui
1226 2023 1376 2061 poterat
1412 2017 1556 2050 duobus

14 2067 17 2085 ²
71 2066 207 2100 Cicero
225 2065 535 2110 competitoribus
555 2067 797 2100 satisfacere?
825 2067 911 2111 quia
932 2074 1064 2100 neuter
1082 2065 1205 2098 neutri
1223 2066 1366 2098 oberat.
1391 2065 1556 2099 Messala

72 2114 172 2146 enim
199 2114 401 2158 patricius,
430 2115 631 2148 Memmius
656 2115 836 2160 plebeius.
898 2116 955 2147 Ita
983 2114 1077 2147 nihil
1104 2114 1296 2152 obstabat,
1340 2113 1428 2158 quin
1453 2119 1555 2146 uter-

15 2172 17 2176 ·
70 2173 140 2208 que
165 2161 278 2195 simul
306 2161 435 2195 consul
463 2163 582 2196 creari
607 2169 744 2208 posset.
772 2162 975 2197 MANUT.
1002 2182 1047 2187 —
1072 2161 1248 2202 Domitio,
1277 2161 1338 2206 qui
1366 2172 1437 2195 una
1463 2173 1555 2194 cou—

15 2232 16 2235 =
70 2211 234 2244 sulatum
260 2211 428 2254 petebat.
471 2228 515 2234 —
564 2211 738 2245 Scaurum
767 2211 811 2244 de
837 2210 1054 2254 repetundis
1081 2221 1114 2243 a.
1142 2211 1185 2244 C.
1214 2209 1367 2242 Triario
1402 2220 1557 2242 accusa-

14 2254 17 2300 ]
69 2266 149 2291 tum
177 2259 275 2303 apud
301 2260 354 2292 M.
382 2259 561 2293 Catonem
585 2267 816 2305 praetorem.
844 2258 1048 2292 MANU'J'.
1116 2255 1200 2290 vid.
1236 2268 1295 2302 ep.
1329 2258 1492 2297 CXLIV,
1518 2257 1553 2291 3.

15 2319 17 2323 ·
70 2306 248 2348 CXLIII,
288 2308 321 2342 9.
398 2307 529 2341 Cicero
564 2308 671 2341 stand
703 2309 783 2342 also
816 2307 886 2340 mit
911 2306 1007 2339 allen
1035 2305 1114 2339 vier
1140 2306 1373 2339 Candidaten
1399 2317 1461 2338 um
1489 2305 1554 2338 das

70 2355 247 2390 Consulat
271 2355 340 2388 auf
364 2355 488 2388 einem
515 2362 627 2399 guten
654 2357 763 2389 Fuss.

169 2405 225 2437 17.
276 2413 310 2437 a.
339 2403 371 2436 cl.
398 2403 467 2437 ΧΙ.
496 2403 581 2436 Kal.
611 2405 686 2439 Oct.
716 2404 783 2437 vic.
812 2403 890 2444 die,
918 2401 990 2435 den
1018 2401 1077 2436 22.
1106 2399 1349 2446 September,
1400 2411 1458 2433 am
1493 2400 1552 2435 20.

15 2463 18 2478 ι
70 2450 172 2494 Tage
208 2451 312 2484 ihrer
344 2452 499 2483 Abreise
534 2463 606 2485 von
644 2453 722 2487 Dir.
771 2451 860 2484 Also
888 2461 963 2482 war
990 2449 1056 2482 der
1081 2450 1190 2482 Brief
1214 2449 1276 2481 des
1305 2449 1467 2493 Quintus
1494 2459 1554 2482 ani

70 2499 107 2533 2.
135 2499 237 2543 Sept.
263 2499 519 2544 geschrieben.
571 2499 633 2534 Sic
661 2501 705 2532 de
730 2501 832 2534 RIan.
861 2498 959 2532 coni.
977 2496 1301 2531 Sch.Lt·1n.Bent.
1339 2500 1427 2539 sept·
1449 2496 1552 2531 cett.

72 2557 161 2579 cum
187 2546 278 2581 Cdd.
304 2547 497 2582 Mendose.
526 2547 720 2582 ORELLI.
748 2566 791 2572 —
813 2547 888 2580 ..sed
913 2545 1066 2578 bezieht
1092 2544 1175 2578 sich
1208 2544 1273 2577 auf
1305 2543 1368 2576 das
1394 2543 1553 2577 vorher-

16 2591 18 2602 ‘
72 2594 251 2627 stehende
276 2595 507 2628 suavissimis.
533 2597 665 2629 Lamb.
691 2595 842 2629 scilicet.
870 2613 912 2618 -
949 2593 1013 2626 ille
1035 2603 1150 2633 casus,
1177 2592 1279 2625 filiae
1296 2591 1411 2624 Iuliae
1436 2603 1550 2629 mors.

16 2634 19 2646 ²
73 2653 165 2687 quae
190 2643 334 2675 Romae
361 2643 520 2681 obierat,
546 2645 669 2677 uxoris
694 2642 875 2688 Pompeii.
925 2640 1102 2674 Similiter
1129 2641 1173 2672 de
1199 2650 1284 2672 suae
1311 2639 1427 2685 ipsius
1454 2640 1553 2673 {iliae

72 2691 177 2723 obitu
203 2691 338 2724 Cicero
374 2691 526 2735 scripsit
555 2693 603 2725 ad
629 2692 836 2738 Sulpicium
872 2689 941 2731 (ad
967 2689 1113 2722 Divers.
1142 2689 1203 2729 IV,
1229 2689 1299 2729 6.):
1342 2687 1478 2721 vellem
1511 2689 1553 2720 iu

70 2739 288 2783 gravissimo
314 2749 398 2772 casu
425 2739 642 2774 affuisses.“
666 2758 712 2765 —
740 2749 910 2778 remam„
937 2737 1081 2771 Deineu
1111 2735 1327 2769 Entschluss
1353 2736 1415 2770 bei
1440 2736 1553 2770 casar

1058 2791 1117 2830 30

138 2819 196 2845 Cic.
218 2818 321 2845 Briese
341 2828 369 2843 v,
390 2819 514 2845 milei-¹1.
557 2821 578 2843 Ἰ.
