1742 3006
487 101 804 145 EPISTOLA
848 102 1115 146 CXLVIII.
1294 148 1297 153 ,
1456 103 1548 150 485

66 215 123 265 Q.
146 214 350 267 Metello,
380 214 512 255 Lucii
543 213 659 266 filio,
689 213 913 269 quondam
943 213 1102 256 salsam
1133 215 1388 270 opinionem
1419 228 1542 255 acce-

67 274 248 325 perunt3
280 284 410 325 quem
439 274 541 324 post
571 271 764 311 reditum
793 269 1007 311 dictitant
1042 270 1187 313 fracto
1217 272 1366 313 animo
1396 274 1441 311 et
1469 271 1545 311 de-

66 328 202 368 misso
232 326 386 367 fuisse.
453 325 538 366 Est
574 338 682 367 vero
724 325 1016 379 probandum,
1056 326 1134 380 qui
1176 329 1220 367 et
1263 339 1432 367 summa
1468 339 1546 367 vo-

66 384 236 424 luntate
276 381 463 422 cesserit
502 385 548 423 et
585 383 769 435 egregia
810 381 946 423 animi
977 381 1213 423 alacritate
1247 382 1442 423 abfuerit
1471 394 1546 422 ne-

67 452 151 492 que
180 451 285 479 sane
316 437 465 477 redire
495 439 679 489 curarit,
709 451 809 477 eum
838 437 894 478 ob
925 437 973 477 id
994 438 1140 491 ipsum
1169 436 1361 478 fractum
1392 436 1546 489 fuisse,

65 496 112 534 in
143 506 229 548 quo
259 506 392 548 quum
423 505 579 536 omnes,
601 491 804 533 homines
834 496 924 534 tum
952 492 1018 533 M.
1043 493 1173 533 illum
1196 492 1426 545 Scaurum,
1457 493 1547 533 sin-

66 550 267 603 gularem
294 549 457 599 virum,
488 550 742 589 constantia
781 552 825 589 et
853 548 1074 602 gravitate
1105 553 1382 602 superasset!
1441 548 1547 600 Sed,

67 603 188 658 quod
217 603 272 654 de
304 604 387 644 illo
418 608 684 658 acceperant
723 607 799 644 aut
829 605 964 644 etiam
995 605 1349 657 suspicabantur,
1393 604 1447 644 de
1479 618 1547 644 me

67 660 186 700 idem
216 660 486 714 cogitabant,
516 660 760 700 abiectiore
792 660 939 700 animo
969 673 1038 700 me
1069 659 1282 710 futurum,
1313 673 1446 713 quum
1479 672 1549 700 res

67 716 248 770 publica
276 716 491 756 maiorem
521 716 656 756 etiam
685 715 798 755 mihi
829 716 1036 768 animum,
1075 729 1206 770 quam
1246 728 1438 770 unquam
1469 714 1548 756 ha—

67 772 276 823 buissem‚
306 771 458 820 daret3
489 785 601 825 quae
632 771 921 823 declarasset,
952 785 999 811 se
1030 785 1118 812 non
1148 771 1347 824 potuisse
1371 784 1439 810 me
1462 784 1548 811 uno

69 827 161 868 civi
192 840 369 869 carere:
410 840 632 881 quumque
665 826 904 867 Metellum
935 827 1064 867 unius
1105 828 1272 867 tribuni
1302 826 1446 880 plebis
1479 839 1549 867 ro—

68 884 206 937 gatio,
249 896 318 923 me
359 883 568 923 universa
607 895 676 922 res
717 882 913 935 publica,
955 882 1068 932 duce
1099 885 1269 932 senatu,
1309 882 1550 922 comitante

71 939 217 990 ltalia,
261 937 645 992 promulgantibus
686 939 789 978 octo
833 937 1026 978 tribunis
1065 938 1143 992 pL,
1186 936 1407 979 referente
1447 949 1552 978 con-

70 1100 116 1106 —
144 1081 182 1116 Q.
210 1080 374 1115 Illetello.
403 1079 440 1114 S.
467 1091 516 1113 zu
543 1091 600 1124 ep.
627 1080 724 1124 XXI,
749 1081 782 1115 4.
835 1079 993 1124 Quintus
1021 1080 1182 1117 C'zicilius
1209 1080 1388 1117 Metellus
1416 1080 1553 1115 Numi-

71 1129 187 1170 dicus,
209 1128 333 1162 durch
358 1128 461 1162 seine
474 1128 589 1174 Siege
615 1128 709 1162 iiber
734 1129 919 1176 Iugurtha
944 1130 984 1163 in
997 1130 1203 1165 Numidien
1230 1130 1422 1170 beriihmt,
1447 1127 1555 1163 ward

71 1179 136 1211 auf
158 1176 350 1210 Anstisten
377 1176 440 1209 des
468 1176 677 1210 C...Ma1·ius
704 1177 775 1210 mit
802 1177 918 1211 Hiilfe
945 1178 1007 1211 des
1029 1177 1193 1212 Tribuns
1216 1177 1440 1212 Saturninus
1466 1187 1554 1209 vom

72 1225 194 1259 Volke
221 1236 282 1258 aus
308 1224 375 1258 der
396 1223 503 1258 stadt
520 1225 745 1266 verwiesen,
770 1225 864 1259 weil
889 1237 930 1259 er
955 1225 1038 1259 sich
1054 1226 1241 1273 weigerte
1267 1238 1314 1259 zu
1341 1224 1554 1264 schwo‘ren,

71 1273 152 1306 dass
190 1284 232 1307 er
265 1272 347 1306 sich
380 1272 502 1307 einem
535 1284 611 1307 von
642 1273 859 1307 demselben
885 1273 1234 1323 vorgeschlagenen
1261 1273 1419 1306 Gesetze
1445 1271 1557 1305 nicht

72 1327 391 1369 cntgegensetzen
419 1320 564 1354 wollte.
635 1321 691 1354 Er
717 1333 786 1367 zog
811 1322 895 1356 sich
924 1322 1023 1355 nach
1047 1321 1202 1356 Rhodus
1229 1320 1393 1361 zuriick‚
1427 1330 1489 1354 wo
1515 1330 1556 1353 er

72 1371 124 1402 im
151 1369 330 1403 Schoosse
357 1368 425 1401 der
451 1367 699 1414 Philosophie
724 1382 758 1402 u.
786 1369 839 1402 im
865 1370 1060 1417 Umgange
1085 1369 1158 1403 mit
1194 1369 1269 1402 den
1295 1366 1556 1413 geistreichen

75 1416 287 1451 Gelehrten
315 1416 438 1449 dieser
454 1416 559 1450 Stadt
587 1417 832 1462 zufriedener
858 1418 912 1451 als
939 1419 978 1450 in
998 1418 1093 1451 Rom
1119 1417 1228 1451 lebte.
1284 1416 1319 1450 S.
1348 1416 1393 1449 ad
1420 1415 1556 1458 Quirit.

71 1478 108 1510 p.
134 1464 223 1498 Red.
252 1466 284 1499 3.
312 1465 351 1497 in
378 1463 502 1498 Senat.
533 1467 584 1499 15.
637 1459 740 1499 Uber
775 1466 834 1499 die
868 1466 951 1499 edle
990 1465 1401 1511 Gemiithsverfassung·
1438 1463 1556 1496 dieses

72 1515 224 1547 Mannes
254 1525 282 1546 s.
309 1524 381 1557 pro
407 1511 522 1545 Arch.
550 1515 582 1547 3.
611 1513 709 1547 Orat.
737 1514 805 1556 111,
834 1516 887 1550 18.
937 1513 1092 1548 Sallust.
1120 1512 1292 1557 lug-urth.
1323 1523 1353 1545 c.
1383 1513 1428 1546 43
1454 1510 1494 1543 ff.
1521 1522 1557 1542 u.

74 1559 255 1594 Plutarch
291 1560 342 1593 im
370 1560 494 1593 Leben
522 1560 586 1594 des
612 1562 762 1595 Marius.
817 1582 858 1586 —
908 1565 1132 1606 acceperunt.
1166 1553 1269 1594 ‘Em
1297 1560 1395 1593 coni.
1424 1560 1556 1592 Mart.-

72 1609 163 1656 Lag.
191 1607 279 1642 Sch.
308 1609 402 1641 [liin.
432 1613 655 1652 acceperant.
684 1628 724 1633 -—
751 1610 988 1652 probandum.
1041 1610 1161 1642 Haec:
1190 1612 1243 1641 est
1268 1619 1354 1641 vero
1375 1607 1479 1651 prob.
1497 1631 1504 1638 .
1524 1632 1530 1639 .
1549 1632 1556 1639 .

4 1684 8 1693 .
72 1660 277 1700 superasset
313 1652 535 1700 Maru-Lag.
575 1655 663 1691 sch.
690 1657 796 1690 uncis
824 1658 958 1691 inclus.
996 1658 1065 1690 cfr.
1092 1656 1241 1700 Madvig
1269 1658 1298 1689 1.
1355 1681 1362 1687 .
1392 1656 1468 1689 193.
1516 1652 1557 1687 Si

73 1704 164 1748 quid
190 1711 417 1749 suspectum,
444 1711 530 1737 sunt
556 1705 629 1738 tria
654 1705 767 1738 verba
796 1706 864 1739 Est
890 1716 973 1738 vcro
997 1705 1236 1749 probandum,
1257 1704 1397 1748 quous
1424 1700 1558 1735 deletis

64 1753 378 1798 sraclwnsuisse
402 1752 615 1785 infinitivus
653 1759 707 1786 est
739 1753 998 1787 admirationis
1033 1753 1113 1786 sive
1150 1750 1429 1796 indignationis.
1481 1749 1555 1784 ΟΒ.

75 1801 178 1834 Uber
203 1800 329 1834 diesen
355 1800 496 1834 Infinit.
525 1812 552 1833 s.
581 1799 730 1834 Ramsh.
758 1801 790 1843 ξ.
820 1803 901 1844 168,
928 1803 967 1843 Β,
993 1803 1026 1836 6.
1055 1802 1196 1845 Zumpt
1222 1799 1250 1842 ἓ.
1270 1800 1350 1834 613.
1376 1798 1471 1830 fiber
1496 1797 1558 1840 qui

72 1860 158 1882 cum
185 1847 280 1881 coni.
308 1848 348 1880 in
372 1847 620 1895 Verbindung
645 1849 716 1881 mit
742 1860 818 1882 eum
844 1861 871 1882 s.
900 1848 1050 1882 Ilamsh.
1077 1848 1105 1889 ᾖ.
1121 1848 1200 1889 184,
1222 1848 1255 1881 4.
1281 1846 1428 1881 Grotef.
1439 1845 1465 1886 §.
1476 1845 1556 1880 431.

75 1917 117 1922 -
144 1896 304 1934 cesserit,
330 1895 468 1929 abierit
491 1895 596 1929 urbe.
623 1915 665 1920 -
694 1906 774 1939 egr.
802 1908 860 1930 an.
888 1898 1021 1935 alacr.‚
1046 1896 1117 1928 mit
1134 1893 1435 1928 ausnehmcuder
1449 1895 1555 1926 Mun-

73 1944 216 1979 terkeit
228 1943 290 1978 des
305 1943 468 1978 Geistes.
484 1963 526 1968 —
553 1954 681 1988 neque.
696 1968 703 1976 .
717 1944 880 1978 ,curarit
893 1959 940 1976 z
952 1944 1088 1984 nollet,
1114 1941 1189 1977 wie
1203 1941 1405 1976 deFinibb.
1420 1941 1482 1982 IV,
1495 1941 1555 1974 19:

75 1999 118 2026 ut
141 1992 267 2026 ridere
293 2003 368 2024 non
393 1997 509 2024 curet.
535 1991 650 2030 Acad.
677 1992 707 2035 1,
736 1993 768 2027 2.
793 1993 892 2026 orat.
919 1993 970 2034 11,
997 1994 1031 2028 6.
1068 2011 1110 2016 —
1139 1992 1194 2024 M.
1219 1989 1425 2023 Aemilium
1444 1988 1554 2022 Scau-

10 2068 12 2076 ,
78 2051 168 2085 runa,
205 2040 261 2073 bis
295 2039 488 2073 consulem
524 2040 608 2081 (639
642 2051 677 2072 u.
712 2041 820 2082 6⁴7),
855 2051 1049 2074 censorem
1085 2046 1121 2073 et
1156 2038 1371 2085 principem
1398 2042 1554 2070 senatus.

9 2081 12 2102 ³
75 2081 180 2122 Uber
206 2087 334 2121 diesen
360 2086 510 2120 Redncr
535 2087 612 2119 und
636 2093 816 2135 strengen
843 2087 1138 2132 Republicaner,
1176 2086 1244 2120 der
1278 2086 1379 2125 allen
1412 2084 1555 2128 Empb’-

11 2172 13 2187 Ι
76 2147 169 2170 rern
194 2135 440 2175 widerstand,
473 2134 575 2168 viclo.
601 2135 798 2178 Anklagen
833 2135 1085 2177 zuriickwies,
1131 2146 1160 2168 ε.
1186 2135 1291 2167 Brut.
1317 2135 1372 2168 29.
1424 2130 1555 2165 Vellei.

76 2185 128 2226 11,
154 2185 188 2219 9.
227 2183 303 2217 Cic.
332 2183 377 2216 de
404 2182 530 2216 office.
558 2183 586 2221 Ι,
613 2184 669 2218 22.
722 2183 870 2217 Sallust.
900 2184 979 2229 lug.
1012 2185 1064 2216 15.
1116 2182 1198 2216 val.
1227 2184 1319 2216 Max.
1348 2181 1411 2220 IV,
1439 2181 1472 2220 4,
1502 2181 1555 2212 11.

12 2265 14 2271 ,
76 2232 187 2266 Seine
213 2232 379 2266 Wittwe
405 2230 617 2264 heirathete
643 2231 712 2264 der
737 2231 921 2265 bekannte
950 2230 1069 2265 Sulla.
1141 2231 1212 2264 Das
1245 2230 1282 2262 in
1308 2240 1376 2273 quo
1404 2225 1555 2261 bezieht

11 2281 14 2309 ἱ
76 2279 160 2314 sich
187 2280 252 2313 auf
266 2280 439 2321 fretelam
473 2289 549 2311 esse
581 2278 656 2311 und
683 2279 731 2312 ist
757 2293 806 2311 z
838 2279 885 2312 in
918 2279 1114 2312 Betreff
1148 2278 1342 2320 dessen,
1380 2287 1455 2310 was
1482 2274 1554 2307 den

12 2331 15 2349 ³
78 2329 196 2362 Punct
222 2327 291 2361 der
315 2326 608 2373 Muthlosigkeit
633 2326 790 2361 betriss't.
845 2347 886 2352 —
935 2327 1008 2360 Sed
1032 2340 1080 2358 z
1114 2337 1191 2359 nun
1222 2325 1323 2366 aber,
1359 2323 1468 2358 suhrt
1493 2322 1559 2355 auf

77 2376 138 2410 die
182 2375 414 2423 eigentliche
447 2373 765 2408 Gedankenreihe
809 2374 964 2408 zuriick.
1012 2373 1271 2419 Epanalepsis.
1323 2371 1358 2405 S.
1403 2368 1553 2404 Ramsh.

14 2456 16 2460 .
79 2424 109 2466 ἓ.
137 2425 216 2465 181,
243 2424 282 2457 Β.
309 2423 359 2465 ΙΙ,
390 2423 418 2456 1.
446 2423 527 2462 206,
544 2422 584 2463 B,
603 2424 636 2457 6.
666 2443 705 2448 --
736 2423 863 2457 abiect.
888 2423 995 2455 anim.
1023 2433 1074 2454 me
1091 2423 1183 2465 sut„
1212 2421 1274 2453 ich
1300 2419 1433 2454 wiirde
1460 2417 1550 2450 mei-

14 2480 17 2488 “
80 2483 153 2504 nen
179 2470 287 2505 Muth
312 2471 412 2504 noch
438 2469 550 2502 mehr
575 2470 629 2503 als
655 2471 788 2504 Metell
815 2470 992 2504 verloren
1017 2469 1149 2503 haben.
1178 2488 1221 2493 —-—
1249 2478 1340 2513 quae
1362 2479 1410 2497 :t
1439 2475 1555 2509 quum

15 2531 17 2553 l
80 2530 120 2551 ea
156 2519 180 2552 i.
207 2530 238 2553 e.
273 2518 490 2564 respublica
526 2517 774 2560 declarasset,
811 2518 855 2551 da
886 2517 946 2551 die
981 2517 1171 2562 Republik
1207 2527 1277 2550 vor
1312 2515 1379 2547 der
1411 2523 1555 2557 ganzen

80 2566 191 2601 Welt
218 2566 365 2601 erkl'zirt
390 2566 504 2599 hatte.
535 2584 575 2589 —
602 2567 708 2599 unius
734 2567 819 2599 trib.
843 2566 893 2608 pl.
921 2566 1083 2608 rogatio.
1112 2566 1320 2598 Revocatus
1349 2568 1401 2595 est
1419 2561 1556 2606 depre-

16 2647 19 2657 ξ
80 2621 187 2648 cante
213 2613 306 2655 filio,
334 2614 396 2658 qui
419 2613 504 2645 inde
522 2613 588 2646 —Pz'i
614 2625 752 2647 nomen
779 2613 879 2652 tulit,
908 2621 944 2647 et
969 2620 1043 2648 tota
1069 2612 1214 2646 familia
1240 2617 1276 2643 ot
1296 2609 1449 2653 quidem
1472 2609 1557 2656 lege

18 2701 19 2714 χ
81 2675 108 2696 s.
136 2661 331 2705 rogatione
359 2661 486 2704 Quinti
511 2659 658 2694 Calidii.
694 2661 777 2695 Vid.
806 2662 905 2695 Orat.
934 2662 1057 2694 Plane.
1083 2662 1138 2696 28.
1175 2677 1219 2683 —
1248 2658 1339 2690 univ.
1368 2668 1426 2690 res
1447 2657 1558 2700 publ„

18 2748 19 2754 ἵ
80 2710 141 2744 die
168 2709 395 2753 allgemeine
421 2709 588 2742 stimme.
635 2727 673 2733 --
719 2710 901 2751 reserante
926 2710 1081 2745 consule,
1115 2708 1179 2740 auf
1204 2706 1345 2750 Antrag
1372 2704 1434 2739 des
1460 2705 1557 2739 Con-

18 2769 21 2794 ³
85 2758 160 2792 §uls
191 2757 401 2801 (Lentulus,
430 2769 474 2791 an
501 2756 676 2792 welchen
705 2757 827 2792 dieser
854 2756 961 2790 Bricf
984 2755 1231 2800 geschrieben
1259 2754 1321 2795 in)
1357 2765 1413 2786 am
1445 2755 1471 2787 l.
1501 2752 1551 2786 111>

19 2814 21 2827 Ι
