1742 3006
528 74 844 120 EPISTOLA
876 71 1090 118 CXLIX.
1453 72 1547 120 507

69 190 288 242 Quaeris,
341 202 424 244 ego
470 200 541 228 me
589 191 638 229 ut
683 184 928 242 gesserim?
994 185 1264 226 Constanter
1300 185 1345 224 et
1395 183 1545 227 libere.

12 241 16 295 ἦ
71 247 219 297 Quid?
267 244 362 296 ille,
405 242 597 297 inquies,
637 247 687 283 ut
724 241 920 282 serebat?
994 240 1287 289 Humaniter,
1337 252 1548 295 meaeque

12 304 17 322 ²·
71 301 324 357 dignitatis,
354 298 502 354 quoad
531 296 644 338 mihi
675 295 960 338 satisfactum
999 299 1133 345 esset,
1175 294 1421 336 habendam
1457 297 1548 337 sibi

13 382 17 403 1
71 359 291 399 rationem
319 355 515 409 putabat.
573 352 675 402 Quo
705 352 838 394 modo
877 363 986 405 ergo
1024 351 1285 392 absolutus?
1351 350 1548 393 Omnino

12 426 17 432 ¹
70 415 230 464 γοργεῖα
257 407 405 461 γυμνάς
454 412 767 450 accusatorum
804 405 1087 448 incredibilis
1131 405 1339 453 infantia,
1374 406 1425 448 id
1463 411 1547 459 est,

13 589 15 621 ἒ
72 591 185 640 gen.“
246 591 291 627 D.
319 589 343 623 i.
382 588 445 624 die
483 589 538 624 An
569 588 748 636 eklagten
774 589 912 635 m'dgen
937 599 1014 622 nun
1038 588 1079 621 in
1105 586 1250 621 meiner
1274 588 1431 636 eigenen
1457 588 1549 622 Mei-

12 640 16 685 ]
73 651 178 687 nung
204 637 384 685 schuldig·
409 637 489 671 sein
514 648 535 672 0
563 649 606 672 er
631 637 760 679 nicht,
792 637 1062 685 vertheidigen
1088 648 1190 670 muss
1215 635 1281 670 ich
1307 636 1382 678 sie,
1418 635 1551 670 woher

13 692 15 695 '
73 687 134 720 die
161 685 315 721 Griinde
349 685 447 719 auch
478 685 659 719 kommen
697 686 849 735 mog-en.
899 685 948 720 So
982 685 1124 732 gefasst
1158 683 1258 718 nach
1298 684 1549 718 WIELAND

12 751 14 780 ᾗ
102 734 243 768 εῙιὸΓοῐι
268 734 369 768 diese
394 733 531 769 IVorte
558 733 764 782 richtiger‚
799 733 889 767 weil
915 739 992 767 erst
1018 732 1190 765 nachher
1214 732 1253 765 in
1279 732 1458 766 Hinsicbt
1483 732 1549 766 des

71 746 255 816 {abimus
280 780 371 814 lzaec
403 792 471 826 quo
503 782 610 815 modo
635 782 724 823 fers
757 782 908 829 gefragt
945 779 1067 822 wird,
1105 779 1205 814 noch
1240 791 1326 813 zum
1358 780 1549 828 Vorigen3

73 841 160 864 zum
185 828 403 875 Fulgenden
434 829 543 872 aber,
577 840 688 862 wenn
713 839 799 862 man
825 829 1037 876 iibertr‘a'gt:
1095 828 1255 870 „Wenn
1290 827 1356 861 ich
1381 828 1452 862 Dir
1476 837 1549 861 von

12 886 13 894 ¹
74 878 144 911 der
168 876 460 921 Lossprechung
484 876 548 910 des
574 876 751 910 Gabinius
776 877 901 910 meine
928 878 1107 923 Meinung
1139 887 1252 923 sagen
1289 875 1382 918 soll,
1419 886 1459 909 so
1483 886 1548 923 ge-

12 943 15 947 ·
73 925 165 958 hort
189 925 242 958 sie
266 930 379 958 unter
402 924 463 957 die
476 925 612 968 Dinge‚
639 924 680 957 in
703 923 851 957 welche
877 935 963 956 man
987 923 1069 957 sich
1096 923 1187 957 eben
1209 921 1392 956 schicken
1409 925 1551 957 muss.‘·

12 991 16 1017 ζ
74 973 169 1008 Was
196 983 272 1005 nun
297 972 396 1019 folgt
416 971 471 1004 bis
498 971 527 1014 §.
557 973 611 1006 12.
637 972 675 1004 in
704 971 879 1004 Ciliciam
906 971 1062 1012 cogitat,
1101 971 1151 1004 ist
1177 970 1274 1004 nach
1300 971 1486 1004 Tunstall.
1512 982 1549 1016 p.

12 1047 13 1050 *
74 1022 144 1055 118
187 1019 286 1054 ohne
326 1019 493 1053 Zweifel
530 1019 624 1053 alles
665 1019 726 1053 ein
767 1019 975 1066 Fragment
1022 1018 1086 1051 des
1124 1017 1331 1064 folgenden
1356 1019 1478 1053 Briefs
1504 1018 1550 1052 ad

72 1068 187 1102 Attio.
215 1068 278 1102 des
303 1067 417 1102 CLVI
444 1067 567 1101 dieser
591 1066 763 1115 Ausgabe
786 1068 866 1100 und
890 1065 1054 1100 daselbst
1087 1077 1147 1099 am
1179 1066 1287 1100 Ende
1323 1065 1387 1100 des
1424 1072 1550 1100 ersten

14 1130 16 1134 ·
74 1116 104 1159 §.
130 1115 261 1150 hinter
285 1115 401 1149 Detur
426 1125 501 1148 esse
525 1115 725 1149 valiturum
752 1113 1052 1148 einzuschieben.
1102 1115 1211 1149 Denn
1246 1126 1294 1148 zu
1325 1114 1464 1149 diesem
1489 1125 1550 1148 am

13 1178 17 1199 :
73 1169 199 1198 ersten
225 1162 386 1197 October
410 1162 708 1210 geschriebenen
732 1163 858 1197 Briefe
886 1161 988 1196 kann
1023 1161 1090 1195 der
1120 1161 1280 1195 Bericht
1312 1162 1406 1196 iiber
1437 1161 1551 1196 Gabi-

12 1232 17 1248 2
73 1211 158 1244 nius
183 1210 295 1244 nicht
327 1210 519 1259 gehoren‚
556 1211 647 1245 weil
680 1211 804 1244 dieser
840 1216 918 1244 erst
953 1208 1052 1242 nach
1085 1209 1170 1243 dem
1206 1211 1260 1243 10.
1294 1209 1455 1243 October
1486 1209 1551 1243 des

11 1250 16 1285 ἶ
72 1258 511 1294 Maiestatsverbrechens
533 1259 742 1306 angeklagt
765 1260 830 1292 fiir
854 1256 1087 1303 unschuldig
1112 1256 1258 1291 erklart
1280 1257 1343 1300 ist,
1366 1258 1442 1292 wie
1468 1256 1551 1291 sich

13 1305 16 1325 ’“
73 1318 137 1340 aus
163 1318 221 1352 ep.
247 1306 293 1340 ad
320 1306 361 1348 Q.
378 1306 502 1340 Fratr.
515 1306 586 1344 111,
603 1308 625 1341 4
651 1306 709 1341 od.
735 1316 794 1351 ep.
822 1305 943 1340 CLIII
968 1305 1020 1338 im
1046 1306 1134 1340 Ans.
1161 1305 1298 1353 erg-ibt.
1345 1305 1553 1351 Malaspina

14 1367 16 1402 ζ
74 1354 208 1390 wollte
237 1354 298 1387 das
325 1354 531 1399 Fragment
557 1366 631 1387 nur
655 1354 711 1387 bis
736 1355 802 1387 sed
825 1353 945 1397 accipe
972 1353 1052 1387 alia
1091 1354 1120 1397 §.
1149 1355 1204 1387 11.
1242 1352 1449 1398 fortgehen
1474 1354 1552 1387 las-

76 1413 168 1444 sen;
194 1402 311 1436 allein
337 1402 391 1434 im
416 1401 599 1436 zun'zichst
623 1401 843 1446 Folgenden
869 1402 918 1435 ist
943 1401 978 1434 ia
1003 1411 1091 1435 vom
1113 1399 1295 1434 Gabinius
1321 1400 1467 1435 wieder
1491 1401 1551 1434 die

12 1441 17 1479 ²·
73 1450 187 1484 Rede.
237 1450 370 1494 „Haec
402 1450 507 1483 Nunc
533 1475 541 1484 .
569 1474 577 1483 .
604 1476 613 1485 .
640 1451 780 1492 cogitat
815 1449 972 1483 alterius
1010 1448 1189 1494 epistolae
1221 1450 1354 1494 fragm.
1389 1461 1467 1484 esse
1492 1449 1551 1482 vi-

13 1501 17 1538 ῗ-
73 1499 209 1532 derunt
230 1504 316 1542 post
342 1497 497 1543 Malasp.
522 1498 652 1532 Lamb.
681 1498 765 1542 (qui
789 1497 860 1531 ista
885 1496 1090 1531 collocavit
1115 1503 1197 1542 post
1221 1497 1295 1541 Ep.
1318 1500 1371 1533 17.
1408 1497 1552 1538 (CLVI,

72 1549 100 1591 ᾗ.
128 1547 161 1581 2.
187 1546 254 1579 sub
280 1545 372 1587 fine)
405 1546 538 1579 verba:
582 1545 722 1579 Catone
743 1546 965 1590 praesertim
1004 1544 1183 1578 absoluto.
1233 1546 1330 1579 Item
1357 1544 1466 1588 Sch.)
1506 1563 1549 1569 —-

13 1602 16 1637 J
72 1594 176 1629 Nunc
212 1594 255 1626 de
292 1592 444 1626 Gabinio
483 1593 539 1635 (in
570 1600 746 1628 contextu
779 1593 849 1627 Ed.
885 1593 986 1628 1584.
1023 1598 1109 1637 post
1144 1605 1177 1626 v.
1212 1593 1368 1627 Gabinio
1401 1592 1552 1627 additur

13 1652 17 1688 ῃ
72 1642 177 1684 habe)
208 1642 382 1675 absoluto.
450 1641 582 1676 Verum
607 1642 805 1684 ferendum
838 1645 903 1674 est.
936 1640 1065 1673 Lamb.
1126 1641 1231 1675 Nunc
1264 1646 1303 1674 ut
1337 1642 1551 1686 opimiorem

13 1698 16 1738 j
73 1689 207 1723 habeas
248 1700 365 1728 reum,
401 1689 593 1731 serendum
636 1694 689 1723 est
735 1689 872 1723 Bened.
913 1688 1148 1732 (faciendum
1187 1693 1239 1722 est
1277 1689 1371 1723 Ern.
1411 1690 1550 1733 susp.).

75 1737 303 1773 ORELL1.“
351 1736 403 1770 Es
429 1737 529 1770 wir-d
554 1737 690 1771 iedoch
716 1749 775 1771 am
796 1737 904 1770 Ende
929 1737 992 1770 des
1018 1737 1047 1779 ἕ.
1081 1736 1169 1770 haec
1201 1748 1268 1781 quo
1302 1738 1407 1771 modo
1435 1737 1552 1779 fers?

77 1791 221 1833 gesagt.
260 1803 302 1808 —
349 1795 403 1817 me
435 1789 474 1818 ut
505 1786 701 1827 gesserim,
734 1785 809 1819 wie
841 1785 904 1819 ich
930 1784 1034 1818 mich
1059 1784 1120 1817 bei
1142 1784 1211 1818 der
1236 1784 1359 1818 Sache
1385 1785 1449 1819 des
1477 1786 1550 1820 Ga-

13 1856 17 1876 2
75 1833 199 1867 binius
225 1832 449 1866 benommen
473 1832 578 1866 habe.
626 1851 665 1857 —-
706 1833 772 1867 ille
802 1859 810 1867 .
839 1858 847 1866 .
875 1859 883 1867 .
909 1837 949 1866 ut
967 1832 1136 1875 serebat,
1168 1831 1245 1865 und
1280 1833 1392 1867 Iener
1424 1834 1550 1874 (Pom-

13 1881 17 1894 ¹
73 1882 193 1928 peius,
220 1880 288 1914 der
311 1891 439 1925 grosse
465 1882 604 1915 Patron
630 1881 694 1914 des
720 1880 1025 1928 Angeklagten)‚
1057 1880 1132 1914 wie
1157 1879 1272 1914 nabm
1300 1892 1343 1915 er
1366 1882 1439 1915 Das
1464 1881 1552 1914 auf?

75 1929 258 1963 absolutus
283 1934 340 1962 est
359 1928 568 1962 Gabinius?
596 1947 638 1954 —
665 1929 854 1975 γοργεῖα
878 1925 1051 1974 γυμνά,
1085 1928 1147 1961 das
1173 1928 1302 1962 Ganze
1327 1940 1428 1971 war,
1465 1940 1550 1961 ver—

14 1991 17 2022 1'
74 1976 177 2011 steht
210 1975 315 2018 sich,
358 1976 561 2018 entlarvte,
599 1983 848 2012 entmummte
889 1977 925 2011 d.
959 1976 983 2010 i.
1022 1976 1273 2010 sonnenklare
1314 1977 1550 2010 Mummerei.

75 2026 318 2059 Accusatores
345 2024 498 2057 Gabinii
524 2024 654 2058 Cicero
680 2032 789 2058 vocat
814 2025 965 2071 γοργεῖα
989 2020 1121 2070 γυμνά,
1154 2024 1253 2068 quod
1278 2023 1307 2056 ii
1334 2024 1435 2057 nihil
1461 2035 1551 2069 prae

15 2111 17 2118 Ι
76 2085 115 2107 se
140 2073 268 2106 ferunt
293 2071 367 2104 nisi
392 2077 580 2106 terrorem
608 2073 792 2117 quendam
820 2073 988 2113 inanem,
1028 2082 1101 2116 quo
1128 2082 1267 2115 genere
1292 2073 1552 2106 formidabiles

14 2124 17 2165 ζ
75 2120 255 2155 videntur
279 2119 416 2154 larvae.
466 2121 561 2154 Nam
586 2121 736 2167 γοργεῖα
761 2128 848 2155 sunt
883 2121 1087 2167 προςωπεῖα
1119 2118 1180 2153 καὶ
1214 2116 1471 2175 μορμολύκεια)
1512 2126 1553 2153 ut

14 2170 17 2212 j
75 2169 128 2203 ait
163 2166 398 2211 Hesychius,
431 2175 577 2213 sumpta
609 2171 799 2203 notatione
834 2165 908 2202 ἀπὸ
936 2166 998 2211 τῆς
1032 2166 1217 2213 Γοργοῦς,
1261 2167 1317 2202 ὅτι
1348 2180 1552 2216 γοργοῑηῐα

77 2214 139 2250 καὶ
163 2213 282 2260 φόβον
307 2216 459 2257 ἐμποιεῖ.
516 2216 633 2250 Addit
665 2224 788 2251 autem
814 2215 952 2262 γυμνὰ,
988 2216 1088 2260 quod
1120 2216 1247 2250 larvae
1281 2217 1375 2251 illae
1408 2216 1551 2250 nemini

77 2271 185 2298 notae
212 2274 287 2297 non
314 2270 460 2304 essent,
487 2271 528 2298 ut
554 2275 646 2308 quae
672 2265 791 2298 nudae
817 2270 1068 2310 apparerent,
1103 2264 1268 2298 detracta
1301 2265 1403 2299 omni
1435 2265 1551 2298 simu-

15 2328 17 2333 .
76 2312 217 2346 latione
244 2318 420 2355 tanquam
445 2319 559 2346 veste.
591 2313 783 2347 BOSIUS.
834 2312 896 2347 Sic
925 2312 1021 2346 coni.
1047 2323 1182 2357 parum
1222 2314 1326 2347 certa
1354 2313 1478 2345 Lamb.
1513 2312 1552 2344 in

15 2381 17 2407 1
76 2372 125 2394 m.
152 2361 254 2394 1584.
279 2360 357 2392 Bos.
385 2358 493 2403 Seqq.
528 2362 868 2396 ΠΟΡΠΑΠΥΜΝΛ
902 2360 975 2394 Md.
1003 2359 1092 2395 Cod.
1120 2360 1297 2398 Tornaes.
1326 2361 1424 2395 Crat.
1453 2360 1549 2393 Vict.

77 2411 111 2443 l.
150 2407 505 2442 ΠΟΡΓΙΑΠΓΜΝΑ
547 2409 635 2443 Cod.
677 2409 823 2443 ‹leem-t.
864 2405 1068 2449 πόππυσμα
1107 2408 1217 2445 Corr.
1264 2421 1360 2454 susp.
1409 2409 1551 2441 omnino

16 2467 17 2472 ¹
76 2452 200 2502 πρώρα
225 2451 371 2502 πρύμνα
398 2466 472 2488 ace.
505 2456 601 2490 Vict.
629 2459 662 2492 2.
697 2457 910 2490 absolutus?
952 2454 1169 2503 πρόπρυμνα
1203 2469 1278 2490 acc.
1315 2456 1437 2490 omiss
1477 2467 1550 2487 om-

16 2519 17 2522 *
77 2505 163 2537 nino
196 2504 324 2538 Lamb.
361 2504 462 2538 1566.
496 2515 530 2548 y.
557 2517 591 2549 γ.
633 2510 882 2538 accusatores.-
925 2504 1148 2538 incredibilis
1180 2505 1345 2545 infantia
1386 2505 1422 2538 L.
1450 2503 1551 2536 Lcnt.

79 2551 166 2585 Sch.
193 2563 291 2596 susp.
320 2550 519 2586 ORELLI.
547 2573 588 2578 —
616 2553 780 2596 infantia
815 2559 905 2588 erat.
941 2552 1001 2586 die
1034 2552 1339 2599 Unmundigkeit
1373 2551 1440 2585 der
1474 2551 1550 2586 An-

79 2599 217 2646 kla'ger
242 2611 324 2632 war
350 2599 595 2645 ung-laublieh
620 2612 740 2647 gross,
767 2600 799 2632 d.
828 2600 852 2632 i.
881 2600 934 2633 sic
961 2600 1130 2634 konuteu
1158 2600 1233 2633 und
1258 2600 1418 2633 wollten
1445 2599 1553 2634 nicht

16 2651 18 2656 ’
78 2647 150 2681 mit
176 2646 244 2679 der
269 2646 436 2691 Sprache
462 2646 598 2680 heraus
624 2653 776 2694 (wegen
803 2648 1028 2692 Pompeius).
1080 2648 1117 2682 S.
1146 2660 1202 2692 ep.
1231 2648 1350 2681 C11111
1385 2648 1437 2680 im
1464 2648 1550 2681 Ans.

16 2709 18 2721 ·
80 2707 114 2729 u.
142 2694 301 2733 CXLVI,
332 2696 386 2728 15.
420 2713 458 2720 --
488 2707 522 2728 v.
548 2695 586 2728 id
611 2700 662 2730 est
689 2702 860 2740 suspecta
887 2702 971 2729 sunt
1000 2697 1092 2729 lin-n.
1130 2696 1194 2729 sed
1221 2696 1354 2729 Cicero
1390 2696 1553 2729 formula

16 2754 18 2770 :
80 2742 119 2776 s'd
144 2746 195 2776 est
222 2753 257 2775 se
285 2742 408 2788 ipsum
439 2742 613 2788 explicat,
643 2755 680 2778 se
708 2744 878 2790 corrigit.
933 2745 1028 2777 Nam
1062 2755 1154 2777 unus
1194 2750 1271 2779 erat
1307 2743 1460 2780 Gabinii
1494 2756 1553 2777 ac-
