1742 3006
132 89 225 138 588
403 91 465 134 Μ.
499 91 555 135 Τ.
587 89 934 136 CICERONIS
971 91 1344 138 EPISTOLAE.

298 229 620 275 EPISTOLA
650 232 918 277 CLXXXI.
979 234 1057 286 (ad
1076 234 1183 277 Div.
1206 234 1348 277 XIII.
1366 234 1455 284 75.)

456 307 534 342 Scr.
561 308 702 344 Romae
728 310 774 346 A.
800 311 845 345 U.
871 311 913 344 C.
939 311 1021 346 702.
1072 312 1127 354 (a.
1156 313 1194 345 C.
1220 312 1297 355 52.)

133 372 319 408 Avianum
336 373 514 410 Flaccum
529 376 768 411 commendat
783 377 886 412 Titio
907 377 1033 422 legato
1048 378 1088 411 in
1113 389 1223 412 causa
1249 377 1511 413 frumentaria.
1544 379 1621 414 1-2.

375 442 430 478 M.
461 442 641 479 CICERO
667 444 710 479 T.
736 444 876 479 TITIO
902 444 944 479 T.
972 445 1013 479 F.
1040 445 1237 481 LEGATO
1263 446 1301 484 S.
1329 446 1381 483 D.

242 509 347 552 Etsi
376 524 463 552 non
491 510 669 566 dubito,
699 513 804 567 quin
834 512 949 567 apud
977 515 1022 553 te
1050 525 1147 554 mea
1177 514 1503 556 commendatio
1532 514 1625 569 pri-

131 579 204 607 ma
232 567 342 608 satis
382 568 552 620 valeat,
595 571 742 610 tamen
783 569 1001 623 obsequor
1045 568 1217 610 homini
1255 570 1626 622 familiarissimo,

133 622 185 664 C.
215 622 388 665 Aviano
418 624 606 666 Flacco:
650 624 774 666 cuius
804 638 939 667 causa
969 626 1119 666 omnia
1159 639 1291 680 quum
1330 627 1486 681 cupio,
1529 630 1623 668 tum

131 677 383 721 mehercule
419 681 553 721 etiam
592 680 745 723 debeo.
778 732 780 734 ,
819 682 891 722 De
929 694 1014 735 quo
1058 685 1101 723 et
1137 695 1346 736 praesens
1377 686 1523 723 tecum
1552 682 1625 736 egi

132 733 400 790 diligenter,
447 749 578 791 quum
624 741 672 778 tu
719 736 830 778 mihi
870 736 1184 779 humanissime
1232 738 1531 792 respondisti3
1579 741 1626 779 et

131 792 294 846 scripsi
322 791 379 833 ad
408 795 451 833 te
480 796 688 835 accurate
716 796 865 835 antea:
910 792 987 834 sed
1028 796 1154 846 putat
1190 794 1402 835 interesse
1439 807 1519 835 sua
1554 806 1625 834 me

133 845 191 887 ad
220 852 266 890 te
295 860 427 902 quam
457 849 715 904 saepissime
745 850 952 892 scribere.
1012 849 1164 899 Quare
1189 849 1325 891 velim
1356 848 1470 891 mihi
1501 850 1626 903 igno-

132 915 256 957 scas,
287 905 327 945 si
356 904 476 946 illius
506 905 722 947 voluntati
751 907 1060 961 obtemperans
1089 906 1233 947 minus
1262 904 1449 947 videbor
1472 905 1626 946 memi-

133 959 253 1002 nisse
285 961 563 1003 constantiae
592 966 705 1004 tuae.
761 963 802 1004 A
833 967 877 1004 te
907 961 1030 1003 idem
1051 962 1161 1002 illud
1192 964 1320 1017 peto,
1351 966 1400 1003 ut
1428 961 1483 1002 de
1510 962 1625 1014 loco,

134 1028 220 1070 quo
260 1015 463 1072 deportet
501 1017 795 1069 frumentum,
839 1023 882 1059 et
921 1018 977 1058 de
1005 1021 1204 1072 tempore
1232 1018 1404 1059 Aviano
1434 1030 1627 1059 commo-

133 1071 236 1113 des:
265 1086 450 1128 quorum
470 1077 705 1130 utrumque
726 1089 808 1130 per
830 1073 1018 1116 eundem
1047 1087 1119 1115 me
1149 1074 1339 1116 obtinuit
1365 1073 1625 1126 triennium,

232 1229 272 1264 T.
302 1229 454 1267 TITIO.
503 1231 560 1265 Er
584 1241 664 1265 war
690 1230 849 1276 negatus
876 1231 967 1266 odet·
991 1231 1047 1266 rei
1079 1232 1353 1267 frumentariae
1386 1232 1625 1278 praepositus

134 1281 247 1311 untex·
273 1277 361 1311 dem
387 1280 455 1314 Cn.
481 1279 680 1324 Pompeius
706 1281 889 1325 Magnus,
917 1280 1002 1314 dem
1029 1280 1097 1314 der
1122 1280 1235 1314 Senat
1259 1282 1328 1314 auf
1344 1281 1509 1316 Cicero's
1527 1281 1627 1314 Vor-

133 1324 269 1372 schlag
295 1337 447 1361 omnem
472 1332 699 1373 potestatem
731 1329 788 1361 rei
822 1329 1092 1362 frumentariae
1126 1329 1166 1361 in
1203 1329 1292 1363 orbe
1328 1334 1522 1363 terrarum
1557 1338 1627 1372 per

134 1372 410 1418 quinquennium
442 1376 563 1409 durch
598 1376 709 1409 einen
741 1377 968 1410 feierlichen
994 1375 1191 1410 Beschluss
1215 1377 1268 1411 im
1294 1376 1385 1411 Iahr
1409 1378 1491 1413 697.
1516 1376 1629 1411 iiber·

133 1426 270 1466 tragen
295 1422 413 1457 hatte.
440 1422 476 1458 S.
503 1434 560 1469 ep.
585 1424 806 1466 LXXXVII,
834 1427 867 1461 7.
921 1426 1053 1459 Cicero
1091 1425 1290 1470 empfiehlt
1314 1425 1396 1458 ihm
1422 1426 1534 1459 einen
1560 1434 1627 1472 ge-

133 1469 270 1504 wissen
294 1470 480 1511 Avianus‚
509 1473 578 1506 der
602 1471 719 1506 sehon
747 1472 830 1506 drei
857 1474 969 1507 Iahre
995 1475 1087 1519 lang·
1113 1473 1538 1518 Getreidelieferungen
1563 1473 1628 1506 be-

133 1524 241 1566 sorgt
266 1517 370 1553 hatte
398 1521 440 1563 (s.
465 1522 497 1564 §.
526 1521 606 1562 2.);
647 1520 829 1555 wesshalb
864 1522 985 1555 dieser
1016 1522 1125 1555 Brief
1158 1522 1196 1554 in
1230 1522 1315 1555 dem
1348 1522 1490 1555 letzten
1523 1521 1630 1554 iener

132 1565 226 1620 fii-uf
249 1566 363 1602 Iahre
389 1574 501 1602 untex·
527 1569 613 1602 dem
640 1569 782 1603 dritten
810 1571 1009 1603 Consulate
1041 1569 1105 1603 des
1141 1569 1342 1615 Pompeius
1379 1568 1627 1617 geschrieben

133 1624 213 1648 sein
238 1626 349 1649 muss.

231 1666 262 1698 I.
291 1664 487 1709 obsequor,
516 1675 555 1699 so
583 1665 677 1713 gebe
703 1665 770 1699 ich
796 1665 896 1700 doch
922 1666 1051 1700 seinen
1070 1666 1197 1700 Bitten
1215 1664 1312 1698 nach
1332 1666 1407 1699 und
1433 1663 1628 1711 empsehle

133 1709 203 1743 ibn
235 1710 445 1746 nochmals.
483 1714 569 1758 Vgl.
596 1713 771 1749 nachher
804 1714 994 1748 voluntati
1019 1715 1292 1759 obtemperans.
1327 1732 1370 1738 -
1408 1713 1452 1747 G.
1478 1714 1626 1747 Aviano

134 1758 211 1801 FL,
237 1761 487 1807 negotiatori,
514 1761 622 1795 cuius
648 1763 741 1805 filii,
778 1763 890 1798 Gaius
915 1768 953 1796 et
971 1763 1126 1796 Marcus
1142 1762 1328 1803 Avianus,
1354 1768 1439 1807 post
1463 1767 1627 1795 mortem

133 1807 252 1852 patris
277 1809 427 1843 Allieno
453 1810 769 1844 commendantur
794 1821 853 1856 ep.
882 1810 927 1843 ad
942 1811 1092 1848 Divers,
1107 1810 1211 1849 XIII,
1229 1810 1274 1845 79
1298 1809 1627 1851 (CCCCXXXVI).

136 1873 179 1880 ‹-
205 1856 276 1892 cni.
303 1867 333 1890 c.
360 1857 476 1892 omnia
502 1868 606 1901 quum
631 1859 756 1903 cupio,
783 1862 858 1892 tum
884 1869 930 1891 m.
960 1859 1066 1892 etiam
1099 1868 1235 1903 cupere
1273 1858 1404 1900 debeo,
1443 1857 1527 1890 dem
1560 1856 1627 1890 ich

131 1902 232 1938 Alles
259 1905 359 1939 Gute
388 1917 433 1939 zu
458 1905 666 1941 wiinschen
691 1907 769 1940 und
795 1907 1051 1940 zuzuwenden
1077 1904 1223 1939 sowohl
1249 1906 1423 1953 geneigt,
1461 1906 1513 1938 als
1540 1904 1628 1938 in‘s—

132 1952 359 1992 besondere‚
385 1953 447 1987 bei
473 1954 582 1988 Gott!
616 1965 730 2001 sog-ax·
754 1953 998 1999 verpssichtet
1024 1954 1098 1987 bin.
1128 1953 1215 2001 Vgl.
1242 1951 1391 1987 Veri-in.
1419 1953 1470 1996 11,
1498 1954 1556 1989 73.
1582 1971 1626 1978 —

133 2004 166 2033 ee
193 2000 238 2034 de
264 2011 338 2046 quo
364 2002 510 2045 scripsi.
535 2020 580 2027 —
615 2003 790 2036 interesse
815 2012 903 2041 sna,
937 2012 974 2035 es
1010 2001 1136 2035 werde
1171 2002 1249 2034 ihm
1281 2000 1498 2035 fiirderlich
1533 2001 1625 2035 sein.

132 2048 167 2081 S.
195 2048 347 2084 Ramsh.
374 2049 404 2092 ξ).
436 2050 514 2084 114.
542 2051 695 2087 Grotef.
722 2050 751 2093 §.
779 2051 862 2085 2⁴0.
899 2069 943 2074 ——
976 2050 1159 2092 scribere,
1192 2060 1256 2083 um
1283 2049 1352 2082 ihn
1377 2049 1449 2083 Dir
1475 2060 1520 2083 zu
1545 2059 1626 2082 em-

132 2095 306 2142 pfehlen.
335 2117 380 2123 —
406 2098 441 2131 εἰ
464 2098 520 2132 ill.
545 2100 616 2134 vol.
643 2100 893 2143 obtemperans
927 2099 950 2132 i.
988 2109 1018 2134 e.
1053 2097 1348 2143 obtemperando
1382 2103 1475 2136 etc.‚
1513 2107 1624 2130 wenn

133 2156 171 2178 es
197 2146 270 2178 Dir
295 2157 333 2180 so
358 2145 612 2181 vorkommen
639 2147 769 2187 sollte,
806 2147 858 2180 als
891 2146 937 2180 ob
971 2146 1035 2179 ich
1070 2146 1190 2179 durch
1223 2145 1346 2179 meino
1371 2143 1625 2179 wiederholte

133 2194 410 2241 Verwendung
436 2194 499 2227 fiir
524 2194 591 2228 ibn
617 2207 665 2229 zu
691 2195 818 2242 wenig
854 2192 1064 2228 Vertrauen
1091 2206 1139 2227 zu
1165 2194 1309 2227 Deiner
1334 2192 1546 2240 Festigkeit
1571 2192 1625 2226 im

134 2241 273 2276 Halten
298 2243 516 2291 gegebener
542 2243 890 2289 Ver-sprechungen
915 2241 1124 2276 verriethe.

231 2291 264 2324 2.
292 2296 326 2324 ει
352 2292 395 2324 (le
421 2294 604 2334 tempore,
642 2302 716 2336 quo
751 2292 985 2325 frumentum
1019 2290 1220 2335 deportare
1255 2289 1410 2329 debeat,
1444 2300 1556 2322 wann
1583 2300 1626 2323 er

134 2338 198 2372 das
224 2338 403 2373 Gen-eide
437 2338 625 2374 abliesern
664 2339 766 2373 sollo.
800 2357 846 2363 —
878 2339 1099 2380 commodes,
1133 2338 1213 2372 dass
1246 2338 1305 2371 Du
1339 2338 1424 2371 dem
1462 2338 1626 2370 Avianus

135 2386 281 2419 sowohl
308 2387 348 2419 in
375 2385 552 2420 Hinsicht
577 2389 640 2421 des
666 2389 756 2421 Orts
783 2388 836 2421 als
862 2387 931 2421 der
956 2387 1036 2419 Zeit
1070 2387 1137 2420 der
1170 2385 1468 2433 Kornlieferung
1502 2386 1623 2430 gestil-

135 2434 189 2480 lig
216 2435 295 2468 sein
321 2436 480 2482 m'o'gest.
510 2455 552 2461 ——-
580 2440 765 2479 utrumque
792 2436 819 2471 i.
838 2446 869 2469 e.
889 2441 927 2468 et
943 2435 1066 2468 locum
1094 2441 1131 2468 et
1158 2441 1304 2480 tempus
1329 2434 1443 2466 etiam
1470 2445 1491 2466 a
1518 2435 1624 2466 Poun-

132 2484 218 2527 peio
245 2483 474 2528 impetravit.
505 2483 584 2516 Vid.
611 2494 669 2528 ep.
696 2484 741 2517 ad
767 2484 850 2517 Div.
880 2483 985 2525 xul,
1011 2483 1056 2517 35
1083 2483 1216 2524 (Dm).
1244 2500 1288 2506 -
1324 2481 1513 2525 praefuit,
1552 2492 1622 2514 un-

133 2538 192 2563 ter
218 2532 286 2564 der
313 2531 716 2578 Getreidebesorgung
745 2532 807 2565 des
834 2532 1031 2576 Pompeius
1058 2530 1094 2567 d,
1124 2532 1149 2568 i.
1177 2532 1246 2564 seit
1274 2530 1344 2563 den
1370 2530 1452 2562 drei
1479 2530 1620 2563 letzten

134 2578 274 2611 Iahren
301 2580 418 2613 dieses
449 2579 554 2613 Amts
581 2580 643 2612 des
679 2579 887 2624 Pompeius.
952 2579 1036 2612 Non
1070 2579 1280 2613 triennium
1315 2577 1377 2611 sed
1410 2578 1622 2621 quinquen-

107 2627 240 2660 'nium
266 2629 518 2662 frumentario
544 2628 693 2673 negotio
720 2629 919 2669 (annonae)
944 2627 1111 2672 praefuit
1146 2625 1352 2672 Pompeius.
1402 2626 1515 2659 Notat
1550 2625 1623 2672 igi·
1681 2624 1692 2634 “

132 2681 197 2708 tux·
222 2675 357 2709 Cicero
384 2682 551 2720 tempus,
579 2687 653 2710 non
680 2686 754 2719 quo
784 2675 981 2720 Pompeius
1007 2685 1089 2708 eam
1123 2686 1252 2708 curam
1286 2672 1421 2718 gessit,
1458 2673 1521 2706 sed
1547 2683 1622 2717 quo

135 2723 364 2757 beneficium
393 2723 532 2758 Aviano
559 2723 791 2769 impetravit.
818 2722 1023 2757 MANUT.
1052 2724 1113 2756 isti
1138 2723 1313 2765 negotio,
1339 2721 1393 2754 rei
1410 2721 1621 2754 frumenta-

135 2771 224 2805 riae.
280 2773 373 2806 Usus
400 2782 489 2817 ergo
516 2778 567 2806 eet
597 2771 893 2817 negotiatoribus
922 2771 1205 2814 frumentariis,
1235 2771 1296 2805 scd
1324 2769 1395 2811 ita,
1424 2775 1463 2803 ut
1490 2775 1525 2803 et
1552 2769 1620 2814 ipsi
