<?xml version="1.0" encoding="UTF-8"?>
<!DOCTYPE html PUBLIC "-//W3C//DTD XHTML 1.0 Transitional//EN"
    "http://www.w3.org/TR/xhtml1/DTD/xhtml1-transitional.dtd">
<html xmlns="http://www.w3.org/1999/xhtml" xml:lang="en" lang="en">
 <head>
  <title>
</title>
<meta http-equiv="Content-Type" content="text/html;charset=utf-8" />
  <meta name='ocr-system' content='tesseract 3.04.00' />
  <meta name='ocr-capabilities' content='ocr_page ocr_carea ocr_par ocr_line ocrx_word'/>
</head>
<body>
  <div class='ocr_page' id='page_1' title='image "./epistolaeadattic00ciceuoft/epistolaeadattic00ciceuoft_0049.png"; bbox 0 0 1742 3006; ppageno 0'>
   <div class='ocr_carea' id='block_1_1' title="bbox 0 1653 22 3006">
    <p class='ocr_par' dir='ltr' id='par_1_1' title="bbox 0 1653 22 3006">
     <span class='ocr_line' id='line_1_1' title="bbox 0 1653 22 3006; textangle 90"><span class='ocrx_word' id='word_1_1' title='bbox 0 1718 22 3006; x_wconf 34' lang='lat' dir='ltr'>*fib-fflfflffi‘*</span> <span class='ocrx_word' id='word_1_2' title='bbox 0 1653 2 1697; x_wconf 53' lang='lat'>‘⁷&#39;</span> 
     </span>
    </p>
   </div>
   <div class='ocr_carea' id='block_1_2' title="bbox 562 40 1600 117">
    <p class='ocr_par' dir='ltr' id='par_1_2' title="bbox 562 40 1600 117">
     <span class='ocr_line' id='line_1_2' title="bbox 562 40 1600 117; baseline 0.007 -7"><span class='ocrx_word' id='word_1_3' title='bbox 562 68 878 111; x_wconf 78' lang='lat' dir='ltr'>EPISTOLA</span> <span class='ocrx_word' id='word_1_4' title='bbox 907 69 1041 113; x_wconf 80' lang='lat' dir='ltr'><strong>xlv.</strong></span> <span class='ocrx_word' id='word_1_5' title='bbox 1502 69 1563 117; x_wconf 84' lang='grc'>33</span> <span class='ocrx_word' id='word_1_6' title='bbox 1597 40 1600 42; x_wconf 47' lang='grc'><strong>’</strong></span> 
     </span>
    </p>
   </div>
   <div class='ocr_carea' id='block_1_3' title="bbox 59 180 1560 463">
    <p class='ocr_par' dir='ltr' id='par_1_3' title="bbox 59 180 1560 463">
     <span class='ocr_line' id='line_1_3' title="bbox 62 180 1560 240; baseline 0 -15"><span class='ocrx_word' id='word_1_7' title='bbox 62 198 180 240; x_wconf 79' lang='lat' dir='ltr'>gero.</span> <span class='ocrx_word' id='word_1_8' title='bbox 240 183 366 235; x_wconf 81' lang='lat' dir='ltr'>Quae</span> <span class='ocrx_word' id='word_1_9' title='bbox 395 182 602 237; x_wconf 84' lang='lat' dir='ltr'>quoniam</span> <span class='ocrx_word' id='word_1_10' title='bbox 632 194 714 222; x_wconf 89' lang='lat' dir='ltr'>nec</span> <span class='ocrx_word' id='word_1_11' title='bbox 744 181 915 222; x_wconf 81' lang='lat' dir='ltr'>ratione</span> <span class='ocrx_word' id='word_1_12' title='bbox 945 195 1024 222; x_wconf 83' lang='lat' dir='ltr'>nec</span> <span class='ocrx_word' id='word_1_13' title='bbox 1055 180 1273 223; x_wconf 82' lang='lat' dir='ltr'>maiorum</span> <span class='ocrx_word' id='word_1_14' title='bbox 1309 187 1560 226; x_wconf 78' lang='lat' dir='ltr'>nostrorum</span> 
     </span>
     <span class='ocr_line' id='line_1_4' title="bbox 61 237 1557 294; baseline 0.001 -13"><span class='ocrx_word' id='word_1_15' title='bbox 61 242 298 282; x_wconf 81' lang='lat' dir='ltr'>clementia</span> <span class='ocrx_word' id='word_1_16' title='bbox 325 237 682 289; x_wconf 75' lang='lat' dir='ltr'>administrastis,</span> <span class='ocrx_word' id='word_1_17' title='bbox 713 250 798 278; x_wconf 88' lang='lat' dir='ltr'>non</span> <span class='ocrx_word' id='word_1_18' title='bbox 828 238 916 279; x_wconf 85' lang='lat' dir='ltr'>erit</span> <span class='ocrx_word' id='word_1_19' title='bbox 944 238 1213 289; x_wconf 83' lang='lat' dir='ltr'>mirandum,</span> <span class='ocrx_word' id='word_1_20' title='bbox 1243 239 1282 279; x_wconf 89' lang='lat' dir='ltr'>si</span> <span class='ocrx_word' id='word_1_21' title='bbox 1312 253 1390 281; x_wconf 82' lang='lat' dir='ltr'>vos</span> <span class='ocrx_word' id='word_1_22' title='bbox 1410 243 1557 294; x_wconf 80' lang='lat' dir='ltr'>poeni-</span> 
     </span>
     <span class='ocr_line' id='line_1_5' title="bbox 59 293 1559 348; baseline 0.001 -10"><span class='ocrx_word' id='word_1_23' title='bbox 59 298 180 338; x_wconf 77' lang='lat' dir='ltr'>tebit.</span> <span class='ocrx_word' id='word_1_24' title='bbox 250 296 319 337; x_wconf 86' lang='lat' dir='ltr'>Tc</span> <span class='ocrx_word' id='word_1_25' title='bbox 358 300 448 336; x_wconf 86' lang='lat' dir='ltr'>tam</span> <span class='ocrx_word' id='word_1_26' title='bbox 488 294 642 334; x_wconf 85' lang='lat' dir='ltr'>mobili</span> <span class='ocrx_word' id='word_1_27' title='bbox 681 293 726 333; x_wconf 87' lang='lat' dir='ltr'>in</span> <span class='ocrx_word' id='word_1_28' title='bbox 766 307 835 333; x_wconf 86' lang='lat' dir='ltr'>me</span> <span class='ocrx_word' id='word_1_29' title='bbox 876 307 1085 348; x_wconf 86' lang='lat' dir='ltr'>meosque</span> <span class='ocrx_word' id='word_1_30' title='bbox 1130 308 1228 336; x_wconf 89' lang='lat' dir='ltr'>esse</span> <span class='ocrx_word' id='word_1_31' title='bbox 1277 296 1423 338; x_wconf 84' lang='lat' dir='ltr'>animo</span> <span class='ocrx_word' id='word_1_32' title='bbox 1473 310 1559 339; x_wconf 87' lang='lat' dir='ltr'>non</span> 
     </span>
     <span class='ocr_line' id='line_1_6' title="bbox 61 349 1557 407; baseline 0.001 -13"><span class='ocrx_word' id='word_1_33' title='bbox 61 353 306 407; x_wconf 82' lang='lat' dir='ltr'><strong>sperabam.</strong></span> <span class='ocrx_word' id='word_1_34' title='bbox 383 352 457 392; x_wconf 85' lang='lat' dir='ltr'>Me</span> <span class='ocrx_word' id='word_1_35' title='bbox 495 351 665 391; x_wconf 85' lang='lat' dir='ltr'>interea</span> <span class='ocrx_word' id='word_1_36' title='bbox 707 362 789 390; x_wconf 85' lang='lat' dir='ltr'>nec</span> <span class='ocrx_word' id='word_1_37' title='bbox 826 349 1096 391; x_wconf 85' lang='lat' dir='ltr'>domesticus</span> <span class='ocrx_word' id='word_1_38' title='bbox 1135 351 1263 393; x_wconf 85' lang='lat' dir='ltr'>dolor</span> <span class='ocrx_word' id='word_1_39' title='bbox 1303 366 1384 395; x_wconf 88' lang='lat' dir='ltr'>nec</span> <span class='ocrx_word' id='word_1_40' title='bbox 1413 355 1557 396; x_wconf 84' lang='lat' dir='ltr'>cuius-</span> 
     </span>
     <span class='ocr_line' id='line_1_7' title="bbox 60 405 1129 463; baseline -0.001 -14"><span class='ocrx_word' id='word_1_41' title='bbox 60 423 190 463; x_wconf 80' lang='lat' dir='ltr'>quam</span> <span class='ocrx_word' id='word_1_42' title='bbox 219 407 381 451; x_wconf 84' lang='lat' dir='ltr'>iniuria</span> <span class='ocrx_word' id='word_1_43' title='bbox 411 420 437 448; x_wconf 86' lang='lat' dir='ltr'>a</span> <span class='ocrx_word' id='word_1_44' title='bbox 467 420 515 448; x_wconf 84' lang='lat' dir='ltr'>re</span> <span class='ocrx_word' id='word_1_45' title='bbox 544 405 717 461; x_wconf 84' lang='lat' dir='ltr'>publica</span> <span class='ocrx_word' id='word_1_46' title='bbox 746 405 947 447; x_wconf 84' lang='lat' dir='ltr'>abducet.</span> <span class='ocrx_word' id='word_1_47' title='bbox 1003 406 1129 448; x_wconf 85' lang='lat' dir='ltr'><strong>Vale.</strong></span> 
     </span>
    </p>
   </div>
   <div class='ocr_carea' id='block_1_4' title="bbox 312 565 1304 681">
    <p class='ocr_par' dir='ltr' id='par_1_4' title="bbox 312 565 1304 681">
     <span class='ocr_line' id='line_1_8' title="bbox 312 565 1304 619; baseline 0.001 -10"><span class='ocrx_word' id='word_1_48' title='bbox 312 565 630 610; x_wconf 82' lang='lat' dir='ltr'><strong>EPISTOLA</strong></span> <span class='ocrx_word' id='word_1_49' title='bbox 667 566 801 608; x_wconf 82' lang='lat' dir='ltr'>xiv.</span> <span class='ocrx_word' id='word_1_50' title='bbox 872 566 954 619; x_wconf 78' lang='lat' dir='ltr'>(ad</span> <span class='ocrx_word' id='word_1_51' title='bbox 995 566 1099 610; x_wconf 76' lang='lat' dir='ltr'>Div.</span> <span class='ocrx_word' id='word_1_52' title='bbox 1139 568 1197 613; x_wconf 84' lang='lat' dir='ltr'>V.</span> <span class='ocrx_word' id='word_1_53' title='bbox 1240 570 1304 619; x_wconf 87' lang='lat'>2.)</span> 
     </span>
     <span class='ocr_line' id='line_1_9' title="bbox 390 636 1226 681; baseline 0 -10"><span class='ocrx_word' id='word_1_54' title='bbox 390 638 468 672; x_wconf 79' lang='lat' dir='ltr'>scr.</span> <span class='ocrx_word' id='word_1_55' title='bbox 496 640 640 671; x_wconf 75' lang='lat' dir='ltr'>Romae</span> <span class='ocrx_word' id='word_1_56' title='bbox 666 639 708 671; x_wconf 87' lang='lat' dir='ltr'>A.</span> <span class='ocrx_word' id='word_1_57' title='bbox 737 638 783 673; x_wconf 76' lang='lat' dir='ltr'>U.</span> <span class='ocrx_word' id='word_1_58' title='bbox 810 636 851 669; x_wconf 84' lang='lat' dir='ltr'>c.</span> <span class='ocrx_word' id='word_1_59' title='bbox 878 637 958 672; x_wconf 82' lang='lat'>692.</span> <span class='ocrx_word' id='word_1_60' title='bbox 1009 638 1058 678; x_wconf 72' lang='lat' dir='ltr'>(a.</span> <span class='ocrx_word' id='word_1_61' title='bbox 1087 637 1127 671; x_wconf 88' lang='lat' dir='ltr'>c.</span> <span class='ocrx_word' id='word_1_62' title='bbox 1151 639 1226 681; x_wconf 81' lang='lat'>62.)</span> 
     </span>
    </p>
   </div>
   <div class='ocr_carea' id='block_1_5' title="bbox 59 697 1559 1084">
    <p class='ocr_par' dir='ltr' id='par_1_5' title="bbox 59 697 1559 1084">
     <span class='ocr_line' id='line_1_10' title="bbox 59 697 1558 746; baseline 0.001 -9"><span class='ocrx_word' id='word_1_63' title='bbox 59 701 209 737; x_wconf 81' lang='lat' dir='ltr'>Metelli</span> <span class='ocrx_word' id='word_1_64' title='bbox 233 700 415 746; x_wconf 84' lang='lat' dir='ltr'>epistolae</span> <span class='ocrx_word' id='word_1_65' title='bbox 442 699 577 733; x_wconf 86' lang='lat' dir='ltr'>Cicero</span> <span class='ocrx_word' id='word_1_66' title='bbox 603 699 657 732; x_wconf 89' lang='lat' dir='ltr'>sic</span> <span class='ocrx_word' id='word_1_67' title='bbox 683 697 902 744; x_wconf 86' lang='lat' dir='ltr'><strong>respondet,</strong></span> <span class='ocrx_word' id='word_1_68' title='bbox 928 704 969 731; x_wconf 92' lang='lat' dir='ltr'>ut</span> <span class='ocrx_word' id='word_1_69' title='bbox 993 698 1160 744; x_wconf 84' lang='lat' dir='ltr'>primum</span> <span class='ocrx_word' id='word_1_70' title='bbox 1186 707 1300 745; x_wconf 83' lang='lat' dir='ltr'>neget</span> <span class='ocrx_word' id='word_1_71' title='bbox 1325 713 1362 734; x_wconf 84' lang='lat' dir='ltr'>se</span> <span class='ocrx_word' id='word_1_72' title='bbox 1387 714 1474 736; x_wconf 88' lang='lat' dir='ltr'>eum</span> <span class='ocrx_word' id='word_1_73' title='bbox 1500 704 1558 738; x_wconf 84' lang='lat' dir='ltr'>lu-</span> 
     </span>
     <span class='ocr_line' id='line_1_11' title="bbox 60 746 1557 785; baseline 0.001 -1"><span class='ocrx_word' id='word_1_74' title='bbox 60 751 184 784; x_wconf 88' lang='lat' dir='ltr'>dibrio</span> <span class='ocrx_word' id='word_1_75' title='bbox 229 749 416 783; x_wconf 83' lang='lat' dir='ltr'>habuisse.</span> <span class='ocrx_word' id='word_1_76' title='bbox 454 750 484 782; x_wconf 91' lang='lat' dir='ltr'>l.</span> <span class='ocrx_word' id='word_1_77' title='bbox 535 747 670 780; x_wconf 86' lang='lat' dir='ltr'>deinde</span> <span class='ocrx_word' id='word_1_78' title='bbox 712 746 886 780; x_wconf 83' lang='lat' dir='ltr'>ostendat</span> <span class='ocrx_word' id='word_1_79' title='bbox 942 758 980 780; x_wconf 90' lang='lat' dir='ltr'>se</span> <span class='ocrx_word' id='word_1_80' title='bbox 1027 748 1152 780; x_wconf 82' lang='lat' dir='ltr'>omnia</span> <span class='ocrx_word' id='word_1_81' title='bbox 1192 750 1383 783; x_wconf 78' lang='lat' dir='ltr'>amicitiae</span> <span class='ocrx_word' id='word_1_82' title='bbox 1426 753 1557 785; x_wconf 73' lang='lat' dir='ltr'>officia</span> 
     </span>
     <span class='ocr_line' id='line_1_12' title="bbox 61 795 1557 843; baseline 0.001 -11"><span class='ocrx_word' id='word_1_83' title='bbox 61 811 152 843; x_wconf 73' lang='lat' dir='ltr'>erga</span> <span class='ocrx_word' id='word_1_84' title='bbox 181 810 264 831; x_wconf 91' lang='lat' dir='ltr'>eum</span> <span class='ocrx_word' id='word_1_85' title='bbox 291 808 475 838; x_wconf 78' lang='lat' dir='ltr'>servasse,</span> <span class='ocrx_word' id='word_1_86' title='bbox 515 796 650 841; x_wconf 88' lang='lat' dir='ltr'>quibus</span> <span class='ocrx_word' id='word_1_87' title='bbox 684 795 751 829; x_wconf 84' lang='lat' dir='ltr'>ille</span> <span class='ocrx_word' id='word_1_88' title='bbox 793 806 924 840; x_wconf 81' lang='lat' dir='ltr'>parurn</span> <span class='ocrx_word' id='word_1_89' title='bbox 970 796 1220 840; x_wconf 86' lang='lat' dir='ltr'>responderit.</span> <span class='ocrx_word' id='word_1_90' title='bbox 1248 800 1283 834; x_wconf 86' lang='lat'>2.</span> <span class='ocrx_word' id='word_1_91' title='bbox 1313 800 1347 832; x_wconf 87' lang='grc'>3.</span> <span class='ocrx_word' id='word_1_92' title='bbox 1397 801 1557 843; x_wconf 78' lang='lat' dir='ltr'>gratiam</span> 
     </span>
     <span class='ocr_line' id='line_1_13' title="bbox 59 844 1558 891; baseline 0.001 -10"><span class='ocrx_word' id='word_1_93' title='bbox 59 851 161 881; x_wconf 84' lang='lat' dir='ltr'>inter</span> <span class='ocrx_word' id='word_1_94' title='bbox 194 858 258 879; x_wconf 89' lang='lat' dir='ltr'>eos</span> <span class='ocrx_word' id='word_1_95' title='bbox 283 857 473 891; x_wconf 86' lang='lat' dir='ltr'>nunquam</span> <span class='ocrx_word' id='word_1_96' title='bbox 499 845 738 878; x_wconf 84' lang='lat' dir='ltr'>immutatam</span> <span class='ocrx_word' id='word_1_97' title='bbox 764 855 852 876; x_wconf 86' lang='lat' dir='ltr'>esse.</span> <span class='ocrx_word' id='word_1_98' title='bbox 882 845 915 878; x_wconf 80' lang='lat'>4.</span> <span class='ocrx_word' id='word_1_99' title='bbox 941 845 975 879; x_wconf 87' lang='grc'>5.</span> <span class='ocrx_word' id='word_1_100' title='bbox 1032 844 1189 890; x_wconf 82' lang='lat' dir='ltr'>denique</span> <span class='ocrx_word' id='word_1_101' title='bbox 1223 858 1262 879; x_wconf 83' lang='lat' dir='ltr'>se</span> <span class='ocrx_word' id='word_1_102' title='bbox 1297 847 1373 880; x_wconf 88' lang='lat' dir='ltr'>eius</span> <span class='ocrx_word' id='word_1_103' title='bbox 1398 849 1558 882; x_wconf 81' lang='lat' dir='ltr'>fratrem</span> 
     </span>
     <span class='ocr_line' id='line_1_14' title="bbox 60 892 1559 941; baseline -0.001 -12"><span class='ocrx_word' id='word_1_104' title='bbox 60 908 137 929; x_wconf 86' lang='lat' dir='ltr'>non</span> <span class='ocrx_word' id='word_1_105' title='bbox 165 905 412 941; x_wconf 83' lang='lat' dir='ltr'><strong>oppugnasse,</strong></span> <span class='ocrx_word' id='word_1_106' title='bbox 438 893 502 926; x_wconf 87' lang='lat' dir='ltr'>sed</span> <span class='ocrx_word' id='word_1_107' title='bbox 526 892 761 939; x_wconf 78' lang='lat' dir='ltr'>oppugnanti</span> <span class='ocrx_word' id='word_1_108' title='bbox 787 904 824 924; x_wconf 92' lang='lat' dir='ltr'>se</span> <span class='ocrx_word' id='word_1_109' title='bbox 849 892 973 937; x_wconf 85' lang='lat' dir='ltr'>ipsum</span> <span class='ocrx_word' id='word_1_110' title='bbox 998 893 1191 927; x_wconf 85' lang='lat' dir='ltr'>restitisse.</span> <span class='ocrx_word' id='word_1_111' title='bbox 1219 896 1348 930; x_wconf 85' lang='lat'>6—10.</span> <span class='ocrx_word' id='word_1_112' title='bbox 1385 898 1559 930; x_wconf 83' lang='lat' dir='ltr'>Ceterum</span> 
     </span>
     <span class='ocr_line' id='line_1_15' title="bbox 60 941 1559 987; baseline 0 -8"><span class='ocrx_word' id='word_1_113' title='bbox 60 957 100 979; x_wconf 85' lang='lat' dir='ltr'>se</span> <span class='ocrx_word' id='word_1_114' title='bbox 126 944 247 978; x_wconf 85' lang='lat' dir='ltr'>dolori</span> <span class='ocrx_word' id='word_1_115' title='bbox 271 943 422 978; x_wconf 84' lang='lat' dir='ltr'>Metelli</span> <span class='ocrx_word' id='word_1_116' title='bbox 460 953 504 975; x_wconf 77' lang='lat' dir='ltr'>ex</span> <span class='ocrx_word' id='word_1_117' title='bbox 540 953 669 975; x_wconf 84' lang='lat' dir='ltr'>amore</span> <span class='ocrx_word' id='word_1_118' title='bbox 702 941 832 974; x_wconf 77' lang='lat' dir='ltr'>fratris</span> <span class='ocrx_word' id='word_1_119' title='bbox 864 952 939 974; x_wconf 84' lang='lat' dir='ltr'>non</span> <span class='ocrx_word' id='word_1_120' title='bbox 965 942 1088 974; x_wconf 87' lang='lat' dir='ltr'>solum</span> <span class='ocrx_word' id='word_1_121' title='bbox 1113 943 1334 987; x_wconf 82' lang='lat' dir='ltr'>ignoscere,</span> <span class='ocrx_word' id='word_1_122' title='bbox 1370 946 1435 978; x_wconf 86' lang='lat' dir='ltr'>sed</span> <span class='ocrx_word' id='word_1_123' title='bbox 1460 958 1559 979; x_wconf 85' lang='lat' dir='ltr'>sum-</span> 
     </span>
     <span class='ocr_line' id='line_1_16' title="bbox 61 989 1559 1040; baseline 0.001 -13"><span class='ocrx_word' id='word_1_124' title='bbox 61 1005 162 1027; x_wconf 79' lang='lat' dir='ltr'>mam</span> <span class='ocrx_word' id='word_1_125' title='bbox 187 993 302 1026; x_wconf 83' lang='lat' dir='ltr'>etiam</span> <span class='ocrx_word' id='word_1_126' title='bbox 326 991 692 1030; x_wconf 58' lang='lat' dir='ltr'>laudem‘tribuere,</span> <span class='ocrx_word' id='word_1_127' title='bbox 731 1001 864 1035; x_wconf 79' lang='lat' dir='ltr'>seque,</span> <span class='ocrx_word' id='word_1_128' title='bbox 910 989 1032 1035; x_wconf 80' lang='lat' dir='ltr'>quoad</span> <span class='ocrx_word' id='word_1_129' title='bbox 1057 991 1220 1025; x_wconf 83' lang='lat' dir='ltr'>voluerit</span> <span class='ocrx_word' id='word_1_130' title='bbox 1246 993 1444 1036; x_wconf 83' lang='lat' dir='ltr'>Metellus,</span> <span class='ocrx_word' id='word_1_131' title='bbox 1486 996 1559 1040; x_wconf 75' lang='lat' dir='ltr'>ipsi</span> 
     </span>
     <span class='ocr_line' id='line_1_17' title="bbox 412 1039 1194 1084; baseline 0.004 -11"><span class='ocrx_word' id='word_1_132' title='bbox 412 1039 678 1073; x_wconf 86' lang='lat' dir='ltr'>amicissimum</span> <span class='ocrx_word' id='word_1_133' title='bbox 701 1039 871 1072; x_wconf 82' lang='lat' dir='ltr'>futurum</span> <span class='ocrx_word' id='word_1_134' title='bbox 897 1040 1109 1084; x_wconf 82' lang='lat' dir='ltr'>profitetur.</span> <span class='ocrx_word' id='word_1_135' title='bbox 1137 1041 1194 1076; x_wconf 86' lang='lat'>10.</span> 
     </span>
    </p>
   </div>
   <div class='ocr_carea' id='block_1_6' title="bbox 61 1105 1560 1824">
    <p class='ocr_par' dir='ltr' id='par_1_6' title="bbox 61 1105 1557 1190">
     <span class='ocr_line' id='line_1_18' title="bbox 61 1105 1557 1151; baseline -0.001 -6"><span class='ocrx_word' id='word_1_136' title='bbox 61 1111 114 1145; x_wconf 89' lang='lat' dir='ltr'>M.</span> <span class='ocrx_word' id='word_1_137' title='bbox 147 1108 361 1146; x_wconf 91' lang='lat' dir='ltr'>TULLIUS</span> <span class='ocrx_word' id='word_1_138' title='bbox 412 1108 466 1142; x_wconf 91' lang='lat' dir='ltr'>M.</span> <span class='ocrx_word' id='word_1_139' title='bbox 501 1108 539 1140; x_wconf 83' lang='lat' dir='ltr'>F.</span> <span class='ocrx_word' id='word_1_140' title='bbox 576 1107 757 1141; x_wconf 87' lang='lat' dir='ltr'>CICERO</span> <span class='ocrx_word' id='word_1_141' title='bbox 812 1105 851 1148; x_wconf 85' lang='lat' dir='ltr'>Q.</span> <span class='ocrx_word' id='word_1_142' title='bbox 889 1107 1133 1143; x_wconf 85' lang='lat' dir='ltr'>METELLO</span> <span class='ocrx_word' id='word_1_143' title='bbox 1199 1108 1242 1151; x_wconf 76' lang='lat' dir='ltr'>Q.</span> <span class='ocrx_word' id='word_1_144' title='bbox 1289 1109 1330 1144; x_wconf 76' lang='lat' dir='ltr'>F.</span> <span class='ocrx_word' id='word_1_145' title='bbox 1375 1110 1557 1146; x_wconf 84' lang='lat' dir='ltr'>CELERI</span> 
     </span>
     <span class='ocr_line' id='line_1_19' title="bbox 637 1154 976 1190; baseline -0.003 -1"><span class='ocrx_word' id='word_1_146' title='bbox 637 1154 828 1190; x_wconf 87' lang='lat' dir='ltr'>PROCOS.</span> <span class='ocrx_word' id='word_1_147' title='bbox 867 1155 900 1188; x_wconf 92' lang='lat' dir='ltr'>S.</span> <span class='ocrx_word' id='word_1_148' title='bbox 929 1156 976 1189; x_wconf 93' lang='lat' dir='ltr'>D.</span> 
     </span>
    </p>

    <p class='ocr_par' dir='ltr' id='par_1_7' title="bbox 62 1204 1560 1824">
     <span class='ocr_line' id='line_1_20' title="bbox 172 1204 1558 1260; baseline -0.001 -11"><span class='ocrx_word' id='word_1_149' title='bbox 172 1207 223 1249; x_wconf 83' lang='lat' dir='ltr'>Si</span> <span class='ocrx_word' id='word_1_150' title='bbox 247 1211 295 1247; x_wconf 92' lang='lat' dir='ltr'>tu</span> <span class='ocrx_word' id='word_1_151' title='bbox 334 1205 639 1260; x_wconf 84' lang='lat' dir='ltr'>exercitusque</span> <span class='ocrx_word' id='word_1_152' title='bbox 667 1204 854 1255; x_wconf 77' lang='lat' dir='ltr'>valetis,</span> <span class='ocrx_word' id='word_1_153' title='bbox 904 1204 1011 1244; x_wconf 90' lang='lat' dir='ltr'>bene</span> <span class='ocrx_word' id='word_1_154' title='bbox 1048 1210 1128 1246; x_wconf 88' lang='lat' dir='ltr'>est.</span> <span class='ocrx_word' id='word_1_155' title='bbox 1191 1205 1361 1248; x_wconf 79' lang='lat' dir='ltr'>Scribis</span> <span class='ocrx_word' id='word_1_156' title='bbox 1401 1207 1458 1248; x_wconf 87' lang='lat' dir='ltr'>ad</span> <span class='ocrx_word' id='word_1_157' title='bbox 1487 1221 1558 1248; x_wconf 89' lang='lat' dir='ltr'>me</span> 
     </span>
     <span class='ocr_line' id='line_1_21' title="bbox 62 1261 1558 1317; baseline -0.001 -11"><span class='ocrx_word' id='word_1_158' title='bbox 62 1268 106 1306; x_wconf 89' lang='lat' dir='ltr'>te</span> <span class='ocrx_word' id='word_1_159' title='bbox 132 1264 433 1310; x_wconf 77' lang='lat' dir='ltr'>existimasse,</span> <span class='ocrx_word' id='word_1_160' title='bbox 462 1275 574 1314; x_wconf 79' lang='lat' dir='ltr'>„pro</span> <span class='ocrx_word' id='word_1_161' title='bbox 603 1264 753 1301; x_wconf 88' lang='lat' dir='ltr'>mutuo</span> <span class='ocrx_word' id='word_1_162' title='bbox 783 1261 898 1300; x_wconf 78' lang='lat' dir='ltr'>inter</span> <span class='ocrx_word' id='word_1_163' title='bbox 926 1273 1006 1301; x_wconf 85' lang='lat' dir='ltr'>nos</span> <span class='ocrx_word' id='word_1_164' title='bbox 1036 1264 1183 1303; x_wconf 83' lang='lat' dir='ltr'>animo</span> <span class='ocrx_word' id='word_1_165' title='bbox 1213 1266 1257 1303; x_wconf 86' lang='lat' dir='ltr'>et</span> <span class='ocrx_word' id='word_1_166' title='bbox 1284 1276 1365 1317; x_wconf 78' lang='lat' dir='ltr'>pro</span> <span class='ocrx_word' id='word_1_167' title='bbox 1404 1278 1558 1305; x_wconf 86' lang='lat' dir='ltr'>recon—</span> 
     </span>
     <span class='ocr_line' id='line_1_22' title="bbox 66 1317 1558 1373; baseline -0.001 -12"><span class='ocrx_word' id='word_1_168' title='bbox 66 1322 215 1361; x_wconf 77' lang='lat' dir='ltr'>ciliata</span> <span class='ocrx_word' id='word_1_169' title='bbox 266 1319 410 1373; x_wconf 80' lang='lat' dir='ltr'>gratia</span> <span class='ocrx_word' id='word_1_170' title='bbox 460 1330 680 1371; x_wconf 89' lang='lat' dir='ltr'>nunquam</span> <span class='ocrx_word' id='word_1_171' title='bbox 721 1320 763 1357; x_wconf 90' lang='lat' dir='ltr'>te</span> <span class='ocrx_word' id='word_1_172' title='bbox 802 1328 829 1356; x_wconf 85' lang='lat' dir='ltr'>a</span> <span class='ocrx_word' id='word_1_173' title='bbox 870 1330 939 1356; x_wconf 86' lang='lat' dir='ltr'>me</span> <span class='ocrx_word' id='word_1_174' title='bbox 987 1317 1179 1359; x_wconf 83' lang='lat' dir='ltr'>ludibrio</span> <span class='ocrx_word' id='word_1_175' title='bbox 1229 1319 1397 1359; x_wconf 83' lang='lat' dir='ltr'>laesum</span> <span class='ocrx_word' id='word_1_176' title='bbox 1451 1319 1558 1361; x_wconf 82' lang='lat' dir='ltr'>i1·i.“</span> 
     </span>
     <span class='ocr_line' id='line_1_23' title="bbox 67 1372 1557 1428; baseline 0 -11"><span class='ocrx_word' id='word_1_177' title='bbox 67 1377 200 1426; x_wconf 82' lang='lat' dir='ltr'>Quod</span> <span class='ocrx_word' id='word_1_178' title='bbox 230 1372 476 1415; x_wconf 87' lang='lat' dir='ltr'>cuiusmodi</span> <span class='ocrx_word' id='word_1_179' title='bbox 506 1375 589 1426; x_wconf 86' lang='lat' dir='ltr'>sit,</span> <span class='ocrx_word' id='word_1_180' title='bbox 617 1372 726 1413; x_wconf 86' lang='lat' dir='ltr'>satis</span> <span class='ocrx_word' id='word_1_181' title='bbox 757 1372 1005 1426; x_wconf 84' lang='lat' dir='ltr'>intelligere</span> <span class='ocrx_word' id='word_1_182' title='bbox 1034 1387 1121 1414; x_wconf 88' lang='lat' dir='ltr'>non</span> <span class='ocrx_word' id='word_1_183' title='bbox 1150 1387 1353 1428; x_wconf 81' lang='lat' dir='ltr'>possum:</span> <span class='ocrx_word' id='word_1_184' title='bbox 1384 1376 1464 1416; x_wconf 87' lang='lat' dir='ltr'>sed</span> <span class='ocrx_word' id='word_1_185' title='bbox 1493 1380 1557 1417; x_wconf 86' lang='lat' dir='ltr'>ta-</span> 
     </span>
     <span class='ocr_line' id='line_1_24' title="bbox 64 1429 1557 1485; baseline 0 -12"><span class='ocrx_word' id='word_1_186' title='bbox 64 1447 164 1473; x_wconf 85' lang='lat' dir='ltr'>men</span> <span class='ocrx_word' id='word_1_187' title='bbox 194 1432 395 1485; x_wconf 85' lang='lat' dir='ltr'>suspicor</span> <span class='ocrx_word' id='word_1_188' title='bbox 424 1429 480 1469; x_wconf 84' lang='lat' dir='ltr'>ad</span> <span class='ocrx_word' id='word_1_189' title='bbox 510 1433 554 1470; x_wconf 91' lang='lat' dir='ltr'>te</span> <span class='ocrx_word' id='word_1_190' title='bbox 583 1442 680 1470; x_wconf 86' lang='lat' dir='ltr'>esse</span> <span class='ocrx_word' id='word_1_191' title='bbox 711 1429 891 1469; x_wconf 83' lang='lat' dir='ltr'>allatum</span> <span class='ocrx_word' id='word_1_192' title='bbox 919 1442 1015 1481; x_wconf 87' lang='lat' dir='ltr'>me,</span> <span class='ocrx_word' id='word_1_193' title='bbox 1047 1429 1092 1469; x_wconf 88' lang='lat' dir='ltr'>in</span> <span class='ocrx_word' id='word_1_194' title='bbox 1122 1436 1275 1471; x_wconf 83' lang='lat' dir='ltr'>senatu</span> <span class='ocrx_word' id='word_1_195' title='bbox 1305 1445 1437 1485; x_wconf 87' lang='lat' dir='ltr'>quum</span> <span class='ocrx_word' id='word_1_196' title='bbox 1467 1433 1557 1474; x_wconf 87' lang='lat' dir='ltr'>dis-</span> 
     </span>
     <span class='ocr_line' id='line_1_25' title="bbox 66 1485 1557 1544; baseline 0 -15"><span class='ocrx_word' id='word_1_197' title='bbox 66 1494 279 1544; x_wconf 87' lang='lat' dir='ltr'>putarem,</span> <span class='ocrx_word' id='word_1_198' title='bbox 310 1486 551 1541; x_wconf 84' lang='lat' dir='ltr'>permultos</span> <span class='ocrx_word' id='word_1_199' title='bbox 581 1498 700 1535; x_wconf 86' lang='lat' dir='ltr'>esse,</span> <span class='ocrx_word' id='word_1_200' title='bbox 741 1485 815 1539; x_wconf 89' lang='lat' dir='ltr'>qui</span> <span class='ocrx_word' id='word_1_201' title='bbox 846 1496 940 1524; x_wconf 87' lang='lat' dir='ltr'>rem</span> <span class='ocrx_word' id='word_1_202' title='bbox 970 1486 1194 1538; x_wconf 87' lang='lat' dir='ltr'>publicam</span> <span class='ocrx_word' id='word_1_203' title='bbox 1223 1500 1250 1528; x_wconf 82' lang='lat' dir='ltr'>a</span> <span class='ocrx_word' id='word_1_204' title='bbox 1278 1501 1350 1528; x_wconf 83' lang='lat' dir='ltr'>me</span> <span class='ocrx_word' id='word_1_205' title='bbox 1379 1501 1557 1529; x_wconf 82' lang='lat' dir='ltr'>conser-</span> 
     </span>
     <span class='ocr_line' id='line_1_26' title="bbox 65 1541 1558 1599; baseline -0.001 -12"><span class='ocrx_word' id='word_1_206' title='bbox 65 1550 211 1587; x_wconf 77' lang='lat' dir='ltr'>vatam</span> <span class='ocrx_word' id='word_1_207' title='bbox 251 1543 478 1592; x_wconf 81' lang='lat' dir='ltr'>dolerent,</span> <span class='ocrx_word' id='word_1_208' title='bbox 527 1541 716 1581; x_wconf 83' lang='lat' dir='ltr'>dixisse:</span> <span class='ocrx_word' id='word_1_209' title='bbox 774 1553 800 1580; x_wconf 86' lang='lat' dir='ltr'>a</span> <span class='ocrx_word' id='word_1_210' title='bbox 837 1544 883 1580; x_wconf 89' lang='lat' dir='ltr'>te</span> <span class='ocrx_word' id='word_1_211' title='bbox 923 1541 1190 1596; x_wconf 84' lang='lat' dir='ltr'>propinquos</span> <span class='ocrx_word' id='word_1_212' title='bbox 1228 1547 1353 1596; x_wconf 83' lang='lat' dir='ltr'>tuos,</span> <span class='ocrx_word' id='word_1_213' title='bbox 1402 1546 1558 1599; x_wconf 89' lang='lat' dir='ltr'>quibus</span> 
     </span>
     <span class='ocr_line' id='line_1_27' title="bbox 65 1596 1560 1654; baseline 0 -12"><span class='ocrx_word' id='word_1_214' title='bbox 65 1614 230 1654; x_wconf 82' lang='lat' dir='ltr'>negare</span> <span class='ocrx_word' id='word_1_215' title='bbox 270 1612 357 1639; x_wconf 90' lang='lat' dir='ltr'>non</span> <span class='ocrx_word' id='word_1_216' title='bbox 397 1597 636 1652; x_wconf 83' lang='lat' dir='ltr'>potuisses,</span> <span class='ocrx_word' id='word_1_217' title='bbox 686 1596 969 1648; x_wconf 80' lang='lat' dir='ltr'>impetrasse,</span> <span class='ocrx_word' id='word_1_218' title='bbox 1008 1603 1055 1638; x_wconf 90' lang='lat' dir='ltr'>ut</span> <span class='ocrx_word' id='word_1_219' title='bbox 1084 1611 1159 1650; x_wconf 81' lang='lat' dir='ltr'>ea,</span> <span class='ocrx_word' id='word_1_220' title='bbox 1189 1612 1300 1653; x_wconf 77' lang='lat' dir='ltr'>quae</span> <span class='ocrx_word' id='word_1_221' title='bbox 1329 1602 1560 1644; x_wconf 81' lang='lat' dir='ltr'>statuisses</span> 
     </span>
     <span class='ocr_line' id='line_1_28' title="bbox 66 1652 1560 1706; baseline 0 -8"><span class='ocrx_word' id='word_1_222' title='bbox 66 1658 148 1697; x_wconf 86' lang='lat' dir='ltr'>tibi</span> <span class='ocrx_word' id='word_1_223' title='bbox 177 1657 219 1697; x_wconf 87' lang='lat' dir='ltr'>in</span> <span class='ocrx_word' id='word_1_224' title='bbox 252 1658 404 1696; x_wconf 82' lang='lat' dir='ltr'>senatu</span> <span class='ocrx_word' id='word_1_225' title='bbox 434 1654 489 1694; x_wconf 80' lang='lat' dir='ltr'>(le</span> <span class='ocrx_word' id='word_1_226' title='bbox 518 1666 615 1693; x_wconf 84' lang='lat' dir='ltr'>mea</span> <span class='ocrx_word' id='word_1_227' title='bbox 644 1652 773 1692; x_wconf 79' lang='lat' dir='ltr'>laude</span> <span class='ocrx_word' id='word_1_228' title='bbox 803 1665 900 1692; x_wconf 81' lang='lat' dir='ltr'>esse</span> <span class='ocrx_word' id='word_1_229' title='bbox 924 1652 1124 1706; x_wconf 78' lang='lat' dir='ltr'>dicenda,</span> <span class='ocrx_word' id='word_1_230' title='bbox 1154 1656 1379 1698; x_wconf 80' lang='lat' dir='ltr'>reticeres.</span> <span class='ocrx_word' id='word_1_231' title='bbox 1425 1655 1560 1706; x_wconf 81' lang='lat' dir='ltr'>Quod</span> 
     </span>
     <span class='ocr_line' id='line_1_29' title="bbox 66 1707 1560 1768; baseline 0.001 -16"><span class='ocrx_word' id='word_1_232' title='bbox 66 1727 199 1768; x_wconf 87' lang='lat' dir='ltr'>quum</span> <span class='ocrx_word' id='word_1_233' title='bbox 228 1711 442 1762; x_wconf 78' lang='lat' dir='ltr'>dicerem,</span> <span class='ocrx_word' id='word_1_234' title='bbox 472 1709 581 1750; x_wconf 89' lang='lat' dir='ltr'>illud</span> <span class='ocrx_word' id='word_1_235' title='bbox 611 1708 813 1749; x_wconf 82' lang='lat' dir='ltr'>adiunxi:</span> <span class='ocrx_word' id='word_1_236' title='bbox 858 1707 969 1748; x_wconf 85' lang='lat' dir='ltr'>mihi</span> <span class='ocrx_word' id='word_1_237' title='bbox 998 1713 1145 1751; x_wconf 86' lang='lat' dir='ltr'>tecum</span> <span class='ocrx_word' id='word_1_238' title='bbox 1175 1711 1240 1752; x_wconf 81' lang='lat' dir='ltr'>ita</span> <span class='ocrx_word' id='word_1_239' title='bbox 1279 1713 1560 1768; x_wconf 80' lang='lat' dir='ltr'>dispertitum</span> 
     </span>
     <span class='ocr_line' id='line_1_30' title="bbox 67 1765 1560 1824; baseline 0 -13"><span class='ocrx_word' id='word_1_240' title='bbox 67 1769 268 1811; x_wconf 81' lang='lat' dir='ltr'>officium</span> <span class='ocrx_word' id='word_1_241' title='bbox 311 1767 448 1808; x_wconf 84' lang='lat' dir='ltr'>fuisse</span> <span class='ocrx_word' id='word_1_242' title='bbox 485 1766 530 1806; x_wconf 90' lang='lat' dir='ltr'>in</span> <span class='ocrx_word' id='word_1_243' title='bbox 568 1766 647 1806; x_wconf 90' lang='lat' dir='ltr'>rei·</span> <span class='ocrx_word' id='word_1_244' title='bbox 672 1765 873 1819; x_wconf 83' lang='lat' dir='ltr'>publicae</span> <span class='ocrx_word' id='word_1_245' title='bbox 911 1766 1051 1808; x_wconf 83' lang='lat' dir='ltr'>salute</span> <span class='ocrx_word' id='word_1_246' title='bbox 1092 1768 1344 1819; x_wconf 85' lang='lat' dir='ltr'>retinenda,</span> <span class='ocrx_word' id='word_1_247' title='bbox 1399 1775 1447 1810; x_wconf 86' lang='lat' dir='ltr'>ut</span> <span class='ocrx_word' id='word_1_248' title='bbox 1476 1784 1560 1824; x_wconf 83' lang='lat' dir='ltr'>ego</span> 
     </span>
    </p>
   </div>
   <div class='ocr_carea' id='block_1_7' title="bbox 447 1840 1269 1851">
    <p class='ocr_par' dir='ltr' id='par_1_8' title="bbox 447 1840 1269 1851">
     <span class='ocr_line' id='line_1_31' title="bbox 447 1840 1269 1851; baseline 0 0"><span class='ocrx_word' id='word_1_249' title='bbox 447 1840 1269 1851; x_wconf 95' lang='lat' dir='ltr'> </span> 
     </span>
    </p>
   </div>
   <div class='ocr_carea' id='block_1_8' title="bbox 1409 1847 1569 1852">
    <p class='ocr_par' dir='ltr' id='par_1_9' title="bbox 1409 1847 1569 1852">
     <span class='ocr_line' id='line_1_32' title="bbox 1409 1847 1569 1852; baseline 0 0"><span class='ocrx_word' id='word_1_250' title='bbox 1409 1847 1569 1852; x_wconf 95' lang='lat' dir='ltr'> </span> 
     </span>
    </p>
   </div>
   <div class='ocr_carea' id='block_1_9' title="bbox 65 1872 1562 2019">
    <p class='ocr_par' dir='ltr' id='par_1_10' title="bbox 65 1872 1562 2019">
     <span class='ocr_line' id='line_1_33' title="bbox 68 1872 1561 1919; baseline 0.002 -11"><span class='ocrx_word' id='word_1_251' title='bbox 68 1877 166 1911; x_wconf 77' lang='lat' dir='ltr'>Quae</span> <span class='ocrx_word' id='word_1_252' title='bbox 198 1875 355 1908; x_wconf 85' lang='lat' dir='ltr'>bezieht</span> <span class='ocrx_word' id='word_1_253' title='bbox 394 1873 479 1907; x_wconf 87' lang='lat' dir='ltr'>sich</span> <span class='ocrx_word' id='word_1_254' title='bbox 505 1872 575 1906; x_wconf 88' lang='lat' dir='ltr'>auf</span> <span class='ocrx_word' id='word_1_255' title='bbox 610 1872 672 1905; x_wconf 84' lang='lat' dir='ltr'>die</span> <span class='ocrx_word' id='word_1_256' title='bbox 698 1873 941 1919; x_wconf 74' lang='lat' dir='ltr'>Beliandlung</span> <span class='ocrx_word' id='word_1_257' title='bbox 976 1873 1093 1907; x_wconf 85' lang='lat' dir='ltr'>seines</span> <span class='ocrx_word' id='word_1_258' title='bbox 1118 1874 1298 1911; x_wconf 86' lang='lat' dir='ltr'>Bruders.</span> <span class='ocrx_word' id='word_1_259' title='bbox 1327 1895 1369 1900; x_wconf 87' lang='lat'><strong>—</strong></span> <span class='ocrx_word' id='word_1_260' title='bbox 1420 1878 1561 1915; x_wconf 75' lang='lat' dir='ltr'>mobili.</span> 
     </span>
     <span class='ocr_line' id='line_1_34' title="bbox 65 1920 1560 1966; baseline 0.001 -9"><span class='ocrx_word' id='word_1_261' title='bbox 65 1923 186 1958; x_wconf 82' lang='lat' dir='ltr'>leicht</span> <span class='ocrx_word' id='word_1_262' title='bbox 202 1922 451 1964; x_wconf 84' lang='lat' dir='ltr'>aufzureizen,</span> <span class='ocrx_word' id='word_1_263' title='bbox 480 1920 706 1963; x_wconf 82' lang='lat' dir='ltr'>wandelbar,</span> <span class='ocrx_word' id='word_1_264' title='bbox 725 1922 997 1955; x_wconf 66' lang='lat' dir='ltr'>ver&#39;zinderlich.</span> <span class='ocrx_word' id='word_1_265' title='bbox 1026 1942 1068 1948; x_wconf 87' lang='lat'>-—</span> <span class='ocrx_word' id='word_1_266' title='bbox 1095 1924 1305 1966; x_wconf 77' lang='lat' dir='ltr'>sperabam,</span> <span class='ocrx_word' id='word_1_267' title='bbox 1334 1927 1560 1964; x_wconf 80' lang='lat' dir='ltr'>metuebam,</span> 
     </span>
     <span class='ocr_line' id='line_1_35' title="bbox 65 1970 1562 2019; baseline 0.001 -13"><span class='ocrx_word' id='word_1_268' title='bbox 65 1974 138 2006; x_wconf 90' lang='lat' dir='ltr'>wie</span> <span class='ocrx_word' id='word_1_269' title='bbox 163 1971 378 2012; x_wconf 71' lang='grc' dir='ltr'><em>ἐλπίζεσθαι</em></span> <span class='ocrx_word' id='word_1_270' title='bbox 402 1982 473 2005; x_wconf 85' lang='lat' dir='ltr'>von</span> <span class='ocrx_word' id='word_1_271' title='bbox 500 1976 613 2015; x_wconf 87' lang='lat' dir='ltr'>guter</span> <span class='ocrx_word' id='word_1_272' title='bbox 636 1970 713 2002; x_wconf 89' lang='lat' dir='ltr'>und</span> <span class='ocrx_word' id='word_1_273' title='bbox 738 1971 845 2003; x_wconf 79' lang='lat' dir='ltr'>b&#39;oser</span> <span class='ocrx_word' id='word_1_274' title='bbox 869 1971 1097 2014; x_wconf 79' lang='lat' dir='ltr'>Erwartung</span> <span class='ocrx_word' id='word_1_275' title='bbox 1130 1972 1193 2005; x_wconf 82' lang='lat' dir='ltr'>fiir</span> <span class='ocrx_word' id='word_1_276' title='bbox 1219 1972 1280 2005; x_wconf 89' lang='lat' dir='ltr'>die</span> <span class='ocrx_word' id='word_1_277' title='bbox 1307 1974 1472 2007; x_wconf 86' lang='lat' dir='ltr'>Zukunft</span> <span class='ocrx_word' id='word_1_278' title='bbox 1497 1985 1562 2019; x_wconf 83' lang='lat' dir='ltr'>ge-</span> 
     </span>
    </p>
   </div>
   <div class='ocr_carea' id='block_1_10' title="bbox 64 2018 1563 2103">
    <p class='ocr_par' dir='ltr' id='par_1_11' title="bbox 64 2018 1563 2103">
     <span class='ocr_line' id='line_1_36' title="bbox 64 2018 1563 2060; baseline 0.001 -5"><span class='ocrx_word' id='word_1_279' title='bbox 64 2022 226 2055; x_wconf 84' lang='lat' dir='ltr'>braucht</span> <span class='ocrx_word' id='word_1_280' title='bbox 250 2020 359 2054; x_wconf 86' lang='lat' dir='ltr'>wird.</span> <span class='ocrx_word' id='word_1_281' title='bbox 388 2038 429 2044; x_wconf 93' lang='lat'><strong>—</strong></span> <span class='ocrx_word' id='word_1_282' title='bbox 459 2029 494 2060; x_wconf 79' lang='lat' dir='ltr'>a,</span> <span class='ocrx_word' id='word_1_283' title='bbox 521 2018 602 2051; x_wconf 86' lang='lat' dir='ltr'>edd.</span> <span class='ocrx_word' id='word_1_284' title='bbox 629 2019 728 2052; x_wconf 86' lang='lat' dir='ltr'>Vict.</span> <span class='ocrx_word' id='word_1_285' title='bbox 758 2021 790 2052; x_wconf 91' lang='lat'>1.</span> <span class='ocrx_word' id='word_1_286' title='bbox 817 2020 849 2054; x_wconf 88' lang='lat'>2.</span> <span class='ocrx_word' id='word_1_287' title='bbox 876 2020 931 2054; x_wconf 79' lang='lat' dir='ltr'>ab.</span> <span class='ocrx_word' id='word_1_288' title='bbox 980 2021 1039 2052; x_wconf 92' lang='lat' dir='ltr'>De</span> <span class='ocrx_word' id='word_1_289' title='bbox 1057 2020 1232 2055; x_wconf 87' lang='lat' dir='ltr'>Mediceo</span> <span class='ocrx_word' id='word_1_290' title='bbox 1257 2033 1331 2054; x_wconf 82' lang='lat' dir='ltr'>non</span> <span class='ocrx_word' id='word_1_291' title='bbox 1359 2024 1446 2056; x_wconf 74' lang='lat' dir='ltr'>satis</span> <span class='ocrx_word' id='word_1_292' title='bbox 1472 2035 1563 2056; x_wconf 87' lang='lat' dir='ltr'>con·</span> 
     </span>
     <span class='ocr_line' id='line_1_37' title="bbox 67 2068 404 2103; baseline -0.003 0"><span class='ocrx_word' id='word_1_293' title='bbox 67 2076 152 2103; x_wconf 88' lang='lat' dir='ltr'>stat.</span> <span class='ocrx_word' id='word_1_294' title='bbox 205 2068 404 2103; x_wconf 83' lang='lat' dir='ltr'><strong><em>ORELLl.</em></strong></span> 
     </span>
    </p>
   </div>
   <div class='ocr_carea' id='block_1_11' title="bbox 68 2140 1569 2819">
    <p class='ocr_par' dir='ltr' id='par_1_12' title="bbox 68 2140 1569 2819">
     <span class='ocr_line' id='line_1_38' title="bbox 168 2140 1563 2188; baseline -0.001 -8"><span class='ocrx_word' id='word_1_295' title='bbox 168 2149 198 2180; x_wconf 92' lang='lat'>1.</span> <span class='ocrx_word' id='word_1_296' title='bbox 238 2144 355 2178; x_wconf 78' lang='lat' dir='ltr'>scrib.</span> <span class='ocrx_word' id='word_1_297' title='bbox 391 2143 441 2175; x_wconf 82' lang='lat' dir='ltr'>ad</span> <span class='ocrx_word' id='word_1_298' title='bbox 469 2153 536 2175; x_wconf 81' lang='lat' dir='ltr'>me.</span> <span class='ocrx_word' id='word_1_299' title='bbox 587 2141 666 2175; x_wconf 83' lang='lat' dir='ltr'>Auf</span> <span class='ocrx_word' id='word_1_300' title='bbox 696 2140 758 2174; x_wconf 89' lang='lat' dir='ltr'>die</span> <span class='ocrx_word' id='word_1_301' title='bbox 791 2142 922 2188; x_wconf 83' lang='lat' dir='ltr'>vorige</span> <span class='ocrx_word' id='word_1_302' title='bbox 955 2144 1076 2178; x_wconf 86' lang='lat' dir='ltr'>kleine</span> <span class='ocrx_word' id='word_1_303' title='bbox 1112 2145 1304 2180; x_wconf 83' lang='lat' dir='ltr'>Zuschrift</span> <span class='ocrx_word' id='word_1_304' title='bbox 1341 2146 1426 2179; x_wconf 88' lang='lat' dir='ltr'>eine</span> <span class='ocrx_word' id='word_1_305' title='bbox 1451 2147 1563 2180; x_wconf 82' lang='lat' dir='ltr'>weit-</span> 
     </span>
     <span class='ocr_line' id='line_1_39' title="bbox 68 2191 1563 2239; baseline -0.001 -11"><span class='ocrx_word' id='word_1_306' title='bbox 68 2195 205 2239; x_wconf 58' lang='lat' dir='ltr'>Itiufige</span> <span class='ocrx_word' id='word_1_307' title='bbox 240 2192 429 2226; x_wconf 87' lang='lat' dir='ltr'>Antwort!</span> <span class='ocrx_word' id='word_1_308' title='bbox 484 2191 618 2223; x_wconf 84' lang='lat' dir='ltr'>Cicero</span> <span class='ocrx_word' id='word_1_309' title='bbox 652 2191 778 2227; x_wconf 66' lang='lat' dir='ltr'>wollte</span> <span class='ocrx_word' id='word_1_310' title='bbox 811 2191 884 2224; x_wconf 90' lang='lat' dir='ltr'>den</span> <span class='ocrx_word' id='word_1_311' title='bbox 926 2194 1067 2235; x_wconf 78' lang='lat' dir='ltr'>Mami,</span> <span class='ocrx_word' id='word_1_312' title='bbox 1118 2194 1187 2227; x_wconf 80' lang='lat' dir='ltr'>der</span> <span class='ocrx_word' id='word_1_313' title='bbox 1220 2206 1260 2228; x_wconf 89' lang='lat' dir='ltr'>so</span> <span class='ocrx_word' id='word_1_314' title='bbox 1295 2194 1366 2228; x_wconf 84' lang='lat' dir='ltr'>viel</span> <span class='ocrx_word' id='word_1_315' title='bbox 1399 2195 1460 2228; x_wconf 87' lang='lat' dir='ltr'>bei</span> <span class='ocrx_word' id='word_1_316' title='bbox 1497 2195 1563 2227; x_wconf 68' lang='lat' dir='ltr'>der</span> 
     </span>
     <span class='ocr_line' id='line_1_40' title="bbox 69 2238 1562 2288; baseline -0.003 -12"><span class='ocrx_word' id='word_1_317' title='bbox 69 2244 205 2280; x_wconf 61' lang='lat' dir='ltr'>Partei3</span> <span class='ocrx_word' id='word_1_318' title='bbox 220 2242 282 2275; x_wconf 87' lang='lat' dir='ltr'>des</span> <span class='ocrx_word' id='word_1_319' title='bbox 308 2244 437 2275; x_wconf 86' lang='lat' dir='ltr'>Senats</span> <span class='ocrx_word' id='word_1_320' title='bbox 464 2239 675 2277; x_wconf 85' lang='lat' dir='ltr'>bedeutete‚</span> <span class='ocrx_word' id='word_1_321' title='bbox 701 2238 881 2281; x_wconf 79' lang='lat' dir='ltr'>schonen,</span> <span class='ocrx_word' id='word_1_322' title='bbox 909 2241 1149 2286; x_wconf 70' lang='lat' dir='ltr'>besanftigcn</span> <span class='ocrx_word' id='word_1_323' title='bbox 1175 2243 1249 2276; x_wconf 84' lang='lat' dir='ltr'>und</span> <span class='ocrx_word' id='word_1_324' title='bbox 1277 2243 1341 2276; x_wconf 84' lang='lat' dir='ltr'>das</span> <span class='ocrx_word' id='word_1_325' title='bbox 1363 2250 1452 2288; x_wconf 87' lang='lat' dir='ltr'>gute</span> <span class='ocrx_word' id='word_1_326' title='bbox 1470 2243 1562 2275; x_wconf 70' lang='lat' dir='ltr'>Ver-</span> 
     </span>
     <span class='ocr_line' id='line_1_41' title="bbox 70 2288 1562 2337; baseline 0 -13"><span class='ocrx_word' id='word_1_327' title='bbox 70 2291 230 2325; x_wconf 77' lang='lat' dir='ltr'>ha&#39;ltniss</span> <span class='ocrx_word' id='word_1_328' title='bbox 265 2302 308 2323; x_wconf 89' lang='lat' dir='ltr'>zu</span> <span class='ocrx_word' id='word_1_329' title='bbox 341 2290 422 2323; x_wconf 87' lang='lat' dir='ltr'>ihm</span> <span class='ocrx_word' id='word_1_330' title='bbox 457 2288 571 2321; x_wconf 83' lang='lat' dir='ltr'>selbst</span> <span class='ocrx_word' id='word_1_331' title='bbox 606 2288 677 2321; x_wconf 86' lang='lat' dir='ltr'>mit</span> <span class='ocrx_word' id='word_1_332' title='bbox 700 2288 963 2334; x_wconf 83' lang='lat' dir='ltr'>Aufopferung</span> <span class='ocrx_word' id='word_1_333' title='bbox 995 2291 1099 2323; x_wconf 89' lang='lat' dir='ltr'>einer</span> <span class='ocrx_word' id='word_1_334' title='bbox 1124 2291 1340 2336; x_wconf 81' lang='lat' dir='ltr'>unzeitigen</span> <span class='ocrx_word' id='word_1_335' title='bbox 1366 2292 1562 2337; x_wconf 82' lang='lat' dir='ltr'>Empfind-</span> 
     </span>
     <span class='ocr_line' id='line_1_42' title="bbox 68 2336 1563 2373; baseline -0.001 -1"><span class='ocrx_word' id='word_1_336' title='bbox 68 2339 230 2373; x_wconf 86' lang='lat' dir='ltr'>lichkeit</span> <span class='ocrx_word' id='word_1_337' title='bbox 260 2339 408 2372; x_wconf 88' lang='lat' dir='ltr'>sehnell</span> <span class='ocrx_word' id='word_1_338' title='bbox 442 2336 578 2370; x_wconf 86' lang='lat' dir='ltr'>wieder</span> <span class='ocrx_word' id='word_1_339' title='bbox 616 2336 830 2370; x_wconf 79' lang='lat' dir='ltr'>lierstellen.</span> <span class='ocrx_word' id='word_1_340' title='bbox 891 2339 968 2371; x_wconf 82' lang='lat' dir='ltr'>Mit</span> <span class='ocrx_word' id='word_1_341' title='bbox 1006 2340 1124 2372; x_wconf 87' lang='lat' dir='ltr'>vieler</span> <span class='ocrx_word' id='word_1_342' title='bbox 1163 2340 1335 2373; x_wconf 86' lang='lat' dir='ltr'>Feinheit</span> <span class='ocrx_word' id='word_1_343' title='bbox 1379 2341 1452 2373; x_wconf 83' lang='lat' dir='ltr'>und</span> <span class='ocrx_word' id='word_1_344' title='bbox 1489 2340 1563 2372; x_wconf 89' lang='lat' dir='ltr'>Ge-</span> 
     </span>
     <span class='ocr_line' id='line_1_43' title="bbox 70 2384 1563 2429; baseline 0 -8"><span class='ocrx_word' id='word_1_345' title='bbox 70 2387 283 2422; x_wconf 81' lang='lat' dir='ltr'>wandtheit</span> <span class='ocrx_word' id='word_1_346' title='bbox 308 2388 381 2420; x_wconf 86' lang='lat' dir='ltr'>und</span> <span class='ocrx_word' id='word_1_347' title='bbox 406 2386 623 2429; x_wconf 81' lang='lat' dir='ltr'>Schonung,</span> <span class='ocrx_word' id='word_1_348' title='bbox 649 2385 740 2420; x_wconf 84' lang='lat' dir='ltr'>aber</span> <span class='ocrx_word' id='word_1_349' title='bbox 766 2384 862 2418; x_wconf 86' lang='lat' dir='ltr'>auch</span> <span class='ocrx_word' id='word_1_350' title='bbox 889 2388 959 2420; x_wconf 90' lang='lat' dir='ltr'>mit</span> <span class='ocrx_word' id='word_1_351' title='bbox 984 2387 1153 2421; x_wconf 77' lang='lat' dir='ltr'>Austand</span> <span class='ocrx_word' id='word_1_352' title='bbox 1179 2387 1285 2421; x_wconf 84' lang='lat' dir='ltr'>lehnt</span> <span class='ocrx_word' id='word_1_353' title='bbox 1311 2400 1351 2422; x_wconf 84' lang='lat' dir='ltr'>er</span> <span class='ocrx_word' id='word_1_354' title='bbox 1378 2389 1437 2421; x_wconf 85' lang='lat' dir='ltr'>die</span> <span class='ocrx_word' id='word_1_355' title='bbox 1464 2390 1563 2421; x_wconf 78' lang='lat' dir='ltr'>Vor-</span> 
     </span>
     <span class='ocr_line' id='line_1_44' title="bbox 71 2433 1567 2478; baseline 0 -10"><span class='ocrx_word' id='word_1_356' title='bbox 71 2437 193 2469; x_wconf 78' lang='lat' dir='ltr'>wiirfe</span> <span class='ocrx_word' id='word_1_357' title='bbox 226 2448 296 2469; x_wconf 86' lang='lat' dir='ltr'>von</span> <span class='ocrx_word' id='word_1_358' title='bbox 330 2435 412 2468; x_wconf 88' lang='lat' dir='ltr'>sich</span> <span class='ocrx_word' id='word_1_359' title='bbox 446 2435 519 2477; x_wconf 85' lang='lat' dir='ltr'>ab,</span> <span class='ocrx_word' id='word_1_360' title='bbox 554 2433 684 2476; x_wconf 83' lang='lat' dir='ltr'>nicht,</span> <span class='ocrx_word' id='word_1_361' title='bbox 728 2446 791 2467; x_wconf 87' lang='lat' dir='ltr'>um</span> <span class='ocrx_word' id='word_1_362' title='bbox 817 2435 992 2468; x_wconf 80' lang='lat' dir='ltr'>Metellus</span> <span class='ocrx_word' id='word_1_363' title='bbox 1019 2448 1064 2469; x_wconf 89' lang='lat' dir='ltr'>zu</span> <span class='ocrx_word' id='word_1_364' title='bbox 1091 2437 1278 2478; x_wconf 61' lang='lat' dir='ltr'>kra&#39;nkem</span> <span class='ocrx_word' id='word_1_365' title='bbox 1318 2437 1476 2469; x_wconf 71' lang='lat' dir='ltr'>sunder„</span> <span class='ocrx_word' id='word_1_366' title='bbox 1504 2447 1567 2469; x_wconf 75' lang='lat' dir='ltr'>uni</span> 
     </span>
     <span class='ocr_line' id='line_1_45' title="bbox 70 2482 1567 2529; baseline -0.001 -11"><span class='ocrx_word' id='word_1_367' title='bbox 70 2485 135 2517; x_wconf 85' lang='lat' dir='ltr'>ihn</span> <span class='ocrx_word' id='word_1_368' title='bbox 161 2485 290 2518; x_wconf 82' lang='lat' dir='ltr'>fiihlen</span> <span class='ocrx_word' id='word_1_369' title='bbox 318 2496 361 2517; x_wconf 87' lang='lat' dir='ltr'>zu</span> <span class='ocrx_word' id='word_1_370' title='bbox 387 2484 523 2526; x_wconf 61' lang='lat' dir='ltr'>nissen,</span> <span class='ocrx_word' id='word_1_371' title='bbox 551 2482 631 2514; x_wconf 77' lang='lat' dir='ltr'>dass</span> <span class='ocrx_word' id='word_1_372' title='bbox 659 2494 698 2515; x_wconf 85' lang='lat' dir='ltr'>er</span> <span class='ocrx_word' id='word_1_373' title='bbox 724 2483 837 2516; x_wconf 82' lang='lat' dir='ltr'>tlieils</span> <span class='ocrx_word' id='word_1_374' title='bbox 864 2494 937 2516; x_wconf 87' lang='lat' dir='ltr'>von</span> <span class='ocrx_word' id='word_1_375' title='bbox 965 2484 1182 2529; x_wconf 85' lang='lat' dir='ltr'>einseitigen</span> <span class='ocrx_word' id='word_1_376' title='bbox 1203 2485 1423 2523; x_wconf 83' lang='lat' dir='ltr'>Berichten‚</span> <span class='ocrx_word' id='word_1_377' title='bbox 1441 2485 1567 2523; x_wconf 49' lang='lat' dir='ltr'>‚theiis</span> 
     </span>
     <span class='ocr_line' id='line_1_46' title="bbox 70 2531 1566 2575; baseline -0.002 -8"><span class='ocrx_word' id='word_1_378' title='bbox 70 2544 143 2567; x_wconf 85' lang='lat' dir='ltr'>von</span> <span class='ocrx_word' id='word_1_379' title='bbox 185 2534 269 2567; x_wconf 83' lang='lat' dir='ltr'>dem</span> <span class='ocrx_word' id='word_1_380' title='bbox 303 2532 491 2566; x_wconf 74' lang='lat' dir='ltr'>loblichen</span> <span class='ocrx_word' id='word_1_381' title='bbox 525 2531 649 2563; x_wconf 82' lang='lat' dir='ltr'>Affect</span> <span class='ocrx_word' id='word_1_382' title='bbox 675 2531 933 2564; x_wconf 83' lang='lat' dir='ltr'>briiderlicher</span> <span class='ocrx_word' id='word_1_383' title='bbox 959 2533 1075 2566; x_wconf 84' lang='lat' dir='ltr'>Liebe</span> <span class='ocrx_word' id='word_1_384' title='bbox 1100 2533 1268 2567; x_wconf 87' lang='lat' dir='ltr'>verleitet</span> <span class='ocrx_word' id='word_1_385' title='bbox 1294 2534 1365 2575; x_wconf 86' lang='lat' dir='ltr'>sei,</span> <span class='ocrx_word' id='word_1_386' title='bbox 1402 2533 1472 2565; x_wconf 85' lang='lat' dir='ltr'>den</span> <span class='ocrx_word' id='word_1_387' title='bbox 1499 2534 1566 2565; x_wconf 85' lang='lat' dir='ltr'>be-</span> 
     </span>
     <span class='ocr_line' id='line_1_47' title="bbox 71 2579 1567 2625; baseline -0.001 -11"><span class='ocrx_word' id='word_1_388' title='bbox 71 2582 239 2614; x_wconf 59' lang='lat' dir='ltr'>walirten</span> <span class='ocrx_word' id='word_1_389' title='bbox 267 2582 413 2614; x_wconf 79' lang='lat' dir='ltr'>Freund</span> <span class='ocrx_word' id='word_1_390' title='bbox 441 2583 588 2620; x_wconf 88' lang='lat' dir='ltr'>Cicero,</span> <span class='ocrx_word' id='word_1_391' title='bbox 616 2579 682 2611; x_wconf 87' lang='lat' dir='ltr'>der</span> <span class='ocrx_word' id='word_1_392' title='bbox 709 2580 862 2624; x_wconf 86' lang='lat' dir='ltr'>gleiche</span> <span class='ocrx_word' id='word_1_393' title='bbox 889 2581 1093 2625; x_wconf 86' lang='lat' dir='ltr'>politische</span> <span class='ocrx_word' id='word_1_394' title='bbox 1120 2581 1354 2615; x_wconf 68' lang='lat' dir='ltr'>Gnunds&#39;zitze</span> <span class='ocrx_word' id='word_1_395' title='bbox 1383 2582 1452 2613; x_wconf 88' lang='lat' dir='ltr'>mit</span> <span class='ocrx_word' id='word_1_396' title='bbox 1483 2581 1567 2614; x_wconf 80' lang='lat' dir='ltr'>ihm</span> 
     </span>
     <span class='ocr_line' id='line_1_48' title="bbox 73 2627 1569 2675; baseline 0 -13"><span class='ocrx_word' id='word_1_397' title='bbox 73 2630 190 2675; x_wconf 83' lang='lat' dir='ltr'>hege,</span> <span class='ocrx_word' id='word_1_398' title='bbox 233 2631 303 2662; x_wconf 87' lang='lat' dir='ltr'>auf</span> <span class='ocrx_word' id='word_1_399' title='bbox 333 2629 456 2673; x_wconf 87' lang='lat' dir='ltr'>einige</span> <span class='ocrx_word' id='word_1_400' title='bbox 484 2627 737 2671; x_wconf 78' lang='lat' dir='ltr'>Angenblicke</span> <span class='ocrx_word' id='word_1_401' title='bbox 771 2640 815 2661; x_wconf 90' lang='lat' dir='ltr'>zu</span> <span class='ocrx_word' id='word_1_402' title='bbox 842 2629 1064 2663; x_wconf 86' lang='lat' dir='ltr'>verkennen.</span> <span class='ocrx_word' id='word_1_403' title='bbox 1099 2648 1145 2656; x_wconf 91' lang='lat'><em>-</em></span> <span class='ocrx_word' id='word_1_404' title='bbox 1180 2629 1292 2664; x_wconf 76' lang='lat' dir='ltr'>Quod.</span> <span class='ocrx_word' id='word_1_405' title='bbox 1333 2630 1478 2663; x_wconf 78' lang='lat' dir='ltr'>cuiusm.</span> <span class='ocrx_word' id='word_1_406' title='bbox 1506 2629 1569 2670; x_wconf 73' lang='lat' dir='ltr'>sit,</span> 
     </span>
     <span class='ocr_line' id='line_1_49' title="bbox 73 2676 1569 2722; baseline 0.001 -13"><span class='ocrx_word' id='word_1_407' title='bbox 73 2679 164 2711; x_wconf 87' lang='lat' dir='ltr'>Was</span> <span class='ocrx_word' id='word_1_408' title='bbox 192 2679 253 2711; x_wconf 90' lang='lat' dir='ltr'>Du</span> <span class='ocrx_word' id='word_1_409' title='bbox 279 2678 481 2720; x_wconf 84' lang='lat' dir='ltr'>eigeutlich</span> <span class='ocrx_word' id='word_1_410' title='bbox 509 2676 627 2710; x_wconf 85' lang='lat' dir='ltr'>damit</span> <span class='ocrx_word' id='word_1_411' title='bbox 654 2677 802 2709; x_wconf 86' lang='lat' dir='ltr'>meinst.</span> <span class='ocrx_word' id='word_1_412' title='bbox 831 2695 878 2703; x_wconf 88' lang='lat'>-</span> <span class='ocrx_word' id='word_1_413' title='bbox 912 2689 1016 2722; x_wconf 83' lang='lat' dir='ltr'>prop.</span> <span class='ocrx_word' id='word_1_414' title='bbox 1051 2682 1153 2719; x_wconf 79' lang='lat' dir='ltr'>tuos,</span> <span class='ocrx_word' id='word_1_415' title='bbox 1186 2678 1344 2711; x_wconf 80' lang='lat' dir='ltr'>fratrem</span> <span class='ocrx_word' id='word_1_416' title='bbox 1372 2678 1569 2710; x_wconf 82' lang='lat' dir='ltr'>Metellum</span> 
     </span>
     <span class='ocr_line' id='line_1_50' title="bbox 76 2721 1565 2771; baseline -0.001 -11"><span class='ocrx_word' id='word_1_417' title='bbox 76 2727 278 2771; x_wconf 82' lang='lat' dir='ltr'>Nepotem,</span> <span class='ocrx_word' id='word_1_418' title='bbox 305 2727 431 2759; x_wconf 81' lang='lat' dir='ltr'>forsan</span> <span class='ocrx_word' id='word_1_419' title='bbox 459 2733 495 2758; x_wconf 86' lang='lat' dir='ltr'>et</span> <span class='ocrx_word' id='word_1_420' title='bbox 524 2724 707 2766; x_wconf 86' lang='lat' dir='ltr'>Clodium,</span> <span class='ocrx_word' id='word_1_421' title='bbox 735 2725 864 2758; x_wconf 80' lang='lat' dir='ltr'>uxoris</span> <span class='ocrx_word' id='word_1_422' title='bbox 888 2727 1041 2759; x_wconf 85' lang='lat' dir='ltr'>Metelli</span> <span class='ocrx_word' id='word_1_423' title='bbox 1067 2727 1238 2760; x_wconf 80' lang='lat' dir='ltr'>fratrem.</span> <span class='ocrx_word' id='word_1_424' title='bbox 1288 2721 1505 2760; x_wconf 80' lang='lat' dir='ltr'><strong><em>SCHUTZ.</em></strong></span> <span class='ocrx_word' id='word_1_425' title='bbox 1523 2743 1565 2750; x_wconf 91' lang='lat'>--</span> 
     </span>
     <span class='ocr_line' id='line_1_51' title="bbox 78 2773 1568 2819; baseline -0.001 -13"><span class='ocrx_word' id='word_1_426' title='bbox 78 2784 155 2807; x_wconf 80' lang='lat' dir='ltr'>esse</span> <span class='ocrx_word' id='word_1_427' title='bbox 180 2774 344 2807; x_wconf 72' lang='lat' dir='ltr'>dicenda.</span> <span class='ocrx_word' id='word_1_428' title='bbox 388 2773 735 2819; x_wconf 76' lang='lat' dir='ltr'>Martyni-Laguna</span> <span class='ocrx_word' id='word_1_429' title='bbox 761 2774 850 2818; x_wconf 64' lang='lat' dir='ltr'>tilgt</span> <span class='ocrx_word' id='word_1_430' title='bbox 872 2773 940 2807; x_wconf 85' lang='lat' dir='ltr'>den</span> <span class='ocrx_word' id='word_1_431' title='bbox 959 2774 1106 2810; x_wconf 79' lang='lat' dir='ltr'>Infinit.</span> <span class='ocrx_word' id='word_1_432' title='bbox 1134 2790 1175 2799; x_wconf 83' lang='lat'>-—</span> <span class='ocrx_word' id='word_1_433' title='bbox 1206 2774 1245 2807; x_wconf 82' lang='lat' dir='ltr'>in</span> <span class='ocrx_word' id='word_1_434' title='bbox 1272 2775 1328 2807; x_wconf 80' lang='lat' dir='ltr'>rei</span> <span class='ocrx_word' id='word_1_435' title='bbox 1341 2775 1482 2817; x_wconf 74' lang='lat' dir='ltr'>publ.s.</span> <span class='ocrx_word' id='word_1_436' title='bbox 1509 2784 1568 2806; x_wconf 76' lang='lat' dir='ltr'>re-</span> 
     </span>
    </p>
   </div>
   <div class='ocr_carea' id='block_1_12' title="bbox 145 2830 1137 2880">
    <p class='ocr_par' dir='ltr' id='par_1_13' title="bbox 145 2830 1137 2880">
     <span class='ocr_line' id='line_1_52' title="bbox 145 2830 1137 2880; baseline -0.003 -1"><span class='ocrx_word' id='word_1_437' title='bbox 145 2854 195 2879; x_wconf 77' lang='lat' dir='ltr'>Cic</span> <span class='ocrx_word' id='word_1_438' title='bbox 223 2853 326 2880; x_wconf 71' lang='lat' dir='ltr'>Rriefe</span> <span class='ocrx_word' id='word_1_439' title='bbox 347 2862 372 2878; x_wconf 75' lang='lat' dir='ltr'>v.</span> <span class='ocrx_word' id='word_1_440' title='bbox 397 2853 521 2880; x_wconf 61' lang='lat' dir='ltr'>niuei-b.</span> <span class='ocrx_word' id='word_1_441' title='bbox 559 2855 581 2879; x_wconf 84' lang='lat'>1.</span> <span class='ocrx_word' id='word_1_442' title='bbox 1110 2830 1137 2869; x_wconf 83' lang='grc'>3</span> 
     </span>
    </p>
   </div>
  </div>
 </body>
</html>
