1742 3006
107 32 166 78 211
403 34 466 79 M.
498 37 555 79 T.
599 34 937 79 CICERONIS
968 37 1345 80 EPISTOLAE.

110 146 363 200 Septembri
408 148 546 202 legati
587 146 642 188 ad
674 148 911 200 Pisonem,
958 151 1005 188 ut
1043 147 1255 190 Ianuario
1297 152 1583 192 revertamur.

111 202 261 251 Quum
302 216 574 257 perspexero
616 205 869 246 voluntates
910 203 1151 256 nobilium,
1200 204 1393 244 scribam
1431 205 1489 246 ad
1525 211 1585 247 te.

110 258 275 298 Cetera
313 271 442 313 spero
480 259 663 312 prolixa
692 273 804 312 esse,
835 260 905 301 his
935 259 1171 300 dumtaxat
1200 261 1379 300 urbanis
1410 273 1585 314 compe-

110 314 333 354 titoribus.
394 315 526 354 Illam
565 328 742 356 manum
782 320 829 356 tu
869 314 982 355 mihi
1013 328 1120 356 cura
1149 319 1197 355 ut:
1227 320 1449 369 praestes,
1479 330 1586 370 quo-

109 369 227 408 niam
259 370 441 423 propius
471 371 598 423 abes,
628 370 850 425 Pompeii,
879 371 1021 411 nostri
1061 372 1209 412 amici.
1270 371 1396 425 Nega
1435 385 1505 412 me
1543 372 1585 412 ei

111 426 273 464 iratum
303 424 416 476 sore,
445 427 483 465 si
515 426 570 467 ad
601 439 699 467 mea
729 426 913 468 comitia
942 440 1029 467 non
1058 428 1247 468 venerit.
1305 428 1453 480 Atque
1474 426 1588 468 haec

49 483 57 492 '
111 479 365 520 huiusmodi
397 486 512 522 sunt.
572 482 662 523 Sed
692 485 784 534 est,
815 481 935 536 quod
965 483 1042 522 abs
1072 488 1116 523 te
1146 481 1259 523 mihi
1290 484 1462 536 ignosci
1492 496 1588 537 per-

113 536 262 576 velim.
339 536 591 591 Caecilius,
641 539 888 578 avunculus
929 541 1052 589 tuus,
1102 552 1140 579 a.
1181 538 1236 578 P.
1271 539 1413 579 Vario
1453 552 1588 592 quum

111 666 316 713 gottheiten
344 666 442 700 nach
468 668 571 701 einer
596 669 758 703 Provinz
785 669 956 703 reiseten.
997 667 1058 702 Sie
1084 667 1267 703 erhielten
1295 669 1461 704 daclurch
1480 669 1591 703 mehr

111 714 298 748 Anseben.
320 714 359 750 S.
382 715 557 750 pandect.
578 719 610 758 1,
630 720 663 758 7,
687 718 741 752 14.
764 718 810 750 ad
824 718 938 751 Attio.
953 714 1032 758 XV,
1055 719 1109 750 ll.
1135 724 1225 750 extr.
1253 718 1299 750 ad
1325 719 1469 751 Divers.
1503 718 1590 759 XII,

111 765 169 797 21.
199 782 241 787 —
270 764 311 797 C.
342 764 586 809 Calpurnium
613 765 793 807 Pisonem,
808 766 893 799 dem
920 764 1161 812 damahligen
1190 766 1389 800 Proconsul
1415 767 1466 799 im
1493 766 1591 798 Nar-

114 809 385 843 bonensischen
412 812 576 855 Gallien,
602 812 786 847 nachdein
813 825 853 846 er
878 814 969 847 zwei
1001 812 1111 846 Iahre
1137 812 1278 846 vorlier
1305 815 1442 849 Consul
1468 824 1594 860 gewe-

111 870 175 892 sen
201 871 292 895 war,
326 878 369 883 —
402 860 568 903 prolixa,
617 867 686 908 gut
711 872 782 895 von
808 860 952 895 Statten
979 860 1141 908 gehend.
1171 861 1253 908 vgl.
1283 862 1383 897 Geli,
1418 862 1498 901 VII,
1531 863 1592 896 3.:

113 907 251 947 „rebus
292 908 464 941 secundis
514 916 624 952 atque
671 910 874 953 prolixis.“
916 929 959 934 —
1012 909 1086 941 urb.
1140 913 1288 952 compet.
1338 910 1366 945 i.
1406 921 1439 943 e.
1480 909 1592 943 modo

112 955 263 999 quidem
291 966 349 988 res
373 956 469 988 mihi
497 957 622 990 sutura
662 958 710 990 sit
742 963 886 991 tantum
914 968 999 990 cum
1026 957 1084 995 iis,
1137 957 1201 1000 qui
1235 968 1333 990 nunc
1357 963 1444 991 sunt
1469 958 1509 990 in
1530 969 1594 990 ur-

114 1004 179 1036 he:
207 1014 292 1036 nam
319 1004 349 1035 si
375 1004 415 1036 in
442 1004 571 1037 urbem
597 1004 778 1038 redierint
803 1005 912 1039 multi
929 1005 1094 1046 nobiles,
1122 1005 1188 1048 qui
1203 1005 1350 1047 absunt,
1377 1016 1524 1044 vereor,
1549 1015 1596 1038 ne

114 1062 246 1095 parum
274 1051 406 1085 firmus
421 1053 570 1086 futurus
595 1053 665 1086 sim
693 1053 922 1087 candidatus.
943 1052 1203 1087 GASAUB.—
1221 1053 1326 1086 illam
1350 1064 1494 1087 manum
1509 1051 1547 1085 h.
1565 1063 1595 1085 e.

115 1109 189 1137 eos,
216 1100 281 1142 qui
310 1099 527 1144 Pompeium
553 1101 598 1134 ad
626 1102 767 1134 bellum
794 1101 1099 1135 Mithridaticum
1127 1101 1242 1134 secuti
1268 1107 1387 1143 erant,
1424 1100 1598 1135 homines

115 1146 260 1179 nobiles
286 1153 323 1180 et
351 1148 519 1193 Pompeii
544 1149 765 1183 auctoritate
792 1150 921 1183 fultos.
954 1142 1172 1183 SCHU'TZ.
1194 1168 1238 1174 —
1264 1160 1351 1182 cura
1367 1153 1405 1182 nt
1429 1152 1599 1192 praestes

116 1195 142 1230 i.
171 1205 203 1227 e.
231 1195 293 1227 fac
319 1202 360 1229 ut
385 1196 479 1229 mihi
506 1207 635 1230 caveas
663 1197 806 1230 abistis
833 1197 1003 1242 Pompeii
1029 1197 1190 1236 asseclis,
1216 1208 1263 1229 ne
1289 1207 1351 1230 eos
1375 1196 1598 1241 competito-

115 1253 174 1275 res
200 1243 369 1278 habeam.
396 1244 594 1278 Praestare
618 1256 691 1278 non
719 1251 775 1278 est
800 1246 1009 1279 conciliare.
1051 1246 1137 1278 Non
1164 1245 1264 1278 enim
1292 1245 1426 1280 Cicero
1452 1245 1498 1277 ab
1522 1244 1599 1277 illis

114 1291 300 1338 suffragia
325 1293 488 1336 petebat.
516 1287 732 1326 SCHUTZ.
761 1293 973 1335 Praestare,
991 1294 1114 1325 wofiir
1130 1292 1272 1333 stehen‚
1299 1293 1503 1331 einstehen,
1530 1292 1600 1325 Be—

115 1338 268 1372 drohtes
293 1339 370 1371 und
397 1340 659 1374 Bedrohendes
684 1342 721 1373 in
747 1339 961 1374 Sicherheit
987 1341 1132 1379 stenen,
1158 1339 1600 1381 unsch'aidliclimachen3

116 1387 187 1420 wie
215 1387 258 1419 tle
284 1387 399 1434 Legg.
428 1391 462 1430 1,
489 1389 530 1422 4:
565 1388 621 1421 ius
655 1389 769 1423 civile
804 1394 1065 1429 exercuerunt,
1106 1388 1229 1431 quoad
1272 1389 1456 1433 populum
1488 1398 1600 1432 prae-

117 1439 216 1467 stare
243 1435 457 1469 voluerunt.
477 1436 587 1471 ovid.
617 1437 705 1469 Her.
732 1437 813 1476 XV,
849 1438 946 1472 213.:
980 1437 1109 1468 Venus
1137 1442 1218 1469 orta
1243 1438 1339 1470 mari
1364 1447 1468 1470 mare
1493 1446 1602 1481 prae-

118 1488 189 1516 stat
215 1484 365 1515 amanti.
393 1485 471 1528 vgl.
499 1485 567 1517 mit
582 1484 737 1521 Heroid.
765 1485 859 1524 XIX,
888 1484 1058 1520 160.Cic.
1085 1483 1145 1518 ad.
1173 1483 1212 1524 Q.
1227 1485 1394 1517 Fratrem
1422 1484 1453 1524 Ι,
1506 1487 1538 1524 l,
1567 1483 1601 1516 4.

119 1541 179 1563 eos
189 1531 324 1563 finibus
337 1531 394 1564 his
406 1532 619 1577 praestabis.
631 1552 675 1556 —
687 1533 769 1565 abes
783 1545 800 1565 a
818 1532 985 1577 Pompeii
997 1531 1137 1565 eastris.
1155 1550 1199 1556 --
1213 1532 1336 1573 amici,
1360 1533 1459 1575 quod
1469 1532 1601 1565 Mure—

119 1585 178 1611 tus
205 1579 355 1620 delevit,
383 1591 499 1623 quum
535 1580 693 1625 glossam
728 1586 888 1625 saperet.
930 1580 1012 1612 Sed.
1048 1579 1100 1614 cf.
1137 1579 1202 1612 lib.
1237 1580 1283 1613 ΙΙ.
1319 1591 1380 1624 ep.
1410 1581 1453 1613 13
1479 1582 1602 1611 noster

119 1626 256 1659 amicus
282 1627 457 1669 IVIagnus.
486 1628 680 1661 ORELLI.
708 1648 748 1652 —
778 1628 885 1670 Nega
918 1634 987 1660 etc.
1018 1628 1278 1660 Ciceronische
1313 1628 1379 1660 Art
1404 1639 1452 1660 zu
1478 1627 1603 1660 scher-

119 1686 202 1708 zen.
231 1692 274 1698 -—
300 1675 420 1718 Atque
444 1674 530 1708 haec
554 1682 626 1711 cet.
677 1677 724 1709 So
747 1676 822 1709 viel
848 1686 920 1708 von
947 1676 1072 1708 diesen
1098 1675 1285 1721 Dingenlu

216 1723 252 1758 3.
281 1722 354 1756 Sed
377 1727 441 1765 est,
468 1724 567 1766 quod.
622 1723 728 1757 Nach
756 1724 821 1756 der
847 1722 1140 1756 Schlusssormel
1166 1724 1232 1755 der
1257 1724 1465 1771 Ubergang
1491 1734 1537 1755 zu
1553 1722 1605 1755 ei-

121 1781 205 1803 nem
232 1771 373 1804 andern
402 1772 673 1815 Gegenstande.
702 1790 745 1795 —
774 1771 968 1811 Caecilius,
997 1770 1130 1804 Oheim
1158 1771 1220 1803 dos
1250 1771 1396 1804 Attikus
1411 1782 1486 1804 von
1505 1772 1606 1803 miit-

122 1817 304 1851 terlicher
327 1818 440 1862 Seite,
466 1820 527 1852 ein
556 1819 790 1859 Wucherer‚
840 1818 1000 1851 welcher
1027 1819 1096 1852 mit
1122 1819 1246 1851 seinen
1272 1821 1340 1853 aus
1364 1819 1480 1851 kurze
1505 1818 1608 1850 Frist

121 1865 414 1913 ausgeliehenen
456 1867 620 1901 Geldern
663 1868 713 1900 im
749 1866 1169 1900 verschwenderisohen
1204 1868 1297 1901 Rom
1339 1866 1422 1900 sich
1455 1866 1516 1898 ein
1542 1877 1607 1898 an-

122 1913 338 1947 sebnliches
364 1916 581 1961 Verm‘ogen
609 1914 1008 1948 zusammenscharrte.
1059 1915 1113 1947 Er
1140 1915 1293 1961 glaubte
1319 1915 1380 1947 ein
1406 1913 1527 1948 Recht
1544 1914 1611 1946 auf

124 1962 288 1996 Cicero's
314 1968 404 2010 gute
430 1964 583 1997 Dienste
611 1975 654 1995 zu
681 1964 813 2003 haben,
853 1963 896 1995 da
925 1963 1045 1995 dieser
1071 1964 1131 1994 ein
1157 1964 1307 1996 Freund
1332 1963 1450 1995 seines
1475 1960 1609 1994 Neffen

125 2021 221 2051 war3
248 2010 369 2043 dieser
395 2012 496 2047 aber,
523 2010 689 2044 welcher
716 2011 786 2044 den
814 2011 898 2043 ehe-
926 2010 1002 2042 und
1029 2010 1268 2043 kinderlosen
1296 2011 1413 2045 Onkel
1448 2009 1611 2042 dereinst

125 2069 169 2090 zu
197 2059 361 2092 beerben
388 2060 529 2092 strebte
556 2059 632 2091 und
653 2058 836 2092 wirklich
860 2059 1028 2099 beerbte,
1079 2058 1193 2102 hegte
1214 2060 1272 2092 die
1293 2060 1390 2091 feste
1404 2055 1610 2101 Hoffnung‚

125 2105 259 2139 Cicero
286 2107 413 2140 werde
446 2119 509 2140 aus
542 2107 819 2139 Freundschaft
850 2117 971 2153 gegen
1007 2106 1073 2138 ibn
1101 2107 1185 2139 dem
1215 2106 1338 2141 Oukel
1362 2107 1402 2139 in
1428 2105 1612 2152 n’o'thigen

124 2155 254 2187 Fiillen
282 2154 488 2188 beistehen.
516 2155 642 2188 Dalier
660 2154 830 2188 schreibt
857 2155 936 2187 sicli
963 2154 1026 2186 dns
1053 2154 1261 2201 storrige
1287 2155 1363 2187 und
1389 2154 1610 2198 unartige

125 2201 345 2236 Benehmen
372 2203 434 2236 des
462 2204 626 2237 Ckicilius
652 2214 774 2250 geg-en
801 2203 946 2242 Cicero,
982 2203 1035 2235 als
1062 2213 1103 2234 er
1129 2202 1210 2235 sich
1243 2203 1281 2235 in
1308 2203 1431 2236 seiner
1460 2201 1613 2234 Erwar—

126 2255 220 2294 tung
248 2251 443 2297 get'ziuscht
469 2251 577 2292 fand,
613 2251 688 2283 und
715 2251 775 2283 die
802 2249 1073 2294 Verlegenheit
1099 2250 1162 2283 des
1188 2251 1320 2283 Cicero
1347 2247 1429 2282 sich
1455 2249 1516 2282 bei
1541 2248 1613 2281 sei-

127 2308 215 2330 nem
226 2299 412 2339 Freunde,
431 2299 496 2332 der
513 2297 648 2332 iedoch
663 2298 913 2334 nachcornet.
924 2299 994 2331 den
1006 2296 1126 2332 Onkel
1137 2298 1288 2339 kannte,
1301 2296 1614 2344 wegenMangels

130 2357 176 2377 nn
204 2346 506 2393 Gesa’lligkeiten
532 2347 691 2388 (officia)
718 2360 763 2379 zu
790 2344 1092 2392 entschuldigen,
1118 2365 1162 2371 —
1188 2346 1452 2387 fraudaretur,
1503 2345 1542 2376 in
1569 2353 1612 2376 eo

130 2400 226 2426 esset
252 2401 293 2427 ut
319 2395 573 2430 fraudaretur.
601 2412 645 2418 —-
684 2395 727 2428 1’.
761 2394 917 2432 sarius,
969 2395 1045 2427 wol
1071 2394 1131 2426 ein
1157 2393 1395 2427 Wucberer.
1446 2391 1613 2426 Govean.

138 2441 171 2474 P.
208 2442 357 2476 Valerio
383 2455 479 2489 susp.
516 2453 562 2475 ex
593 2443 700 2479 Libr,
736 2443 771 2478 5
806 2444 874 2487 Ep.
910 2444 951 2476 21
985 2442 1085 2483 (250)
1118 2443 1300 2486 probante
1341 2440 1484 2481 Beiero,
1519 2439 1612 2473 Mos.

131 2487 203 2522 Sed
231 2490 317 2523 vide
345 2502 390 2523 ne
416 2501 434 2523 e
462 2492 650 2525 contrario
678 2491 759 2523 Lib.
795 2491 816 2523 5
849 2491 918 2534 Ep.
953 2491 1009 2523 21.
1037 2500 1082 2522 ex
1108 2488 1180 2522 hac
1215 2489 1374 2534 epistola
1409 2488 1455 2520 sit
1487 2496 1616 2520 emen-

132 2536 267 2572 danda.
286 2538 321 2572 P.
352 2540 490 2572 Varius
505 2545 558 2572 est
584 2539 693 2571 etiam
722 2539 759 2570 in
785 2538 994 2571 Miloniana
1015 2539 1042 2581 §.
1064 2538 1119 2571 74.
1150 2537 1346 2570 ORELLI.
1376 2535 1513 2568 Varius
1539 2545 1616 2566 war

131 2584 215 2617 dem
244 2587 405 2620 cecilius
432 2588 515 2621 eine
541 2597 666 2633 grosse
693 2588 845 2620 Summe
872 2584 1009 2617 Geldes
1035 2583 1213 2631 schuldig
1237 2585 1313 2617 und
1339 2582 1502 2626 wandte,
1551 2593 1616 2614 um

133 2633 258 2666 diesen
285 2646 329 2666 zu
357 2636 558 2683 betriigen‚
605 2634 694 2668 ietzt
721 2644 801 2672 vor,
853 2643 892 2665 er
919 2633 1015 2666 habe
1042 2634 1150 2665 einen
1179 2643 1331 2681 grossen
1356 2631 1469 2665 Theil
1495 2630 1617 2662 seiner

133 2681 332 2728 liegenden
361 2684 480 2716 Giiter
507 2684 646 2716 seinem
673 2681 816 2715 Brudor
843 2682 1021 2715 Caninius
1049 2680 1190 2714 Satrius
1209 2679 1398 2715 verkauft.
1424 2680 1618 2713 Letzterer

138 2732 271 2764 besand
300 2731 393 2771 sich,
423 2743 527 2766 wenn
554 2731 611 2764 die
640 2729 759 2764 Sache
787 2728 1017 2776 gerichtlich
1046 2727 1266 2762 untersucht
1295 2727 1438 2768 wurde,
1481 2726 1520 2759 in
1547 2724 1619 2758 Ge·
