1742 3006
113 51 165 97 11
391 52 455 97 Μ.
488 54 544 96 Τ.
578 50 920 96 CICERONIS
951 52 1329 98 EPISTOLAE.

56 164 59 165 ⁷
107 165 194 206 hoc
222 168 444 219 tempore,
473 178 606 220 quam
635 177 734 207 mea
763 168 809 206 te
838 165 995 207 adesse
1025 167 1238 208 comitiis.
1305 166 1509 211 Proinde
1539 184 1594 212 eo

105 222 255 262 animo
285 227 329 262 te
358 221 496 262 velim
527 233 639 273 esse,
669 221 794 275 quasi
818 222 907 263 mei
931 224 1102 276 negotii
1133 237 1267 265 causa
1295 224 1342 265 in
1372 225 1462 266 ista
1491 226 1593 268 loca

106 278 266 318 missus
306 290 439 318 esses.
498 275 574 318 Me
615 281 763 317 autem
793 290 895 318 eum
924 282 970 319 et
999 279 1201 321 offendes
1231 293 1339 334 erga
1369 284 1412 321 te
1443 284 1489 322 et
1516 296 1592 323 au-

104 333 217 384 dies,
247 334 375 387 quasi
405 331 533 385 mihi,
563 332 603 373 si
631 346 746 387 quae
775 337 906 388 parta
934 339 1078 387 erunt,
1109 349 1197 377 non
1221 336 1355 377 modo
1386 340 1431 377 te
1464 351 1591 392 prae-

102 394 254 441 sente,
308 387 388 429 sed
429 401 510 442 per
549 392 595 429 te
633 393 762 444 parta
798 389 902 431 sint.
961 389 1171 434 Tulliola
1210 392 1297 434 tibi
1337 391 1459 434 diem
1488 393 1592 443 dat;

101 457 360 499 sponsorem
387 443 599 500 appellat.

428 609 748 655 EPISTOLA
778 611 888 655 vn.
950 615 1067 667 (Att.
1098 615 1136 656 1.
1167 613 1254 665 11.)

411 705 494 745 Ser.
520 707 665 741 Romae
690 709 730 742 A.
759 709 806 742 U.
836 709 876 742 C.
903 707 987 745 687.
1037 708 1088 750 (a.
1114 709 1155 743 C.
1184 709 1263 751 67.)

96 775 250 809 Frustra
288 784 325 808 se
366 772 491 808 adhuc
529 773 737 808 elaborasse
772 774 905 809 scribit
938 774 977 808 in
1014 774 1168 808 Lucceii
1201 780 1326 809 vetere
1360 785 1451 823 erga
1490 774 1587 809 Atii-

96 834 182 857 cum
225 823 417 857 voluntate
455 822 721 867 recuperanda.
763 824 794 857 1.
836 822 1002 856 nondum
1042 833 1078 856 se
1105 823 1343 871 designatum
1369 829 1586 868 praetorem

97 881 186 906 esse.
225 872 257 907 2.
290 870 429 905 iterum
454 875 497 904 ut
521 880 587 911 ea,
625 880 721 914 quae
746 870 893 904 Atticus
918 870 1141 905 Academiae
1168 871 1361 906 Ciceronis
1385 872 1588 917 paraverit,

406 917 533 952 mittat
559 917 751 963 librosque
778 917 850 952 sibi
876 924 1084 962 conservet,
1110 919 1218 965 petit.
1247 921 1285 954 3.

609 1004 796 1040 CICERO
820 1004 1007 1039 ATTICO
1032 1004 1069 1038 S.

204 1074 265 1117 Et
293 1086 393 1115 mea
415 1075 572 1127 sponte
596 1070 817 1113 faciebam
841 1076 973 1113 antea
994 1076 1039 1113 et
1053 1075 1154 1126 post
1178 1072 1350 1114 duabus
1375 1072 1582 1128 epistolis

95 1131 184 1172 tuis
226 1129 557 1186 perdiligenter
593 1128 640 1168 in
683 1128 870 1169 eandem
921 1128 1141 1169 rationem
1187 1129 1371 1183 scriptis
1422 1141 1582 1182 magno

94 1197 228 1242 opere
267 1199 364 1227 sum
402 1187 662 1226 commotus.
730 1183 799 1224 Eo
831 1184 1074 1225 accedebat
1123 1182 1332 1225 hortator
1374 1184 1581 1225 assiduus

93 1242 350 1294 Sallustius,
378 1244 428 1281 ut
467 1251 645 1294 agerem
684 1252 817 1293 quam
858 1239 1209 1294 diligentissime
1250 1253 1350 1281 cum
1379 1239 1580 1280 Lucceio

92 1299 148 1339 de
177 1302 328 1339 vestra
355 1299 508 1338 vetere
539 1295 688 1348 gratia
731 1295 1083 1336 reconcilianda.
1152 1294 1268 1348 Sed,
1310 1309 1445 1349 quum
1486 1309 1579 1336 om-

91 1355 167 1396 nia
195 1353 428 1403 fecissem,
458 1364 546 1391 non
576 1349 709 1391 modo
740 1364 836 1391 eam
866 1351 1145 1392 voluntatem
1175 1351 1298 1402 eius,
1339 1364 1453 1405 quae
1482 1349 1577 1391 fue-

92 1415 161 1451 rat
190 1422 297 1463 erga
326 1413 395 1460 te,
426 1419 691 1460 recuperare
720 1419 808 1447 non
836 1407 979 1460 potui,
1007 1419 1163 1449 verum
1192 1419 1247 1446 ne
1270 1419 1451 1447 causam
1480 1406 1577 1460 qui-

92 1466 193 1507 dem
223 1465 390 1507 elicere
421 1463 684 1504 immutatae
719 1462 983 1504 voluntatis.
1051 1462 1259 1504 Tametsi
1298 1462 1440 1504 iactat
1492 1462 1577 1503 ille

89 1619 162 1654 wie
201 1620 304 1654 Man.
339 1618 509 1661 Lambin,
552 1618 694 1652 Victor.
719 1619 753 1653 2.
803 1618 983 1665 Dagegen
1021 1628 1083 1661 ag.
1109 1621 1199 1651 esset
1224 1617 1361 1652 Medic.
1390 1618 1512 1652 Oxon.
1540 1620 1574 1653 l.

89 1668 173 1702 edd.
208 1666 355 1704 Ascens.
382 1667 482 1700 Crat.
512 1664 658 1700 Victor.
683 1668 713 1701 l.
743 1684 785 1690 —
809 1666 848 1699 in
873 1666 946 1699 ista
972 1666 1066 1708 loca,
1093 1665 1133 1698 in
1160 1665 1374 1708 Graeciam,
1399 1666 1573 1699 Athenas.

89 1735 133 1741 —-
160 1715 226 1749 Με
256 1719 373 1748 autem
398 1733 442 1739 —
468 1725 528 1747 am
554 1714 680 1748 Raude
712 1713 775 1748 des
814 1713 904 1748 cod.
947 1714 1047 1748 Med.
1087 1713 1126 1746 in
1159 1713 1242 1748 edd.
1271 1714 1416 1748 Manat.
1443 1714 1572 1747 Lamb.

89 1764 237 1797 Victor.
278 1764 310 1797 2.
350 1775 386 1797 u.
423 1762 519 1809 folg.
569 1762 623 1795 Da
650 1761 741 1796 cod.
767 1761 869 1796 Med.
898 1761 955 1795 ed.
985 1761 1065 1795 Asc.
1095 1762 1156 1796 Cr.
1183 1762 1279 1795 Vict.
1306 1764 1337 1795 1.
1363 1761 1430 1795 Sin
1456 1765 1573 1795 autem

87 1812 217 1857 geben,
245 1820 283 1843 so
309 1809 524 1844 vermuthet
550 1810 745 1843 Goveanus
779 1808 888 1842 nicht
922 1809 1012 1855 ,ᾔδει
1037 1809 1187 1853 Semper
1221 1813 1352 1852 autem,
1393 1808 1498 1843 hatte
1529 1821 1573 1844 er

88 1871 160 1892 nur
185 1869 262 1892 eum
287 1870 342 1891 me
369 1857 637 1905 hinzugefiigt.
689 1856 863 1891 ORELL.
913 1857 1100 1904 Ubrigens
1127 1857 1301 1891 bedcutet
1327 1867 1403 1890 eum
1427 1870 1454 1891 s.
1480 1869 1512 1892 v.
1539 1869 1571 1891 a.

85 1908 212 1948 talem,
238 1912 314 1939 tam
341 1905 520 1940 affectum
547 1905 716 1948 offendes,
745 1916 783 1938 so
809 1915 931 1952 gegen
964 1903 1059 1938 Dich
1089 1905 1240 1950 gesinnt
1273 1905 1411 1939 finden.
1451 1924 1494 1930 --
1535 1906 1571 1938 si

86 1965 191 1999 quae,
219 1953 254 1987 εἴ
273 1966 352 1988 τινα
378 1954 431 1987 im
458 1954 549 1989 eod.
577 1953 721 1988 Medic·
756 1952 873 1987 Oxon.
905 1952 987 1986 edd.
1026 1953 1174 1986 Ascens.
1217 1952 1318 1987 Vict.
1358 1955 1390 1987 1.
1427 1952 1461 1987 si
1499 1964 1571 1997 qua

86 2004 123 2036 in
149 2002 232 2036 edd.
253 2003 352 2036 Crat.
381 2007 469 2036 cett.
497 2020 541 2026 —-
568 2000 637 2035 tibi
659 2001 751 2034 diem
774 2000 836 2033 dat
873 2000 986 2034 dandi
1024 2000 1238 2034 munusculi
1271 1999 1447 2046 promissi
1481 2000 1506 2036 i.
1534 2011 1566 2034 e.

86 2051 184 2084 diem
233 2050 339 2091 dicit,
366 2049 560 2084 bestimmt
599 2049 671 2083 den
696 2048 868 2087 Termin,
898 2048 960 2082 das
987 2047 1189 2083 Geschenk
1227 2059 1273 2082 zu
1308 2048 1463 2091 leisten3
1513 2048 1566 2083 sie

84 2099 217 2145 dringt
257 2098 411 2138 darauf,
459 2103 496 2132 et
533 2108 592 2131 me
643 2102 683 2130 ut
711 2097 752 2138 (s.
780 2106 835 2143 ep.
871 2094 946 2135 IV,
979 2096 1016 2137 3)
1050 2106 1262 2139 sponsorem
1294 2097 1469 2141 appellat.
1519 2098 1568 2130 So

82 2145 178 2180 lies't
221 2145 375 2179 deshalb
416 2145 486 2179 mit
509 2145 631 2180 Recht
658 2144 780 2177 Orelli
806 2143 904 2178 nach
933 2144 1021 2177 Cod.
1047 2143 1186 2178 Medic.
1213 2155 1233 2177 a
1258 2155 1318 2190 pr.
1345 2156 1443 2179 man.
1469 2145 1565 2179 Edd.

83 2196 185 2229 Crat.
212 2194 355 2227 Victor.
391 2196 426 2229 l.
460 2194 540 2228 Bos.
579 2193 728 2226 Ernest.
756 2191 905 2231 Selium,
933 2192 1021 2226 aber
1049 2192 1136 2225 Cod.
1165 2191 1266 2226 Med.
1293 2203 1313 2225 a
1339 2203 1412 2226 sec.
1440 2203 1566 2233 manu,

82 2242 172 2276 edd.
199 2240 368 2275 Ambros.
394 2242 536 2275 Bessar.
569 2240 651 2274 edd.
679 2240 759 2273 Asc.
788 2242 819 2274 1.
848 2241 993 2274 Manut.
1020 2240 1148 2273 Lamb.
1174 2240 1275 2274 Vict.
1303 2241 1336 2275 2.
1365 2240 1486 2286 geben
1510 2251 1563 2282 sp.

81 2301 150 2323 non
176 2300 272 2333 app„
300 2301 374 2323 was
399 2289 590 2324 Wieland
618 2288 822 2321 iibersetzt:
850 2287 902 2321 sie
928 2287 1010 2322 halt
1036 2288 1116 2321 sich
1142 2298 1188 2320 an
1214 2286 1317 2321 Dich
1350 2287 1427 2321 und
1461 2288 1563 2321 will

80 2337 240 2371 nichts
269 2337 349 2371 mit
375 2337 582 2371 Deinem
609 2337 802 2383 Burgen
827 2348 882 2369 zu
907 2336 1133 2370 schaffen
1162 2335 1327 2370 haben.

176 2424 209 2456 l.
240 2418 443 2457 faciebam,
472 2416 535 2450 ich
562 2427 642 2449 war
665 2415 801 2464 manig,
821 2416 892 2449 den
909 2417 1090 2450 Lucceius
1117 2415 1187 2449 mit
1213 2415 1274 2449 dir
1297 2415 1562 2450 auszusiihnen.

80 2470 163 2516 Vgl.
192 2480 251 2514 ep.
282 2468 348 2505 Vl,
386 2467 407 2501 2
437 2465 532 2506 „etsi
557 2475 639 2498 mea
657 2471 784 2508 sponte
807 2469 893 2498 ante
911 2464 1140 2498 faciebam.“
1168 2482 1210 2488 —
1235 2463 1371 2506 perdit.
1399 2464 1435 2496 in
1463 2465 1561 2497 eand.

82 2523 150 2552 rat.
178 2527 248 2550 scr.
275 2521 359 2553 cet.‚
386 2512 506 2546 durch
534 2513 651 2545 Deine
679 2512 809 2545 beiden
836 2512 874 2544 in
900 2513 993 2545 eben
1019 2512 1087 2545 der
1112 2510 1288 2545 Hinsicht
1322 2511 1562 2545 ausfnhrlich

79 2565 372 2607 gescliriebenen
399 2561 527 2594 Briefe
555 2560 616 2593 bin
643 2559 704 2593 ich
750 2560 787 2592 in
821 2560 1022 2607 gewaltige
1048 2560 1266 2608 Bewegung·
1291 2559 1486 2606 gebracht.
1516 2579 1558 2584 —

77 2613 244 2646 hortator
268 2607 490 2657 βραχυλογία
522 2614 610 2642 statt
642 2608 736 2651 qnod
758 2606 972 2640 hortaretur
998 2608 1140 2641 assidhe
1167 2608 1376 2648 Sallustium
1402 2607 1471 2641 der
1485 2608 1559 2640 Ge·

77 2659 434 2697 schiclitsclireiber‚
463 2657 530 2690 der
544 2654 750 2703 eigentlich
773 2655 843 2688 mit
865 2656 1000 2690 Cicero
1019 2655 1056 2688 in
1076 2655 1318 2688 Feindschast
1351 2655 1460 2691 lebte.
1523 2656 1558 2690 S.

78 2707 256 2749 Quinctil.
279 2708 340 2743 lv,
364 2709 393 2743 l,
411 2707 465 2741 623.
484 2705 550 2744 IX,
569 2706 602 2745 3,
629 2705 739 2738 89.-
759 2704 930 2746 voluntas,
949 2704 1178 2750 Gesinnung.
1210 2703 1416 2736 Tametsi—
1432 2709 1558 2737 tamen

75 2757 157 2797 orsi,
185 2755 427 2801 obgleich,
461 2763 571 2787 wenn
597 2752 655 2785 die
683 2753 797 2799 Folge
832 2752 914 2785 eine
947 2751 1266 2799 ungew‘ohnliche
1292 2751 1559 2798 Erscheinung
