1742 3006
103 45 159 90 12
384 45 451 91 Μ.
481 45 538 91 Τ.
569 43 907 89 CICERONIS
937 45 1311 89 EPISTOLAE.

449 156 765 199 EPISTOLA
797 156 881 198 VI.
942 158 1058 208 (Att.
1089 157 1127 199 Ι.
1159 157 1244 208 10.)

352 225 436 260 Ser.
465 227 504 259 in
529 227 741 260 Tusculano
767 228 813 260 A.
840 227 886 260 U.
915 227 957 261 C.
983 227 1063 262 687.
1113 226 1162 268 (a.
1189 227 1230 259 C.
1256 227 1331 264 67.)

96 274 321 309 Brevitatem
348 275 527 319 epistolae
554 279 716 307 excusat.
746 277 779 309 l.
807 274 852 307 de
877 274 1042 307 Lucceio
1073 273 1258 318 placando
1293 273 1507 318 pollicetur.
1544 275 1579 308 2.

99 328 140 356 ut
171 323 279 369 signa
313 322 461 366 aliaque
493 328 715 355 ornamenta
740 321 942 355 Tusculani
977 322 1111 354 mittat.
1149 322 1182 355 3.
1210 321 1401 365 librosque
1428 321 1497 354 sibi
1523 332 1583 354 re-

98 376 230 409 servet,
267 370 373 416 petit.
399 370 433 403 4.
461 368 644 414 Quintum
671 370 830 402 fratrem
872 369 984 402 uxori
1020 368 1244 413 Pomponiae
1295 369 1582 402 reconciliatum

96 418 256 452 nuntiat.
292 418 326 452 5.
361 417 408 451 ad
447 416 601 450 comitia
636 429 699 450 sua
724 417 891 450 Atticum
928 416 1056 450 venire
1083 416 1184 449 nihil
1222 427 1315 462 opus
1339 428 1414 450 esse
1440 422 1580 451 monet.

411 464 575 499 Tulliam
602 465 864 499 munusculum
891 463 1030 498 iterum
1056 464 1259 509 appellare.
1296 466 1328 500 6.

621 526 801 561 CICERO
827 526 1004 561 ATTICO
1030 524 1065 562 S.

210 575 358 625 Quum
386 588 527 616 essem
557 575 602 615 in
633 575 921 626 Tusculano,
951 596 1002 603 —
1035 574 1126 615 erit
1155 573 1244 615 hoc
1272 574 1356 614 tibi
1386 587 1468 628 pro
1498 573 1581 614 illo

100 635 176 673 tuo
214 630 399 688 „Quum
439 643 590 672 essem
628 631 678 673 2'71.
711 621 987 673 Cemmicffi‘
1021 651 1075 658 -
1112 633 1401 671 veruntamen
1447 643 1582 684 quum

96 688 163 728 ibi
213 700 379 740 essem,
436 685 584 727 Roma
621 699 732 741 puer
770 699 797 726 a
838 698 993 726 sorore
1031 689 1110 725 tua
1149 686 1308 726 missus
1345 685 1581 739 epistolam

98 742 214 784 mihi
254 743 330 783 abs
370 746 414 783 te
454 742 640 783 allatam
670 741 797 782 dedit
827 740 1136 794 nuntiavitque
1166 755 1218 781 eo
1248 741 1346 794 ipso
1377 740 1451 780 die
1481 743 1582 794 post

97 798 334 839 meridiem
374 799 540 838 iturum
583 812 707 849 eum,
759 798 837 851 qui
878 797 935 837 ad
982 800 1026 836 te
1066 795 1443 850 proficisceretur.
1511 795 1582 835 Eo

97 854 269 896 factum
299 856 392 906 est,
420 857 471 894 ut
500 853 718 907 epistolae
750 858 852 894 tuae
883 852 1175 892 rescriberem
1215 851 1406 905 aliquid,
1434 851 1583 891 brevi-

98 914 191 952 tate
222 910 436 963 temporis
467 912 558 949 tam
588 922 729 963 pauca
760 922 946 962 cogerer
975 908 1185 948 scribere.
1263 907 1468 948 Primum
1498 906 1583 946 tibi

100 967 157 1007 de
194 970 349 1006 nostro
388 964 534 1006 amico
577 964 795 1019 placando
834 969 912 1005 aut
951 964 1087 1003 etiam
1125 963 1257 1016 plane
1306 961 1582 1003 restituendo

102 1023 338 1078 polliceor.
419 1019 554 1069 Quod
583 1034 690 1074 ego,
750 1020 835 1060 etsi
874 1032 974 1059 mea
1013 1023 1170 1072 sponte
1209 1022 1310 1059 ante
1348 1017 1584 1069 faciebam,

100 1092 153 1119 eo
192 1090 308 1117 nunc
336 1080 482 1116 tamen
512 1080 558 1115 et
595 1089 723 1129 agam
764 1075 1006 1115 studiosius
1045 1078 1091 1114 et
1121 1074 1385 1115 contendam
1415 1075 1469 1114 ab
1499 1073 1583 1113 illo

98 1132 430 1183 vehementius,
470 1130 590 1185 q'uod
628 1134 797 1171 tantam
836 1144 895 1171 ex
936 1130 1129 1183 epistola
1174 1131 1450 1170 voluntatem
1488 1129 1584 1168 eius

97 1191 166 1230 rei
198 1194 317 1229 tuam
348 1188 602 1241 perspicere
630 1187 802 1227 videor.
839 1186 940 1226 Hoc
970 1191 1014 1226 te
1044 1186 1303 1239 intelligere
1332 1185 1453 1236 volo,
1486 1197 1583 1238 per-

97 1245 299 1300 graviter
328 1243 456 1282 illum
487 1255 582 1283 esse
613 1243 854 1292 offensum3
885 1240 964 1281 sed
995 1242 1102 1295 quia
1129 1242 1299 1281 nullam
1328 1240 1461 1281 video
1484 1253 1583 1293 gra-

97 1315 200 1342 vem
236 1300 414 1340 subesse
445 1311 650 1349 causam,
679 1311 839 1350 magno
871 1310 1006 1351 opere
1036 1296 1216 1337 confido
1246 1297 1377 1336 illum
1407 1294 1505 1336 fore
1535 1295 1581 1334 in

41 1371 45 1374 ⁴
98 1356 255 1397 officio
291 1359 336 1394 et
365 1355 411 1393 in
442 1359 596 1393 nostra
625 1356 859 1406 potestate.
918 1352 1059 1405 Signa
1087 1356 1240 1392 nostra
1269 1356 1314 1391 et
1343 1351 1582 1391 Hermera-

100 1413 220 1464 clas,
250 1415 300 1451 ut
329 1409 515 1462 scribis7
547 1422 681 1463 quum
712 1407 1071 1448 commodissime
1101 1407 1288 1462 poteris,
1326 1407 1466 1447 velim
1495 1407 1579 1446 im-

197 1567 227 1599 l.
278 1564 392 1598 Quum
417 1588 425 1596 .
454 1587 462 1596 .
492 1584 499 1593 .
541 1564 785 1594 verumtamen
819 1569 932 1602 quum.
990 1551 1093 1592 Uber
1134 1558 1233 1591 diese
1267 1555 1511 1600 Epanalepsis
1555 1567 1579 1587 s.

99 1612 250 1647 Ramsh.
281 1612 314 1654 ᾖ.
341 1612 432 1650 206,
459 1610 507 1647 Β,
542 1611 582 1649 6,
611 1620 643 1642 e.
673 1627 715 1633 —
742 1607 814 1640 erit
842 1632 851 1641 .
878 1632 887 1639 .
915 1632 922 1639 .
948 1606 986 1638 in
1014 1606 1213 1639 Ceramico.
1266 1603 1417 1637 Attikus
1443 1604 1582 1650 pflegte

100 1661 232 1694 seinen
257 1658 364 1692 Brief
397 1657 466 1690 mit
494 1657 605 1691 Quum
631 1681 638 1688 .
667 1682 673 1688 .
701 1655 738 1688 in
775 1654 965 1687 Ceramico
999 1654 1248 1699 anzufaugen.
1302 1651 1453 1691 Cicero,
1497 1651 1581 1684 dem

100 1709 199 1742 beim
232 1706 404 1752 Anfange
431 1704 554 1738 seiner
583 1704 755 1736 Antwort
781 1703 872 1734 eben
901 1712 938 1735 so
967 1702 1078 1736 Quum
1110 1712 1139 1733 e.
1167 1702 1205 1733 in
1237 1700 1276 1733 T.
1313 1697 1581 1744 entschli'upfte,

99 1755 241 1794 macht‚
268 1755 319 1787 als
344 1764 386 1786 er
405 1752 499 1786 diess
513 1750 774 1791 wahrnimmt,
802 1749 862 1782 die
882 1746 1584 1792 scherzhafteZwischenbemerkung:

102 1805 202 1846 „lass
229 1803 300 1835 Dir
326 1801 387 1834 das
414 1802 478 1834 fiir
505 1800 598 1833 Dein
627 1797 938 1832 Gew'ohnliches:
991 1799 1056 1830 als
1091 1795 1163 1829 ich
1198 1796 1258 1828 im
1299 1794 1582 1830 Ceramikus

100 1863 212 1891 war,
241 1847 407 1897 gelten.“
455 1847 704 1890 Wenigstens
731 1844 814 1892 gibt
839 1856 880 1878 er
905 1844 987 1878 sich
1013 1845 1084 1878 den
1110 1842 1269 1883 Schein‚
1311 1843 1363 1875 als
1401 1842 1451 1875 sei
1478 1843 1583 1874 iener

99 1899 253 1946 Anfang
278 1896 360 1929 ihm
387 1895 641 1939 entsehliipst3
668 1893 749 1926 will
775 1893 864 1926 aber
888 1892 1096 1940 eigentlich
1120 1903 1206 1924 zum
1233 1891 1362 1936 Spasse
1395 1890 1477 1923 sich
1504 1889 1582 1922 nei-

99 1945 208 1981 disch
245 1943 402 1979 stellend
427 1954 466 1976 so
492 1943 568 1975 viel
594 1952 724 1989 sagen:
774 1942 846 1974 Das
881 1952 949 1973 zur
981 1941 1155 1987 Revange
1199 1940 1288 1981 „fiir
1313 1938 1461 1971 Deinen
1486 1938 1585 1971 Ein-

100 1993 225 2041 gang!
277 2003 387 2025 wenn
426 1989 524 2023 auch
560 1990 665 2022 mein
690 1988 869 2036 Eingang
906 1988 1011 2021 nicht
1052 1998 1090 2021 so
1131 1987 1315 2021 vornehm
1342 1986 1489 2032 klingt,
1529 1985 1582 2025 als

99 2044 168 2077 der
183 2040 359 2087 Deinige,
387 2038 506 2072 worin
532 2038 593 2070 Du
618 2036 687 2070 Dir
712 2037 778 2069 auf
803 2037 873 2069 den
901 2038 1063 2082 Vorzug,
1091 2035 1137 2067 in
1163 2034 1322 2068 Athen
1348 2045 1401 2067 zu
1426 2033 1581 2072 leben,

100 2102 171 2137 gar
204 2089 279 2122 viel
316 2100 362 2120 zu
389 2087 487 2119 Gute
521 2085 670 2118 thust.“
720 2085 799 2116 Der
826 2084 1035 2117 Ceramikus
1061 2094 1140 2115 war
1167 2083 1226 2115 ein
1253 2092 1414 2127 ,gx-osser,
1443 2079 1583 2114 offent-

98 2131 223 2172 iicher
249 2138 353 2169 Platz
379 2145 445 2167 vor
470 2133 603 2173 Athen,
630 2142 689 2164 wo
715 2143 802 2164 man
827 2131 980 2178 hiiufige
1006 2130 1082 2163 und
1108 2137 1197 2178 gute
1217 2128 1467 2164 Gesellschaft
1492 2128 1581 2161 tras.

101 2206 144 2211 —
170 2196 270 2229 puer,
305 2183 365 2216 ein
398 2183 537 2226 iunget·
574 2179 696 2213 Sklav.
723 2197 769 2203 —
793 2179 940 2220 sactum
975 2183 1037 2216 esi,
1063 2182 1112 2211 ut.
1141 2191 1166 2210 s.
1195 2177 1346 2212 Ramsh.
1373 2176 1411 2220 §.
1439 2176 1518 2211 204.
1545 2175 1579 2208 5.

97 2234 192 2267 iiber
228 2233 326 2266 diese
351 2228 633 2274 Ampliflcation
671 2228 733 2260 des
758 2226 985 2261 Ausdrucks.
1025 2245 1067 2250 —
1092 2226 1269 2269 scribere,
1295 2236 1354 2258 am
1382 2224 1509 2257 Raude
1536 2222 1581 2256 de

101 2281 190 2315 Cod.
218 2280 319 2314 Med.
345 2277 551 2312 rescribere.

196 2330 229 2364 2.
272 2327 314 2360 de
348 2329 470 2359 nostro
498 2324 612 2356 amico
640 2323 810 2356 Lucceio.
865 2320 900 2355 S.
943 2331 1003 2367 ep.
1032 2323 1063 2362 1,
1095 2322 1128 2355 5.
1164 2322 1238 2359 lv,
1267 2323 1296 2354 l.
1324 2337 1367 2343 -——
1396 2319 1582 2362 offensum,

98 2374 358 2421 nufgebracht.
389 2391 428 2397 —
454 2383 592 2414 magno
619 2382 736 2413 opere.
788 2368 1038 2403 Nachdrucks
1069 2369 1198 2402 halber
1224 2369 1288 2401 fiir
1313 2368 1375 2401 das
1401 2366 1584 2412 gew'ohn-

97 2424 202 2458 liche
236 2431 473 2464 magnopere.
522 2437 562 2442 -
605 2419 662 2451 ill.
691 2419 729 2459 s.
766 2418 802 2450 in
839 2420 902 2461 off.
933 2422 965 2450 et
997 2418 1032 2449 in
1060 2428 1092 2450 n.
1119 2428 1152 2459 p.
1178 2417 1257 2450 dass
1284 2426 1325 2449 er
1349 2413 1430 2448 sich
1459 2413 1583 2447 werde

99 2473 168 2505 der
195 2470 333 2504 Pflicht
358 2469 477 2514 stigen
503 2468 579 2500 und
605 2477 675 2499 von
701 2476 768 2498 uns
795 2465 1069 2509 fiberwkiltigcn
1095 2466 1224 2498 lassen.

196 2521 228 2553 3.
259 2516 529 2554 Hermeraclas,
558 2516 721 2547 Hermen
749 2515 818 2546 mit
845 2514 967 2546 einen]
988 2512 1268 2557 Doppelkopse,
1295 2508 1582 2555 vom-Merkur.

99 2567 234 2600 hinten
261 2563 464 2605 Herkules,
491 2568 654 2595 ersterer
680 2561 729 2593 als
756 2561 934 2594 Erfiuder
960 2560 1027 2592 der
1053 2558 1357 2604 gymnastischen
1385 2557 1583 2601 Ubungen,

100 2615 222 2648 dieser
249 2615 300 2646 als
327 2613 492 2659 gr'osster
516 2609 643 2643 Athlet
670 2621 703 2640 u.
729 2610 861 2642 &ister
888 2609 954 2641 der
985 2606 1245 2651 olympischen
1263 2605 1400 2649 Spiele,
1428 2604 1584 2638 Schutz-

102 2663 226 2702 ss'dtter
259 2661 326 2694 der
353 2658 605 2703 Gymnasit3n3
650 2657 762 2688 deren
791 2656 1003 2689 Bilds'ziulen
1046 2655 1163 2687 daher
1197 2653 1438 2687 wesentlicbe
1465 2652 1585 2684 Zube-

100 2709 247 2743 h‘o'rden
275 2707 466 2740 derseiben
492 2706 569 2738 sein
598 2709 770 2737 nnusslen.
811 2705 912 2736 [Chen
940 2703 1006 2735 der
1032 2703 1099 2734 Art
1126 2713 1250 2734 waren
1277 2701 1336 2734 die
1363 2698 1586 2733 Hermathe-

101 2769 170 2790 ηδε
197 2757 272 2790 und
297 2752 520 2802 Ἐρμέρωιες.
573 2754 656 2787 Vou
684 2751 729 2784 dn
758 2752 792 2784 in
821 2752 901 2785 edd.
931 2751 1009 2784 Asc.
1047 2754 1072 2784 Ι.
1102 2762 1135 2783 u.
1158 2751 1257 2785 Crat.
1286 2749 1343 2781 die
1371 2745 1591 2790 unrichlige
