1742 3006
196 98 283 146 1118
471 97 534 138 Μ.
568 97 621 138 T.
655 91 995 139 CICERONIS
1025 91 1400 136 EPISTOLAE.
1703 0 1729 162 ἶ

1704 167 1712 220 ἱ

192 211 315 252 vitae
344 222 424 250 nos
454 220 542 248 non
572 209 664 247 tam
693 206 917 261 cupiditas
947 205 1163 260 quaedam
1193 205 1394 260 gloriae,
1433 216 1563 258 quam
1595 217 1666 246 res

193 268 291 321 ipsa
319 279 373 306 ac
403 264 585 303 fortuna
613 261 830 314 deduxit,
859 266 909 303 ut
938 261 1234 315 sempiternus
1264 273 1410 301 sermo
1438 259 1666 304 hominum

193 323 248 362 de
278 321 405 361 nobis
434 318 610 358 futurus
639 318 725 367 sit3
756 330 1008 368 caveamus,
1037 320 1250 370 quantum
1280 315 1466 357 efficere
1493 318 1540 356 et
1560 328 1664 356 con-

181 376 319 430 ‘sequi
349 386 604 427 possumus,
651 378 700 413 ut
729 386 784 414 ne
813 372 935 427 quod
966 372 1012 412 in
1042 373 1170 413 nobis
1200 372 1376 426 insigne
1405 370 1567 413 vitium
1596 369 1664 410 fu-

192 435 281 472 isse
311 430 500 470 dicatur.
566 427 724 482 Neque
765 441 849 481 ego
889 440 1006 467 nunc
1035 425 1123 468 hoc
1152 427 1398 479 contendo,
1428 425 1545 481 quod
1575 424 1668 466 for-
1700 478 1704 482 .

194 493 312 526 tasse
353 498 487 540 quum
527 484 574 524 in
615 484 735 524 omni
774 486 959 535 natura,
1011 485 1105 523 tum
1145 483 1235 523 iam
1264 483 1312 523 in
1340 487 1495 523 nostra
1522 483 1667 522 aetate
1720 483 1727 538 ᾗ

194 541 391 582 difficile
422 543 505 591 est,
536 543 706 580 mutare
737 538 931 578 animum
963 542 1021 590 et,
1050 539 1090 578 si
1120 537 1230 591 quid
1260 542 1328 579 est
1350 538 1529 591 penitus
1558 537 1667 577 insi·
1720 563 1723 567 Δ

193 601 287 637 tum
315 596 536 646 moribus,
582 594 631 633 id
660 594 806 634 subito
837 593 1055 634 evellere:
1103 593 1185 633 sed
1214 596 1260 634 te
1290 593 1407 633 illud
1437 592 1668 642 admoneo,

194 657 270 703 ut,
317 653 358 691 si
387 650 476 690 hoe
504 650 633 703 plene
663 649 808 689 vitare
835 662 923 689 non
953 653 1103 703 poteS,
1145 648 1263 701 quod
1293 652 1397 689 ante
1425 651 1669 701 occupatur

195 708 368 748 animus
397 707 452 746 ab
482 704 726 755 iracundia,
756 717 887 759 quam
916 703 1154 757 providere
1184 703 1300 743 ratio
1323 705 1484 758 potuit,
1512 716 1567 743 ne
1593 715 1667 743 oc·

196 764 451 815 cuparetur,
481 763 530 800 ut
559 763 603 799 te
633 763 735 799 ante
766 771 995 814 compares
1026 758 1317 812 quotidieque
1353 758 1571 798 meditere
1601 771 1669 798 re-

197 817 453 858 sistendum-
477 827 572 855 esse
602 815 887 863 iracundiae3
916 827 1138 869 quumque
1167 827 1220 854 ea
1247 814 1444 854 maxime
1474 814 1669 854 animum

197 876 398 924 moveat,
444 874 536 910 tum
578 871 663 910 tibi
703 883 799 911 esse
828 869 1178 923 diligentissime
1210 869 1408 922 linguam
1437 869 1668 909 continen-

198 928 326 968 dam:
383 939 497 980 quae
527 925 708 980 quidem
738 924 851 965 mihi
880 926 1026 965 virtus
1055 937 1142 964 non
1171 923 1397 964 interdum
1426 924 1574 965 minor
1600 924 1668 965 vi-

198 983 344 1034 detur,
373 995 506 1035 quam
535 981 714 1021 omnino
744 993 830 1020 non
853 981 1001 1021 irasci.
1051 979 1164 1020 Nam
1188 979 1303 1019 illud
1329 982 1502 1020 estnon
1526 979 1669 1020 solum

199 1039 452 1093 gravitatis,
481 1036 561 1076 sed
588 1049 899 1089 nonnunquam
928 1035 1062 1075 etiam
1093 1034 1403 1084 lentitudinis3
1445 1034 1669 1075 moderari
1726 1064 1729 1074 ,

198 1107 306 1135 vero
347 1096 392 1133 et
429 1093 577 1132 animo
608 1095 653 1132 et
682 1091 903 1141 orationi,
944 1104 1077 1144 quum
1106 1091 1168 1130 sis
1200 1091 1362 1142 iratus,
1418 1093 1494 1131 aut
1533 1090 1669 1130 etiam

198 1155 349 1190 tacere
378 1151 424 1188 et
453 1152 604 1187 tenere
634 1147 680 1186 in
699 1159 776 1187 sua
799 1149 1020 1201 potestate
1043 1149 1210 1186 motum
1232 1146 1369 1186 animi
1392 1149 1436 1185 et
1452 1145 1670 1196 dolorem,
1724 1189 1727 1204 Ι

201 1206 287 1246 etsi
331 1216 417 1244 non
457 1207 524 1242 est
554 1201 780 1256 perfectae
807 1201 1081 1255 sapientiae,
1109 1204 1257 1242 tamen
1287 1205 1355 1241 est
1383 1213 1471 1243 non
1499 1200 1668 1241 medio·
1724 1209 1727 1221 ⁴

140 1261 297 1306 :meris
334 1257 518 1311 ingenii.
602 1258 746 1310 Atque
785 1257 832 1297 in
874 1256 961 1296 hoc
999 1269 1159 1309 genere
1199 1256 1340 1296 multo
1381 1259 1426 1296 te
1456 1268 1551 1296 esse
1581 1256 1670 1296 iam
1725 1308 1727 1312 μ

200 1314 547 1356 commodiorem
573 1313 884 1365 mitioremque
913 1312 1132 1352 nuntiant.
1212 1310 1377 1352 Nullae
1405 1314 1509 1352 tuae
1537 1309 1670 1352 vehe-

201 1369 443 1411 mentiores
473 1368 611 1408 animi
642 1368 993 1418 concitationes,
1033 1366 1159 1406 nulla
1197 1365 1442 1406 maledicta
1481 1365 1537 1406 ad
1576 1379 1699 1418 nos„

200 1425 352 1467 nullae
381 1423 678 1465 contumeliae
709 1421 1018 1477 perferuntur:
1071 1434 1181 1475 quae
1210 1435 1345 1474 quum
1375 1420 1617 1462 abhorrent
1645 1434 1671 1462 a

201 1481 375 1532 literis,
417 1480 472 1520 ab
498 1477 801 1530 humanitate,
842 1482 935 1519 tum
965 1489 1072 1518 vero
1103 1477 1329 1517 contraria
1353 1480 1455 1524 sunt
1483 1477 1671 1531 imperio

203 1550 255 1577 ac
285 1534 512 1590 dignitati.
571 1534 685 1575 Nam
715 1535 754 1575 si
784 1533 1092 1589 implacabiles
1123 1532 1383 1574 iracundiae
1413 1533 1527 1585 sint,
1557 1546 1669 1573 sum-
1720 1571 1724 1595 i,

202 1726 450 1769 Lebenslage.
478 1744 519 1750 ——
558 1737 618 1758 res
642 1726 734 1770 ipsa,
763 1727 826 1760 der
853 1727 985 1770 Drnng
1011 1725 1075 1759 der
1101 1725 1315 1760 Umstande.
1343 1745 1386 1752 -—
1422 1729 1581 1770 sulm'us
1605 1727 1666 1764 sit.
1719 1714 1722 1760 ἶ

202 1775 288 1819 VgL
315 1774 362 1807 ad
387 1774 517 1809 Famil.
556 1775 621 1812 lx,
650 1776 672 1809 2
699 1775 823 1817 (⁶140st
868 1782 938 1817 „ut
963 1774 1120 1808 vitemus
1147 1775 1276 1808 oeulos
1301 1774 1513 1814 hominum,
1541 1775 1572 1808 si
1597 1775 1666 1808 lin-

201 1833 290 1866 guas
318 1823 440 1855 minus
467 1822 583 1854 facile
607 1823 842 1866 possumus.“
870 1843 911 1848 —
961 1827 1001 1855 ut
1025 1832 1088 1864 ηε,
1132 1824 1228 1855 Crat.
1255 1824 1386 1857 Lamh.
1415 1824 1518 1856 omis.
1546 1827 1597 1857 nt.
1622 1841 1664 1846 -—

201 1880 291 1904 nunc
315 1869 393 1912 hoc,
422 1871 519 1902 Crat.
545 1871 646 1903 Man.
674 1871 807 1907 Lamb.
835 1869 900 1903 hoc
925 1880 1025 1903 nunc.
1053 1888 1096 1895 -—
1130 1871 1284 1904 contend.
1327 1873 1473 1905 worauf
1496 1872 1663 1915 dringen.
1717 1870 1720 1912 J

203 1922 340 1951 mutare
370 1917 449 1950 scil.
484 1923 610 1950 totum
646 1925 682 1950 et
716 1916 858 1951 subito!
892 1936 935 1943 —
978 1917 1136 1960 insitum,
1162 1919 1433 1962 eingewurzelt.
1483 1919 1568 1952 Bild
1594 1929 1665 1952 von

202 1966 381 1999 Pssanzen
405 1965 591 2001 entlelmt.
621 1986 662 1990 —
713 1966 865 1998 evellere
888 1965 1079 2001 radicitus
1102 1984 1145 1990 —
1194 1968 1489 2009 plenos-Emesa
1516 1965 1665 2001 Schiitz.

203 2013 316 2046 tacite
341 2014 460 2056 plane.
487 2031 534 2036 —-
582 2023 722 2057 occup.‚
760 2013 983 2046 siben-ascht
1009 2014 1173 2054 werden;
1212 2015 1356 2057 provid.
1389 2013 1592 2054 verhiiten;
1628 2025 1664 2047 se
1715 2014 1718 2057 J

203 2071 333 2104 comp,
358 2061 439 2094 sicli
466 2071 641 2104 wogegen
668 2060 898 2100 verwahren,
925 2064 1063 2103 riisten,
1089 2062 1125 2094 in
1152 2061 1332 2108 gehorige
1360 2063 1584 2107 Vei-fassung
1608 2074 1663 2095 se-
1715 2068 1717 2106 ξ

202 2115 297 2142 tzen.
351 2107 433 2153 vgl.
461 2109 612 2144 Cornel.
648 2108 871 2153 Thrasybul.
907 2109 940 2143 2.
968 2115 1135 2153 tempore
1172 2110 1217 2142 nd
1244 2109 1535 2155 comparandum
1563 2110 1660 2144 dato.
1714 2127 1716 2134 ·

202 2158 283 2191 Liv.
310 2157 370 2194 38,
401 2158 453 2191 12.
505 2156 609 2191 ovid.
638 2156 813 2198 Trist.ll,
840 2157 925 2192 267:
951 2168 1060 2191 urere
1077 2164 1282 2201 comparat.
1313 2177 1355 2183 -—
1380 2162 1429 2200 ul,
1457 2169 1528 2190 was
1547 2159 1664 2192 sehon
1714 2176 1716 2184 ι

205 2215 271 2237 vor
296 2203 329 2236 si
353 2201 417 2236 hoc
443 2204 489 2236 da
516 2215 602 2243 war,
624 2204 706 2237 hier
732 2205 846 2246 aber,
882 2205 949 2236 wie
975 2205 1086 2237 Aead.
1114 2206 1179 2247 lv,
1207 2216 1237 2241 c.
1265 2206 1323 2246 45,
1351 2205 1395 2239 de
1419 2206 1568 2239 Finibb.
1597 2206 1675 2245 ΙΙΙ,Δ
1714 2220 1715 2223 “

208 2253 275 2294 13,
321 2251 466 2294 kri-§stig
499 2251 725 2285 wiederholt
754 2252 824 2291 ist,
873 2252 935 2284 hat
959 2253 1087 2286 Lamb.
1116 2253 1342 2297 gestriclien.
1372 2272 1414 2278 —
1448 2264 1516 2286 non
1539 2254 1662 2287 solum.
1712 2262 1715 2269 ·

204 2300 267 2332 Sic
292 2298 375 2334 Md.
404 2300 504 2331 vict.
532 2302 563 2332 1.
591 2301 624 2334 2.
648 2309 719 2333 non
743 2300 854 2332 solum
883 2303 933 2332 cst
961 2302 1055 2333 Cett.
1084 2319 1125 2324 —
1158 2301 1333 2342 linguam.
1393 2301 1480 2345 Vgl.
1508 2301 1607 2338 Gen.
1633 2302 1662 2342 1,
1712 2327 1714 2334 ,

205 2347 260 2382 15.
285 2347 474 2389 ‚‚Lingua,
506 2347 671 2380 Pittacus
697 2347 815 2389 dixit,
850 2343 1005 2392 ὄργανον
1031 2347 1094 2391 μὲν
1120 2345 1294 2394 ἀγαθῶν,
1331 2345 1489 2393 ὄργανον
1523 2346 1561 2382 δὲ
1594 2347 1663 2383 τῶν
1711 2365 1713 2380 ;

206 2393 322 2429 κακῶν
345 2393 611 2439 μέγιστον.“-
638 2395 782 2436 gravit.
810 2420 818 2426 .
844 2419 854 2431 .
884 2395 996 2429 lenm.
1024 2397 1130 2428 Denn
1156 2407 1228 2429 von
1245 2397 1458 2430 Letzterem
1484 2397 1530 2430 ist
1555 2397 1662 2431 nicht

205 2444 341 2477 immet
370 2441 664 2480 Bemnnenhest,
706 2442 863 2475 sondern
898 2443 956 2476 oft
989 2443 1127 2478 blosser
1151 2444 1307 2489 Mangel
1340 2455 1384 2477 un
1411 2445 1661 2479 Reitzbarkeit
1712 2468 1713 2471 κ

206 2491 267 2524 die
293 2489 465 2524 Ursache.
493 2507 536 2515 ·-·
561 2489 736 2533 dolorem,
765 2490 958 2525 Unwillen.

302 2563 360 2597 39.
388 2560 571 2603 commod„
597 2561 852 2605 gemfissigter.
882 2580 920 2586 ——
950 2563 1129 2603 concitae„
1156 2562 1477 2608 Aurbrausungen.
1505 2581 1545 2588 -
1581 2575 1661 2598 con·
1710 2590 1711 2594 ,

202 2610 336 2650 tumel„
361 2609 546 2642 thznliehe
570 2608 868 2653 Beleidigungcn,
894 2610 946 2643 im
972 2611 1204 2654 Gegensatze
1228 2622 1295 2646 von
1321 2612 1525 2653 maledicta,
1551 2615 1661 2646 wert-
1709 2611 1711 2654 j

201 2656 330 2690 lichen
356 2656 621 2700 Kiiinkungem
646 2657 965 2690 Schmfihworten.
994 2676 1035 2682 —
1063 2670 1083 2691 a
1110 2660 1226 2701 liter„
1260 2660 1329 2694 mit
1355 2658 1660 2693 wissenschaftli-
1708 2657 1730 2687 Γ

203 2704 296 2737 cher
321 2705 503 2747 Bildung3
529 2702 725 2737 abhorrere
749 2715 784 2746 a,
811 2706 1092 2749 unvertriiglich
1120 2709 1247 2741 womit
1271 2709 1359 2743 sein.
1388 2727 1430 2733 -
1457 2708 1546 2741 irae.
1573 2707 1656 2741 sint.
1708 2709 1709 2742 Ξ

200 2750 261 2785 Sic
297 2752 378 2788 Md.
407 2753 501 2785 Vict.
533 2754 562 2786 l.
591 2753 622 2788 2.
649 2752 737 2792 Exn,
765 2752 915 2788 Schiitz.
944 2754 1032 2788 iras.
1061 2760 1141 2789 sunt
1177 2755 1362 2795 Ammian.
1397 2755 1568 2791 Marcell.
1601 2756 1655 2797 28,
1706 2772 1708 2805 3
