1742 3006
596 63 913 106 EPISTOLA
944 65 1061 108 CLI.
1454 70 1547 116 517

28 178 29 182 ’
61 176 301 219 clarissimi
332 189 384 217 ac
410 174 711 217 liberalissimi
740 176 829 219 viri
860 192 1000 234 neque
1031 178 1252 221 uberioris
1281 180 1543 234 provinciae

27 282 29 291 Ι
60 247 203 288 neque
233 232 393 274 aetatis
421 230 562 286 magis
592 231 801 273 idoneum
833 237 1017 290 tempus,
1058 235 1097 276 si
1127 234 1217 276 hoc
1246 236 1465 282 amiseris,
1496 241 1540 278 te

25 296 31 333 .'·
59 303 154 331 esse
182 289 317 328 ullum
347 300 535 342 unquam
566 293 854 340 reperturum.
927 290 1123 340 »HOQ«
1169 292 1538 344 quemadmodum

58 359 138 385 vos
176 344 373 386 scribere
412 341 566 384 soletis
606 343 653 383 in
691 344 852 386 vestris
892 345 1036 396 libris,
1082 345 1271 388 »IDEM
1302 347 1358 397 Q.
1389 347 1539 390 COR-

58 399 257 442 NELIO
296 398 712 440 VIDEBATUR.«
784 400 839 441 In
876 401 1154 442 Britanniam
1204 407 1248 442 te
1288 403 1537 457 profectum

57 470 145 497 non
186 468 282 496 esse
320 454 507 508 gaudeo,
548 454 667 508 quod
707 458 751 496 et
788 456 938 498 labore
978 456 1168 498 caruisti
1210 462 1254 500 et
1294 472 1377 511 ego
1408 463 1450 500 te
1481 459 1537 500 de

25 509 30 558 ζ
59 513 185 553 rebus
214 510 303 551 illis
333 523 419 550 non
451 508 641 550 audiam.
701 512 788 552 Ubi
819 512 880 553 sis
919 512 1232 554 hibernaturus
1272 518 1315 554 et
1344 528 1430 569 qua
1460 528 1536 569 spe

56 572 132 609 aut
161 565 432 616 conditione,
466 565 718 619 perscribas
750 567 804 608 ad
835 582 903 610 me
932 568 1077 610 velim.

293 755 611 799 EPISTOLA
643 757 760 799 CLI.
821 758 898 811 (ad
930 758 985 809 Q.
1017 760 1092 801 Fr.
1124 759 1211 801 111.
1242 760 1300 809 2.)

221 832 301 867 Ser.
330 833 477 867 Romae.
507 833 547 866 V.
575 832 629 866 ld.
656 833 808 867 Octobr.
836 834 879 867 A.
907 833 953 868 U.
980 833 1022 869 C.
1049 835 1129 870 700.
1156 834 1204 875 (a.
1233 834 1273 868 C.
1299 834 1375 875 64.)

52 900 256 935 Gabinium
283 900 324 933 in
349 899 488 933 Senatu
513 905 711 941 vexatum,
749 911 770 933 a
795 901 972 935 Memmio
997 901 1044 935 ad
1069 902 1252 947 populum
1279 901 1450 949 graviter
1476 914 1535 936 ac-

52 956 231 989 cusatum,
257 948 412 992 eiusque
436 946 620 981 iudicium
647 948 823 992 proxime
849 949 1021 981 futurum
1047 956 1187 983 narrat.
1219 951 1336 985 1—2.
1389 949 1534 983 Deinde

51 998 116 1041 qui
141 997 299 1032 ambitus
333 995 391 1030 rei
416 995 505 1036 sint,
541 994 633 1029 item
665 995 712 1029 de
744 995 910 1030 comitiis
946 997 1224 1040 consularibus,
1261 997 1307 1031 de
1340 997 1458 1044 Appii
1494 998 1534 1031 in

465 1042 642 1078 Ciliciam
669 1043 902 1078 successione
929 1046 1063 1079 refert.
1090 1046 1124 1080 3.

515 1110 713 1145 MARCUS
748 1110 788 1153 Q.
815 1109 999 1145 FRATRI
1025 1111 1062 1145 S.

157 1179 211 1220 A.
230 1178 274 1219 d.
294 1191 352 1219 vi.
373 1177 442 1220 Id.
455 1176 641 1219 Octobr.
701 1177 879 1220 Salvius
904 1177 1081 1220 Ostiam
1100 1180 1276 1235 vesperi
1295 1180 1400 1222 navi
1428 1194 1531 1236 pro-

21 1235 194 1284 zsectus
224 1238 321 1276 erat
351 1247 450 1274 cum
479 1233 537 1274 iis
568 1234 714 1283 rebus,
741 1246 852 1288 quas
882 1234 967 1275 tibi
998 1235 1131 1277 domo
1159 1235 1281 1277 mitti
1310 1236 1529 1279 volueras.

45 1291 219 1333 Eodem
259 1289 333 1330 die
373 1288 611 1330 Gabinium
652 1289 710 1329 ad
747 1290 957 1344 populum
1000 1291 1223 1333 luculente
1262 1292 1532 1334 calefecerat

20 1346 281 1406 xMemmius
321 1345 402 1392 sic,
441 1348 490 1386 ut
529 1344 709 1386 Calidio
748 1347 931 1387 verbum
969 1346 1118 1388 facere
1154 1361 1236 1403 pro
1276 1362 1328 1389 eo
1358 1361 1447 1390 non
1476 1347 1530 1388 li-

20 1407 21 1410 ’
46 1402 204 1445 cuerit.
262 1399 494 1443 Postridie
524 1404 666 1442 autem
697 1401 791 1443 eius
822 1401 932 1453 diei,
971 1403 1050 1460 qui
1080 1411 1175 1445 erat
1211 1406 1304 1445 tum
1334 1403 1527 1454 futurus,

46 1472 181 1516 quum
220 1456 331 1498 haec
366 1456 612 1498 scribebam
653 1461 754 1498 ante
794 1458 966 1509 lucem,
1020 1460 1136 1515 apud
1176 1459 1390 1501 Catonem
1435 1462 1530 1500 erat

46 1628 200 1661 bessern
226 1625 396 1665 Gb'nner‚
422 1624 520 1659 noch
548 1624 631 1658 eine
654 1623 830 1658 reichere
858 1623 1031 1665 Provinz,
1058 1622 1159 1657 noch
1186 1623 1267 1656 eine
1295 1621 1528 1668 passlichere

46 1674 279 1713 Lebenszeit‚
312 1673 409 1708 Dein
443 1673 571 1706 Gliick
606 1685 654 1706 zu
690 1671 864 1711 macheu,
900 1672 1011 1706 wirst
1047 1672 1106 1706 Du
1137 1671 1173 1704 ie
1206 1671 1351 1705 wieder
1384 1670 1525 1704 finden.

46 1729 180 1767 tempus
205 1737 253 1753 z
280 1720 531 1769 Gelegenheit
564 1721 640 1754 und
675 1721 762 1754 Zeit
796 1720 933 1767 gehijrt
968 1719 1117 1754 sowohl
1153 1732 1201 1753 zu
1226 1719 1414 1752 amicitiae
1440 1729 1527 1753 con-

44 1770 251 1805 firmandae
276 1769 332 1803 als
357 1769 578 1814 provinciae
603 1768 680 1802 und
704 1769 846 1802 aetatis.
904 1767 1014 1802 Auch
1039 1766 1190 1801 scheint
1215 1767 1276 1801 die
1303 1766 1527 1814 Erfahrung

44 1832 92 1854 zu
117 1818 341 1867 bestatigem
367 1817 448 1850 dass
475 1817 654 1850 meistens
686 1828 771 1850 nur=
794 1817 854 1849 ein
884 1816 1065 1863 gewisses
1091 1816 1203 1850 Alter
1234 1815 1296 1849 des
1322 1814 1527 1848 Menschen

45 1868 129 1901 sich
155 1866 249 1900 dazu
273 1865 504 1910 quassficire,
531 1865 612 1898 sein
639 1864 766 1899 Gliick
800 1864 960 1897 macheu
993 1877 1040 1898 zu
1065 1864 1217 1897 k‘cinnen
1254 1863 1329 1896 und
1355 1875 1402 1896 zu
1427 1862 1526 1896 wol-

43 1917 119 1950 len.
149 1935 190 1939 —
219 1914 321 1949 HOC
347 1939 355 1947 .
383 1939 392 1947 .
421 1939 428 1946 .
460 1912 648 1953 VIDEB.‚
676 1912 739 1946 das
765 1924 846 1946 war
871 1912 967 1944 auch
995 1912 1057 1945 das
1076 1910 1409 1958 unvorgreisliche
1428 1910 1524 1944 Gut-

43 1964 181 1998 achten
208 1962 272 1997 des
303 1972 455 2010 grossen
490 1961 652 1994 Iuristen
689 1961 728 2003 Q.
756 1960 972 2003 Cornelius,
1006 1961 1145 1994 Deines
1174 1959 1348 1992 Lehrers.
1402 1958 1438 1992 S.
1467 1969 1525 2003 ep.

17 2038 21 2052 ,
44 2011 237 2050 CXXXIX,
262 2012 294 2045 2.
347 2029 391 2034 —
440 2009 477 2042 in
502 2010 636 2042 vestris
662 2009 778 2042 libris.
830 2008 961 2042 Cicero
989 2008 1139 2041 scherzt
1165 2008 1204 2039 in
1232 2008 1371 2040 seinem
1397 2007 1526 2040 Briefe

44 2072 91 2092 an
118 2059 230 2093 einen
255 2057 421 2091 Iuristen
447 2057 518 2090 mit
543 2056 788 2091 iuristischen
814 2056 1111 2103 Anspielungen.
1172 2055 1222 2088 Es
1263 2056 1311 2088 ist
1347 2054 1524 2093 bekannt,

43 2109 124 2142 dass
150 2107 211 2141 die
238 2106 342 2139 alten
370 2104 716 2152 Rechtsgelehrten
751 2116 820 2138 zur
844 2097 1092 2151 Best'a'tigwing·
1125 2103 1237 2137 ihrer
1273 2102 1434 2137 Sentenz
1460 2101 1524 2136 das

17 2149 200 2189 *Urtheil
235 2153 397 2187 anderer
431 2153 596 2186 luriston
630 2165 677 2186 zu
710 2151 847 2186 citii-en
880 2151 955 2184 und
989 2144 1306 2185 beizuschreiben
1342 2151 1520 2197 pflegten.

15 2183 20 2250 ἓ
43 2203 175 2248 Vergl.
205 2213 262 2248 ep.
288 2202 428 2242 CXLV,
457 2202 497 2235 2:
524 2201 614 2234 idem
638 2201 765 2234 Illucio
793 2205 825 2233 et
852 2200 1013 2233 Manilio
1039 2200 1218 2243 placebat.
1250 2218 1285 2224 -
1334 2204 1368 2232 te
1395 2199 1437 2232 (Ie
1464 2209 1522 2231 re-

15 2257 19 2287 t
44 2252 108 2285 bus
133 2251 212 2284 illis
236 2251 260 2283 i.
287 2262 317 2284 e.
344 2256 382 2283 te
409 2249 637 2297 gloriantem
675 2249 721 2283 de
755 2248 864 2282 rebus
898 2260 916 2281 a
944 2254 980 2280 te
1019 2248 1144 2295 gestis.
1196 2248 1346 2282 Festiva
1373 2247 1518 2281 iocatio.

15 2306 19 2327 ὲ
46 2299 245 2333 MANUT.

17 2353 19 2398 Ι
142 2350 172 2382 1.
222 2347 269 2380 Α.
298 2347 332 2379 d.
361 2358 411 2379 ιν.
440 2345 490 2378 ld.
521 2345 680 2383 Octobr..
716 2356 773 2377 am
816 2346 870 2378 10.
905 2342 1074 2377 October.
1126 2362 1166 2368 —
1222 2343 1412 2377 Gabinium
1441 2368 1447 2374 .
1476 2369 1484 2376 .
1513 2369 1518 2374 .

16 2396 264 2439 {calefecerat
294 2395 511 2433 Illemmius,
562 2393 630 2426 der
663 2392 808 2425 Tribun
843 2392 1040 2424 Memmius
1084 2391 1187 2424 hatte
1232 2392 1302 2425 den
1338 2390 1521 2424 Gabinius

15 2446 19 2494 ξ
44 2443 169 2477 durch
196 2443 297 2476 seine
324 2442 423 2476 Rode
449 2443 523 2474 an’s
549 2441 650 2475 Volk
675 2452 714 2474 so
742 2440 926 2486 gexvaltig
953 2439 1054 2473 heiss
1081 2439 1272 2485 gemacht,
1299 2451 1338 2473 so
1365 2439 1519 2485 gehetzt

47 2492 69 2524 i.
98 2503 128 2525 e.
167 2490 415 2525 vehementer
449 2494 696 2522 accusaverat.
749 2489 786 2522 S.
815 2501 861 2521 zu
887 2500 943 2531 ep.
973 2488 1132 2524 CXLVI,
1161 2489 1216 2521 15.
1270 2486 1447 2520 N'a'znlich
1474 2486 1518 2521 de

47 2538 276 2585 repetundis.
329 2531 432 2572 U'bm·
457 2537 528 2570 den
556 2537 731 2584 Ausgang
757 2536 880 2568 dieser
908 2536 1028 2581 Klage
1052 2548 1079 2569 s.
1100 2535 1225 2569 Valer.
1251 2538 1347 2569 Max.
1366 2535 1471 2570 vill.
1489 2537 1517 2568 1.

15 2578 18 2636 ξ
47 2607 88 2613 -
118 2589 165 2620 Μ.
194 2587 339 2620 Calidio
375 2586 530 2619 oratori.
581 2584 614 2618 S.
644 2597 701 2629 ep.
730 2585 865 2623 vall,
893 2587 923 2618 7.
979 2583 1118 2623 CXXX,
1146 2585 1179 2618 2.
1232 2585 1331 2616 Brut.
1359 2583 1520 2623 hxxlx,

45 2636 127 2671 27-1.
153 2653 195 2658 —
226 2634 409 2668 Postridie
434 2645 464 2665 e.
493 2633 619 2666 Genit.
673 2632 707 2664 S.
738 2632 888 2665 Ramsb.
916 2632 942 2672 §-
974 2634 1052 2670 115,
1081 2632 1142 2668 lv,
1169 2632 1200 2664 2.
1244 2650 1289 2655 —
1339 2642 1445 2675 quum
1474 2645 1517 2662 z

46 2694 119 2726 quo
146 2682 218 2716 die.
269 2681 303 2714 S.
330 2681 479 2715 Ramsh.
506 2680 535 2723 ᾗ.
563 2682 643 2715 203.
671 2681 733 2718 lv,
762 2683 794 2718 1,
821 2681 853 2711 b.
905 2698 945 2702 —
998 2680 1096 2723 opud
1131 2679 1212 2711 (Tul.
1240 2684 1318 2711 erat
1345 2679 1520 2712 divinatio

14 2722 18 2784 f
47 2733 144 2764 inter
169 2736 252 2773 etc..
289 2731 395 2763 sollte
428 2729 525 2763 beim
555 2730 682 2762 l‘riitor
716 2730 760 2761 M.
791 2728 879 2761 Caio
919 2727 1138 2765 (Uticensis)
1178 2727 1367 2761 zwischen
1405 2729 1519 2762 Mem-

14 2871 17 2908 ἰ

13 2959 17 3006 ἒ
