1742 3006
557 68 878 113 EPISTOLA
909 70 1127 116 CXLVI.
1492 75 1585 123 467

93 193 242 233 manu,
282 181 408 222 venit
437 178 494 221 ad
522 193 604 222 nos
635 181 799 222 Cicero
829 184 931 223 tuus
962 183 1021 223 ad
1050 197 1251 237 coenam,
1281 198 1416 241 quum
1449 188 1581 230 Pom-

93 237 230 291 ponia
265 234 376 278 foris
417 240 639 277 coenaret.
726 235 871 277 Dedit
910 237 1026 279 mihi
1065 241 1304 295 epistolam
1344 242 1581 297 legendam

94 298 242 345 tuam,
283 306 416 347 quam
455 292 608 346 paullo
638 295 741 334 ante
771 298 1035 347 acceperat,
1065 296 1400 351 Aristophaneo
1429 300 1580 352 modo,

95 349 228 389 valde
258 348 516 389 mehercule
547 352 593 388 et
622 361 802 390 suavem
831 352 877 389 et
907 363 1116 403 gravem:
1167 366 1255 406 qua
1292 367 1388 395 sum
1427 355 1581 397 admo—

95 403 202 444 dum
232 403 499 444 delectatus.
579 403 724 444 Dedit
764 403 900 445 etiam
930 406 1119 447 alteram
1149 407 1278 449 illam
1307 409 1447 463 mihi,
1493 424 1582 466 qua

95 460 221 500 iubes
261 472 362 500 eum
402 458 518 500 mihi
549 472 645 500 esse
676 459 868 501 affixum
897 463 1110 516 tanquam
1140 464 1372 518 magistro.
1433 466 1581 516 Quam

93 516 226 556 illum
255 515 478 570 epistolae
507 515 617 556 illae
649 515 957 560 delectarunt!
1000 531 1131 572 quam
1160 522 1254 562 me!
1311 520 1443 562 Nihil
1474 536 1580 577 pue-

94 585 146 612 ro
175 571 259 611 illo
290 571 486 623 suavius,
516 570 633 612 nihil
665 572 810 612 nostri
840 574 1071 614 amantius.
1158 574 1286 617 Haec
1327 577 1448 618 inter
1478 591 1579 620 coe—

92 639 195 668 nam
225 626 391 668 Tironi
422 627 619 680 dictavi,
647 640 704 668 ne
733 628 897 670 mirere
926 629 1020 670 alia
1047 643 1180 672 manu
1211 645 1322 673 esse.
1410 635 1577 675 Annali
1591 639 1645 678 20

92 687 327 737 pergratae
358 683 520 724 literae
551 686 652 724 tuae
682 682 878 737 fuerunt,
907 685 1025 738 quod
1057 690 1102 727 et
1133 699 1314 729 curares
1345 688 1402 729 de
1431 703 1478 730 se
1509 689 1579 731 di-

93 739 291 792 ligenter
320 743 366 779 et
395 743 542 779 tamen
573 740 767 781 consilio
797 742 1084 782 severissimo
1115 742 1306 784 iuvares.
1385 744 1441 786 P.
1474 745 1579 786 Ser-

91 795 231 835 vilius
271 799 400 849 pater
429 808 489 835 ex
520 795 693 848 litoris,
742 809 853 850 quas
894 797 981 837 sibi
1011 811 1038 839 a
1067 797 1260 840 Caesare
1290 800 1449 842 missas
1480 815 1578 843 esse

92 850 286 902 dicebat,
316 850 546 903 significat
579 851 711 892 valde
741 855 785 891 te
816 852 903 891 sibi
934 857 1109 906 gratum
1139 853 1328 907 fecisse,
1371 857 1491 910 quod
1521 857 1578 898 de

89 919 170 947 sua
198 907 432 947 voluntate
458 918 565 959 erga
587 905 826 946 Caesarem
856 905 1174 950 humanissime
1204 910 1576 964 diligentissime·

88 976 174 1016 que
205 963 381 1003 locutus
412 975 544 1002 esses.
625 961 773 1010 Quum
813 959 1004 1003 Romam
1034 978 1093 1005 ex
1121 965 1334 1019 Arpinati
1364 969 1573 1009 revertis·
1590 977 1640 1017 21

89 1031 198 1071 sem,
229 1018 400 1058 dictum
429 1016 544 1057 mihi
575 1021 643 1058 est
668 1017 1004 1072 Hippodamum
1033 1020 1090 1060 ad
1120 1024 1165 1061 te
1186 1020 1440 1074 profectum
1465 1037 1576 1066 esse.

86 1073 189 1115 Non
228 1087 406 1128 possum
434 1074 633 1114 scribere
677 1087 746 1114 me
776 1074 988 1115 miratum
1033 1088 1131 1116 esse
1161 1076 1291 1117 illum
1323 1081 1414 1119 tam
1445 1079 1577 1121 inhu-

86 1130 281 1170 maniter
301 1128 480 1182 fecisse,
511 1132 560 1170 ut
590 1129 686 1170 sine
718 1130 830 1170 meis
856 1130 1005 1170 literis
1033 1131 1092 1172 ad
1118 1136 1162 1172 te
1186 1132 1579 1187 proficisceretur:

86 1185 204 1226 illud
240 1185 413 1237 scribo,
459 1185 575 1225 mihi
611 1185 850 1226 molestum
888 1184 1042 1228 fuisse.
1113 1187 1210 1227 Iam
1239 1189 1360 1229 enim
1392 1190 1472 1230 diu
1501 1204 1578 1232 co-

85 1242 335 1296 gitaveram
365 1255 424 1281 ex
455 1255 531 1293 eo,
569 1240 690 1295 quod
719 1245 768 1282 tu
798 1241 856 1282 ad
885 1255 955 1282 me
985 1243 1255 1297 scripseras,
1294 1250 1367 1295 ut,
1396 1247 1436 1286 si
1466 1247 1577 1300 quid

87 1302 219 1349 esset,
250 1297 372 1352 quod
401 1296 457 1337 ad
489 1301 533 1337 te
564 1296 831 1350 diligentius
861 1297 1055 1351 perferri
1084 1299 1263 1351 vellem,
1293 1300 1366 1340 illi
1398 1301 1575 1344 darem:

84 1353 205 1406 quod
242 1351 500 1394 mehercule
544 1351 671 1392 hisce
713 1352 885 1403 literis,
938 1367 1047 1407 quas
1085 1355 1222 1409 vulgo
1264 1356 1321 1395 ad
1352 1360 1396 1397 te
1426 1358 1574 1410 mitto,

84 1407 201 1449 nihil
242 1408 338 1449 fere
378 1409 551 1461 scribo,
593 1406 739 1462 quod,
789 1408 828 1448 si
858 1408 905 1448 in
934 1409 1127 1450 alicuius
1156 1423 1311 1451 manus
1342 1413 1574 1464 inciderit,

83 1465 273 1505 moleste
302 1464 537 1505 ferendum
566 1465 640 1506 sit.
699 1463 901 1505 Minucio
931 1479 1002 1505 me
1032 1469 1078 1506 et
1112 1465 1266 1508 Salvio
1297 1472 1342 1508 et
1371 1468 1575 1510 Labeoni

84 1522 381 1562 reservabam.
448 1519 598 1561 Labeo
638 1523 714 1560 aut
755 1520 886 1561 tarde
925 1520 1241 1574 proficiscetur
1265 1528 1342 1564 aut
1373 1522 1451 1565 hic
1480 1538 1574 1566 ma-

11 1589 14 1628 J
85 1577 224 1617 nebit.
294 1577 604 1631 Hippodamus
646 1589 701 1616 ne
730 1576 947 1631 numquid
976 1578 1141 1619 vellem
1171 1578 1352 1633 quidem
1382 1581 1573 1635 rogavit.

12 1671 13 1681 χ
85 1669 1568 1679 &mh—m*—

11 1707 15 1753 ἶ,
84 1717 242 1755 Ramsh.
270 1717 297 1760 ξ.
327 1721 406 1759 189,
433 1721 500 1754 111.
553 1740 597 1746 —-
639 1721 765 1762 sori-9,
809 1732 934 1755 ausser
968 1721 1054 1755 dem
1082 1724 1214 1757 Haase.
1265 1725 1326 1759 Sic
1355 1724 1453 1761 Cdd.
1482 1725 1570 1771 aliq.

11 1755 15 1791 ἶ
81 1766 224 1800 Minut.
265 1768 363 1802 Crat.
403 1769 497 1802 vict.
542 1772 575 1804 1.
610 1770 712 1803 Man.
748 1770 880 1804 Lamb.
903 1770 1023 1812 foras
1054 1771 1134 1804 Md.
1169 1771 1268 1807 vict.
1302 1774 1334 1807 2.
1375 1774 1465 1814 (cfr.
1495 1774 1572 1807 eius

11 1815 15 1864 l
88 1814 179 1847 Var.
214 1813 327 1848 Lectt.
368 1818 428 1859 15,
455 1818 516 1858 5.)
550 1819 637 1850 Ern.
671 1816 760 1850 Sch.
787 1819 887 1852 Liin.
916 1818 1118 1862 Pomponia
1155 1831 1230 1853 war
1256 1820 1315 1853 die
1342 1821 1571 1855 Gemahlinn

12 1872 15 1914 ᾗ
84 1861 147 1895 des
173 1863 340 1908 Quintus.
366 1883 413 1889 -—
438 1864 626 1908 Arz'stoplz.
653 1865 753 1898 modo
787 1867 1044 1911 conscriptam
1070 1867 1094 1900 i.
1123 1879 1154 1901 e.
1183 1869 1334 1902 facetiis
1359 1870 1569 1915 salibusque

12 1917 15 1961 J
84 1911 247 1956 plenam.
272 1931 320 1937 —
354 1912 450 1946 m'lzz'l
473 1914 593 1947 nostri
617 1913 818 1956 amantius,
846 1925 884 1947 es
910 1915 1001 1959 geht
1026 1915 1161 1949 Nichts
1188 1918 1283 1951 iiber
1308 1917 1409 1949 §eine
1436 1919 1569 1952 Zunei-

12 1969 15 2012 ξ
83 1969 182 2004 gung
207 1972 253 1994 zu
278 1961 363 1995 mir.
414 1961 448 1995 S.
475 1962 621 1995 Ramsh.
650 1962 683 2006 ἓ.
712 1962 794 2002 203,
821 1964 856 2004 1,
883 1974 915 2004 a,
941 1964 974 1997 5.
1001 1981 1049 1987 —-
1074 1965 1189 2006 Haec,
1219 1976 1312 2010 quae
1338 1973 1554 2010 sequuntur.

178 2008 236 2043 20.
280 2007 317 2041 L.
349 2009 466 2042 Villio
492 2010 653 2053 Annali,
697 2009 833 2043 Villiae
859 2012 993 2055 gentis,
1020 2011 1202 2056 plebeiae.
1256 2014 1397 2047 Natum
1424 2026 1569 2059 cogno-

81 2067 168 2090 men
194 2057 240 2089 ab
267 2067 325 2099 eo,
352 2057 418 2101 qui
443 2058 564 2100 legem
589 2060 633 2091 de
658 2058 825 2102 petendis
851 2059 1132 2103 magistratibus
1158 2062 1328 2094 annalem
1352 2063 1388 2095 in
1404 2063 1571 2097 tribuna-

13 2114 15 2135 :
80 2112 122 2139 tu
146 2104 198 2150 pl.
224 2105 325 2138 tulit.
353 2105 558 2141 MANUT.
608 2106 696 2139 Vid.
722 2106 800 2140 Liv.
829 2107 908 2147 XL,
936 2108 997 2143 44.
1071 2110 1178 2142 Iener
1213 2121 1287 2143 war
1314 2111 1373 2143 ein
1399 2113 1570 2145 Senator.

13 2161 15 2166 ⁴
79 2154 115 2187 S.
141 2153 188 2186 ad
212 2153 345 2188 Famil.
376 2152 465 2187 VIII
482 2179 492 2196 ‚
524 2155 556 2191 8.
584 2154 818 2197 (CCXXIII).
874 2173 913 2179 —
967 2156 1005 2188 P.
1033 2155 1215 2190 Servilius
1241 2160 1437 2202 Isauricus,
1464 2167 1571 2205 pater

12 2201 15 2212 ⁴
79 2203 120 2236 P.
147 2202 297 2236 Servilii
322 2202 416 2243 filii,
445 2203 490 2235 de
517 2214 589 2247 quo
615 2214 672 2248 ep.
702 2203 833 2245 XXIV,
861 2204 896 2238 9.
929 2202 1060 2242 XXVI,
1090 2206 1148 2241 10.
1178 2207 1342 2249 CXLIX,
1368 2209 1405 2243 5.
1447 2209 1495 2241 ad
1529 2208 1568 2250 Q.

13 2255 15 2257 ’
82 2251 202 2283 Fratr.
228 2250 277 2289 11,
304 2252 326 2285 3
354 2250 498 2293 (XCIX,
525 2253 586 2294 2)5
613 2252 658 2286 de
680 2259 787 2298 patre
809 2263 866 2297 ep.
893 2251 1014 2294 XCII,
1041 2254 1074 2287 3.
1111 2272 1153 2277 —
1195 2255 1337 2288 loculus
1364 2266 1457 2289 esses
1484 2268 1569 2290 cum

80 2298 251 2333 Caesare.

176 2348 236 2384 21.
267 2346 529 2390 Hippodamus.
580 2349 615 2383 S.
639 2350 670 2393 §.
696 2349 730 2384 9.
772 2367 816 2373 —-
865 2349 1075 2390 molestum,
1102 2350 1190 2383 sehr
1214 2351 1497 2395 unangenehm.
1525 2371 1568 2377 —

0 2366 15 2455 ε’
81 2395 159 2428 Iam
185 2421 192 2428 .
213 2420 221 2427 .
241 2420 248 2426 .
278 2396 546 2438 cogitaveram,
574 2396 674 2429 denn
701 2397 821 2430 sehon
846 2397 955 2440 lange
985 2397 1091 2431 hatte
1117 2399 1183 2431 ich
1210 2400 1277 2432 auf
1300 2399 1365 2432 ihu
1394 2400 1567 2434 desshalb

80 2442 299 2487 gerechnet‚
327 2444 409 2476 weil
436 2455 470 2479 u.
496 2455 524 2477 s.
553 2456 595 2477 w.
625 2464 667 2469 —
701 2445 875 2485 alicuius,
912 2445 1106 2479 Caesaris?
1135 2465 1175 2470 —
1210 2458 1262 2480 me
1289 2462 1337 2479 z:
1363 2459 1463 2481 meas
1490 2450 1568 2493 epi—

0 2474 9 2524 l
82 2491 204 2525 stolas.
229 2510 276 2516 —-
302 2491 484 2524 Minucio.
533 2492 642 2526 Diess
667 2493 715 2534 ist
743 2495 815 2527 wol
840 2494 881 2526 L.
911 2495 1100 2527 Minucius
1124 2495 1290 2536 Basilus,
1319 2496 1383 2528 der
1410 2496 1469 2529 bei
1497 2500 1567 2530 ca-

3 2535 8 2555 '
81 2550 141 2571 sai·
166 2540 203 2572 in
230 2540 381 2573 Gallien
410 2551 497 2573 war.
553 2539 590 2577 S.
626 2541 672 2573 de
699 2541 812 2576 offic.
841 2541 916 2582 111,
953 2543 1009 2578 18.
1053 2543 1160 2579 Caes.
1195 2544 1241 2576 de
1267 2545 1309 2579 B.
1338 2545 1385 2578 G.
1415 2544 1474 2587 Vl,
1501 2547 1567 2585 293

81 2587 187 2619 nicht
211 2588 400 2621 Minucius
427 2588 574 2632 Magius
600 2589 646 2622 ad
671 2590 788 2623 Attio.
817 2589 890 2628 IX,
921 2591 984 2633 13,
1010 2592 1111 2624 noch
1141 2594 1205 2624 Cn.
1235 2617 1241 2623 .
1273 2618 1279 2624 .
1309 2593 1495 2626 Minucius
1521 2594 1567 2627 ad

81 2635 213 2668 Famil.
242 2636 322 2675 XII,
350 2637 410 2670 25.
439 2655 483 2660 —
509 2636 647 2670 Salvio.
700 2640 737 2671 S.
767 2649 827 2682 ep,
858 2638 950 2670 CLI.
987 2658 1030 2663 -—
1082 2639 1253 2676 Labeoni,
1304 2640 1338 2673 S.
1368 2653 1423 2686 cp.
1450 2641 1565 2682 XXX,

14 2708 17 2726 ,
79 2686 114 2717 4.
142 2702 185 2707 ·-—
213 2684 382 2727 numquid
404 2685 543 2726 vellem,
570 2685 618 2718 ob
645 2685 709 2719 ich
737 2686 860 2719 Etwas
887 2698 932 2718 zu
960 2686 1137 2720 bestellen
1164 2687 1284 2720 hatte.
1344 2688 1407 2723 Sic
1433 2691 1562 2724 Lamb.

81 2732 116 2764 in
143 2744 189 2765 m.
220 2733 326 2768 1584.
367 2730 453 2765 Sch.
490 2732 548 2766 ed.
586 2733 678 2769 min.
705 2735 801 2768 L‘tm.
852 2736 950 2767 item
984 2736 1116 2768 Lamb.
1146 2737 1247 2777 1566,
1275 2737 1337 2770 sed
1364 2749 1447 2771 cum
1477 2739 1565 2776 cdd.

1043 2785 1142 2828 30*
