1742 3006
393 85 712 131 EPISTOLA
740 84 945 128 LXXV.
977 85 1204 131 LXXVI.
1456 88 1552 136 277

19 209 22 252 ξ
65 203 114 245 et
140 198 370 244 liberabor
398 200 488 242 ista
515 212 646 241 cura:
684 197 770 239 tibi
808 198 959 240 tamen
990 213 1043 241 eo
1081 201 1183 255 plus
1222 198 1417 253 debeb0,
1462 216 1548 256 quo

17 255 22 287 i
65 262 143 299 tua
173 260 221 299 in
250 271 320 298 mc
359 255 613 298 humanitas
651 253 791 295 fuerit
829 255 1061 296 excelsior
1093 270 1225 311 quam
1269 257 1317 297 in
1353 260 1398 297 te
1436 271 1546 299 mea.

18 313 21 321 ²
65 313 243 366 Veli-m,
282 313 393 368 quid
428 311 610 363 videas,
659 310 769 365 quid
808 309 1068 365 intelligas,
1114 312 1225 365 quid
1265 316 1446 367 agatur,
1487 315 1546 355 ad

62 382 136 410 me
163 371 357 411 scribast
387 371 573 421 tuosque
602 380 754 407 omnes
774 365 831 406 ad
852 371 1050 407 nostram
1076 369 1265 409 salutem
1288 368 1543 411 adhortare.

63 424 265 480 Rogatio
293 424 432 466 Sestii
463 435 604 478 neque
632 421 871 476 dignitatis
900 423 1011 463 satis
1042 421 1179 464 habet
1202 437 1286 464 nec
1307 425 1542 467 cautionis.

61 480 179 522 Nam
209 486 254 523 et
282 479 547 521 nominatim
586 477 699 519 ferri
738 481 918 532 oportet
958 482 1004 520 et
1033 478 1089 519 de
1119 479 1247 519 bonis
1277 480 1543 535 diligentius

18 551 22 575 ,-
60 537 225 578 sci-ibi:
262 540 308 578 et
336 535 386 576 id
415 534 746 577 animadvertas
775 534 928 577 velim.
985 534 1091 576 Dat.
1121 535 1205 576 lv.
1234 534 1349 581 Non.
1381 537 1540 581 Octob.

18 589 22 654 J
57 591 427 636 Thessalonicae.

238 813 554 857 EPISTOLA
595 812 824 858 LXXVI.
884 813 964 866 (ad
993 813 1100 855 Div.
1131 810 1263 854 XIV.
1293 810 1355 859 2.)

125 886 204 922 Ser.
231 888 518 922 Thessalonicae
543 887 614 921 111.
648 887 753 923 Non.
780 887 867 922 Oet.
894 889 937 924 A.
965 890 1009 923 U.
1036 889 1080 921 c.
1109 889 1193 923 69¹6.
1242 887 1290 929 (a.
1319 888 1361 922 c.
1387 887 1466 929 58.)

17 958 20 979 ²
52 954 288 990 maestitiam
321 968 425 990 suam
459 962 497 988 et
529 966 658 988 curam
686 956 907 1001 luctumque
942 967 985 988 ex
1024 955 1169 999 magnis
1202 954 1326 987 uxoris
1359 954 1540 987 molestiis

18 1002 21 1050 ,⁴
53 1006 104 1039 ob
130 1016 258 1038 casum
283 1016 390 1038 suum
416 1004 601 1050 susceptis
626 1003 796 1038 declarat
829 1011 887 1046 et,
922 1010 966 1037 ut
998 1003 1072 1036 suis
1106 1002 1332 1036 facultatum
1366 1002 1540 1046 reliquiis

18 1058 20 1067 '
295 1059 426 1098 parcat
456 1052 781 1099 valetudinemque
814 1058 942 1095 curet,
979 1052 1168 1085 hortatur.
1204 1052 1293 1085 1-4.

18 1145 21 1190 ᾖ
51 1141 108 1177 Μ.
136 1139 352 1178 TULLIUS
385 1139 421 1174 S.
453 1140 498 1173 D.
533 1140 932 1223 ΤΕΒΕέἔᾶἳΕὸυξξ
974 1138 1259 1175 TULLIOLAE
1295 1137 1362 1171 ET
1404 1137 1540 1173 CICE—

17 1287 21 1317 ᾗ
161 1255 273 1298 Noli
310 1258 468 1311 putare
510 1269 581 1297 me
621 1257 680 1297 ad
730 1269 996 1312 quemquam
1044 1255 1274 1309 longiores
1323 1252 1538 1308 epistolas

18 1328 21 1347 r
52 1311 277 1365 scribere,
323 1313 413 1352 nisi
454 1312 494 1352 si
543 1312 643 1365 quis
681 1312 740 1353 ad
780 1326 850 1354 me
889 1313 1023 1365 plura
1059 1311 1268 1365 scripsit,
1320 1310 1393 1350 cui
1432 1312 1538 1363 puto

17 1364 21 1427 ζ
51 1368 242 1409 rescribi
272 1371 494 1422 oportere.
552 1366 650 1408 Nec
680 1368 798 1409 enim
827 1368 999 1420 habeo,
1039 1366 1148 1420 quid
1192 1366 1408 1406 scribam:
1456 1378 1539 1405 nec

18 1437 21 1461 ι
52 1424 142 1465 hoc
178 1427 379 1477 tempore
419 1423 660 1477 quidquam
702 1423 944 1465 difficilius
984 1423 1122 1464 facio.
1179 1422 1253 1463 Ad
1282 1427 1326 1462 te
1355 1433 1463 1462 vero
1494 1424 1539 1461 et

17 1480 111 1532 {ad
153 1483 352 1520 nostram
392 1478 645 1520 Tulliolam
685 1493 772 1520 non
812 1493 926 1535 queo
965 1480 1061 1519 sine
1090 1478 1301 1533 plurimis
1332 1477 1535 1517 lacrimis

17 1536 262 1582 {scribere
345 1534 442 1576 Vos
482 1535 600 1576 enim
638 1535 773 1576 video
812 1549 909 1577 esse
948 1535 1253 1586 miserrimas,
1304 1546 1413 1587 quas
1452 1546 1535 1586 ego

0 1599 21 1659 οξ
50 1591 329 1633 beatissimas
369 1603 545 1645 semper
582 1604 679 1633 esse
718 1591 844 1635 volui
888 1590 1024 1645 idque
1056 1593 1282 1645 praestare
1313 1588 1445 1629 debui
1474 1592 1534 1640 et,

18 1770 22 1804 Ι
50 1769 84 1804 1.
113 1767 217 1805 crat,
244 1766 344 1801 Vict.
374 1767 404 1804 l.
431 1768 466 1802 2.
493 1766 626 1802 Lamb.
651 1765 735 1800 Bos.
761 1765 909 1802 Bentiv.
947 1766 1054 1801 debeo
1088 1765 1225 1799 Graev.
1258 1765 1350 1799 Ern.
1378 1761 1531 1797 Schiitz.

18 1805 22 1860 ξ
49 1816 164 1856 Liin.;
199 1822 356 1861 propter
389 1826 502 1859 quem
539 1826 707 1848 errorem
748 1815 836 1848 sch.
868 1826 954 1848 mox
987 1815 1156 1860 scripsit:
1184 1814 1266 1856 fuit
1298 1823 1369 1857 pro
1395 1812 1532 1853 fuerit.

18 1863 22 1903 Ι
51 1863 250 1898 ORELLI.
296 1863 345 1897 So
371 1864 471 1897 auch
497 1865 651 1897 Li'uiem.
677 1882 724 1888 -
749 1864 915 1905 Rogana
941 1863 1054 1897 Sestia‘
1080 1865 1122 1903 (s.
1150 1863 1264 1907 vorig.
1289 1861 1398 1894 Brief
1423 1860 1457 1904 §.
1484 1861 1535 1900 2.)

0 1912 22 1965 v}
44 1913 160 1956 „was
187 1911 320 1945 Sestius
345 1924 388 1945 zu
412 1912 574 1946 meinem
600 1912 768 1946 Gunsten
794 1912 835 1945 in
851 1912 1057 1956 Vorsclilag
1083 1911 1245 1956 bringen
1270 1909 1360 1951 will,
1384 1909 1435 1941 ist
1459 1918 1532 1940 we-

47 1960 114 1993 der
139 1961 264 1993 sicher
290 1961 390 1994 noch
417 1961 607 1995 ehrenvoll
631 1960 796 2005 genug.“
844 1962 897 1995 Er
922 1960 1052 1994 wollte
1088 1957 1284 1998 namuel„
1320 1958 1420 1991 ohne
1448 1956 1533 1989 Clo-

48 2008 129 2041 dius
153 2020 188 2041 u.
221 2009 352 2042 Cicero
379 2021 427 2042 zu
454 2009 677 2052 erwfflinen,
703 2019 796 2054 ganz
821 2009 874 2042 im
889 2008 1145 2054 Allgemeineu
1174 2006 1307 2040 darauf
1331 2012 1529 2049 anti-agen,

49 2057 134 2089 dass
167 2056 247 2088 eine
278 2056 340 2089 lex
374 2057 414 2089 in
448 2058 597 2103 privum
629 2056 820 2091 hominem
846 2058 933 2090 data
959 2060 999 2100 (s.
1025 2056 1280 2101 privilegium)
1306 2065 1375 2087 nec
1403 2058 1530 2086 centu-

19 2112 22 2127 ¹
47 2105 157 2139 riatis
192 2104 255 2138 sed
289 2105 440 2138 tributis
476 2105 640 2139 comitiis
675 2106 821 2151 perlata
850 2108 976 2139 iniisse
1002 2104 1240 2149 abgeschafft
1265 2102 1341 2136 und
1365 2102 1430 2135 fiir
1453 2100 1530 2134 null

0 2147 22 2198 bi
47 2154 122 2186 und
145 2153 291 2196 nichtig
318 2154 457 2186 erkliitt
482 2154 638 2187 werden.
687 2154 781 2188 Eine
813 2165 855 2188 so
891 2154 1097 2198 allgemein
1132 2152 1344 2195 abges-asste
1377 2150 1528 2195 rogatio

0 2197 22 2226 '¹
46 2202 176 2236 schien
202 2202 347 2234 Furcht
374 2213 440 2235 vor
457 2202 606 2235 Clodius
623 2214 672 2236 zu
697 2203 920 2244 veri-athen,
946 2202 1023 2235 und
1040 2212 1120 2235 war
1141 2201 1215 2233 also
1242 2200 1353 2233 nicht
1378 2198 1528 2232 wurde-

0 2213 22 2290 ἰ·
47 2251 126 2284 voll
151 2261 286 2294 genug.
313 2269 357 2274 —
384 2251 593 2283 nominatim
607 2251 735 2293 ferri,
768 2251 833 2284 ich
859 2262 959 2283 muss
984 2250 1047 2283 bei
1072 2249 1158 2282 dem
1179 2251 1340 2293 Antrage
1367 2252 1528 2291 genannt

0 2292 21 2339 Ι.
46 2299 106 2331 od.
133 2298 369 2332 namentlich
399 2310 498 2332 muss
534 2299 599 2332 auf
630 2299 737 2332 mich
772 2306 998 2343 angetragen
1029 2297 1194 2332 werden.
1233 2297 1296 2330 Sic
1325 2298 1451 2337 Crat„
1487 2300 1527 2327 ut

0 2341 22 2389 ᾗ,
47 2346 167 2380 voluit
191 2347 332 2380 Bentiv.
358 2346 513 2383 Sch'utz.
535 2348 666 2391 ferre,
694 2348 794 2382 Cett.
824 2359 911 2380 cum
936 2347 1016 2380 Md.
1046 2345 1244 2380 ORELLI.
1269 2363 1314 2370 —
1348 2344 1390 2378 de
1426 2342 1527 2376 bonis

0 2392 22 2439 ³15
47 2395 222 2427 Ciceroni
245 2395 486 2430 restituendis
511 2395 575 2429 dil.
599 2395 732 2438 scribi,
758 2395 819 2428 die
834 2394 1213 2442 VViedereinsetzung
1238 2394 1276 2426 in
1303 2393 1401 2426 mein
1428 2393 1526 2424 Ver-

0 2432 23 2470 l·¹
45 2444 179 2487 mogen
204 2454 300 2477 muss
324 2455 489 2488 genauer
514 2444 708 2478 bestimmt
732 2444 886 2479 werden
911 2443 1096 2478 cautionis
1123 2454 1244 2476 causa.
1274 2460 1318 2466 -
1352 2441 1413 2483 id,
1438 2439 1524 2473 Bei-

0 2497 22 2526 *3
47 2490 132 2530 des,
157 2490 264 2524 beide
288 2494 442 2526 Puncte.
472 2510 513 2518 -—
540 2491 610 2527 11⁷.
636 2493 734 2526 Non.
761 2492 930 2535 Octofflu,
952 2503 1014 2526 am
1039 2494 1125 2526 ‘nen
1153 2490 1333 2524 October.

144 2558 174 2591 1.
202 2558 389 2599 longiores
413 2571 522 2605 quam
548 2559 593 2592 ad
629 2567 686 2599 te,
721 2559 913 2593 Terentia.
947 2580 991 2586 -—
1033 2559 1128 2603 quid.
1159 2557 1221 2591 Sic
1248 2555 1332 2592 Md.
1360 2553 1520 2600 Neapol-

0 2602 23 2644 †·'
45 2605 189 2638 Victor.
218 2609 248 2640 l.
264 2608 298 2640 2.
326 2609 458 2641 Graev.
484 2608 578 2652 quod
600 2609 682 2642 Asc.
703 2611 735 2642 l.
761 2609 863 2642 Crat.
884 2609 1014 2642 Lamb.
1040 2608 1130 2641 Ern.
1149 2605 1342 2639 Benedict.
1369 2602 1518 2636 Schutz.

43 2655 202 2687 Li'mcm.
237 2655 431 2689 ORELLI.
464 2675 511 2680 —
548 2656 748 2698 difficilius
775 2657 889 2698 facio
920 2658 1002 2691 scil.
1036 2666 1147 2700 quam
1183 2660 1224 2686 ut
1258 2652 1444 2693 scribam,
1481 2662 1519 2684 es

0 2712 23 2747 tq
46 2702 194 2736 kommt
218 2703 291 2735 mir
316 2704 451 2737 Nichts
477 2703 665 2738 schwerer
691 2716 748 2738 an.
773 2723 818 2728 —
851 2705 956 2748 idque
980 2708 1171 2748 praestare
1197 2701 1318 2743 debui,
1353 2699 1429 2734 und
1456 2699 1521 2732 das

20 2760 24 2777 1
46 2757 181 2785 musste
206 2751 268 2785 ich
293 2751 401 2786 Euch
426 2752 580 2793 leistcn;
613 2753 780 2788 ulimlich
805 2753 868 2788 ich
894 2765 972 2789 war
998 2751 1170 2796 scliuldig
1192 2750 1299 2785 Euch
1325 2747 1521 2794 glucklich
