1742 3006
209 83 306 131 270
487 85 553 129 M.
585 86 641 129 T.
674 81 1013 131 CICERONIS
1043 85 1418 133 EPISTOLAE.

146 202 174 243 6
210 212 266 242 ne
307 199 520 255 tangatis.
607 197 780 240 Verum
819 200 889 240 est
917 197 1133 254 stultum,¹
1169 211 1241 241 me
1269 201 1554 257 praecipere,
1583 205 1692 259 quid

209 255 383 311 agatis,
428 256 506 295 aut
543 265 633 308 quo
671 254 818 295 modo.
893 254 1079 296 Utinam
1117 256 1252 298 modo
1291 261 1453 312 agatur
1495 258 1692 313 aliquid!

209 313 259 354 in
288 324 377 366 quo
406 309 505 366 ipso
534 310 678 351 multa
707 310 935 352 occultant
964 314 1067 353 tuae
1097 311 1274 366 literae,
1304 313 1456 367 credo,
1485 326 1540 355 ne
1560 314 1694 357 vehe-

209 367 402 409 mentius
448 365 765 421 desperatione
804 367 1052 421 perturber.
1138 368 1264 418 Quid
1301 371 1421 411 enim
1459 369 1588 412 vides
1618 372 1693 425 agi

209 435 339 478 posse
369 425 448 464 aut
477 436 565 478 quo
593 421 756 464 modo?
809 422 905 463 Per
933 424 1216 466 senatumne?
1271 426 1357 467 Ast
1386 429 1480 467 tute
1509 427 1694 482 scripsi-

207 477 358 544 sti-ad
386 491 472 531 me,
501 478 727 534 quoddam
756 481 891 533 caput
918 479 1034 534 legis
1064 480 1276 522 Clodium
1306 482 1353 522 in
1383 482 1536 524 curiae
1565 486 1694 537 poste

206 533 393 588 fixisse,
423 547 485 576 NE
511 548 704 577 nemum
733 547 853 576 NEVE
882 547 975 576 mc1
1003 547 1205 578 LICERET.
1276 537 1412 588 Quod
1442 537 1576 579 modo
1605 539 1694 593 igi-

206 595 283 633 tur
311 591 544 633 Domitius
574 604 622 632 se
651 591 774 632 dixit
804 590 1077 633 relaturum?
1129 606 1218 648 quo
1246 593 1381 635 modo
1410 599 1582 647 autem,
1619 596 1694 648 iis,

206 660 319 703 quos
362 652 410 689 tu
447 648 636 699 scribis,
685 650 731 688 et
759 646 814 688 de
846 660 895 687 re
936 647 1188 689 dicentibus
1220 652 1290 701 et,
1342 653 1393 690 ut
1433 649 1693 701 referretur,

206 703 555 758 postulantibus,
585 703 776 744 Clodius
807 703 978 744 tacuit?
1043 705 1126 756 Ac,
1156 704 1196 744 si
1225 717 1308 759 per
1335 707 1572 760 populum,
1613 720 1693 760 po-

204 760 397 811 teritne,
453 758 544 800 nisi
583 758 641 800 de
680 758 879 799 omnium
925 759 1207 800 tribunorum
1249 760 1395 814 plebis
1444 761 1693 809 sententia?

205 815 330 865 Quid
362 815 418 856 de
448 814 604 856 bonis?
641 815 753 869 quid
784 814 841 856 de
870 814 1035 856 domo?
1065 816 1291 871 poteritne
1323 816 1528 858 restitui?
1585 818 1692 870 Aut,

200 872 241 913 si
270 882 360 913 non
388 871 573 925 poterit,
601 873 780 925 egomet
808 884 895 925 quo
925 871 1059 914 modo
1089 872 1275 926 potero?
1333 871 1461 913 Haec
1498 873 1589 913 nisi
1625 873 1694 914 vi-

200 927 281 969 des
311 927 537 982 expediri,
565 940 700 982 quam
729 927 774 966 in
808 940 930 981 spem
959 940 1030 969 mo
1058 928 1221 970 vocas?
1288 926 1370 969 Sin
1408 931 1558 970 autem
1596 929 1693 984 spei

200 979 321 1025 nihil
351 986 443 1036 est,
473 995 588 1038 quae
617 987 686 1024 est
714 980 830 1022 mihi
859 982 977 1024 vita?
1034 982 1198 1038 Itaque
1239 987 1454 1038 exspecto
1493 983 1693 1026 Thessa-

201 1039 382 1081 lonicae
420 1044 525 1081 acta
563 1037 669 1080 Kal.
710 1037 866 1091 Sext.‚
920 1051 980 1079 ex
1019 1040 1181 1093 quibus
1222 1043 1417 1081 statuam
1454 1040 1502 1080 in
1532 1044 1693 1081 tuosne

200 1108 335 1151 agros
364 1094 638 1150 confugiam,
668 1098 718 1134 ut
747 1108 890 1149 neque
919 1093 1099 1136 videam
1128 1094 1348 1147 homines,
1393 1109 1507 1150 quos
1535 1096 1694 1149 nolim,

201 1157 247 1193 ct
275 1156 346 1204 te,
376 1154 426 1192 ut
454 1150 632 1202 scribis,
660 1149 841 1191 videam
871 1152 916 1190 et
944 1152 1129 1206 propius
1159 1152 1267 1202 sim,
1297 1152 1336 1192 si
1366 1151 1477 1205 quid
1505 1155 1692 1205 agatur3

199 1230 254 1237 -—
282 1207 422 1263 idque
452 1205 667 1248 intellexi
696 1219 830 1259 quum
860 1205 969 1258 tibi,
1017 1212 1112 1248 tum
1143 1206 1316 1257 Quinto
1346 1205 1481 1247 fratri
1510 1208 1691 1262 placere

133 1261 160 1302 7
199 1286 253 1293 -
282 1276 339 1304 an
367 1262 522 1304 abeam
553 1261 795 1317 Cyzicum.
863 1261 1017 1315 Nunc,
1048 1262 1299 1317 Pomponi,
1330 1263 1541 1316 quoniam
1570 1263 1690 1303 nihil

198 1318 448 1375 impertisti
487 1322 592 1359 tuae
633 1317 899 1371 prudentiae
937 1317 994 1358 ad
1025 1318 1218 1359 salutem
1246 1331 1415 1369 meam,
1464 1318 1584 1372 quod
1614 1324 1692 1359 aut

197 1376 247 1417 in
276 1389 347 1417 me
376 1375 475 1429 ipso
505 1374 617 1416 satis
647 1386 745 1414 esse
777 1373 961 1414 consilii
992 1372 1203 1415 decreras
1241 1377 1320 1415 aut
1357 1377 1403 1415 te
1441 1372 1559 1414 nihil
1590 1374 1689 1428 plus

197 1430 315 1473 mihi
342 1431 530 1483 debere,
582 1441 715 1484 quam
755 1433 806 1470 ut
843 1434 1023 1483 praesto
1063 1439 1212 1480 esses3
1269 1430 1567 1484 quoniamque
1607 1443 1691 1484 ego

197 1487 432 1543 proditus,
479 1485 714 1538 inductus,
762 1486 993 1526 coniectus
1031 1485 1078 1526 in
1118 1484 1351 1538 fraudem,
1404 1486 1555 1526 omnia
1592 1498 1691 1526 mea

196 1544 428 1600 praesidia
457 1542 670 1597 neglexi3
723 1545 864 1582 totam
906 1542 1090 1582 Italiam
1128 1542 1176 1581 in
1203 1554 1273 1581 me
1303 1545 1502 1582 erectam
1531 1541 1590 1582 ad
1619 1554 1689 1582 me

197 1599 533 1641 defendendum
563 1597 752 1638 destitui
783 1601 828 1638 et
858 1598 1048 1651 reliqui3
1096 1610 1191 1648 me,
1221 1609 1343 1637 meos
1373 1597 1485 1637 meis
1515 1596 1690 1637 tradidi

197 1657 413 1709 inimicis,
442 1655 724 1709 inspectante
755 1655 801 1693 et
828 1655 1007 1694 tacente
1037 1655 1106 1702 te5
1158 1652 1260 1706 qui,
1299 1653 1340 1692 si
1368 1665 1459 1694 non
1488 1653 1589 1706 plus
1620 1653 1689 1693 in-

197 1713 331 1768 genio
359 1711 542 1754 valebas
571 1722 705 1764 quam
733 1721 818 1762 ego
829 1739 841 1760 ,
873 1712 997 1750 certe
1027 1709 1216 1749 timebas
1246 1708 1418 1749 minus:
1477 1708 1516 1749 si
1545 1711 1688 1762 potes,
1739 1711 1742 1717 '

197 1769 324 1824 erige
353 1767 554 1809 afflictos
585 1768 631 1806 et
660 1764 707 1805 in
737 1778 790 1805 eo
819 1778 901 1805 nos
930 1765 1058 1806 iuva:
1097 1764 1169 1805 sin
1201 1764 1351 1804 omnia
1381 1768 1484 1805 sunt
1513 1765 1688 1804 obstru-

269 1891 302 1926 6.
329 1889 465 1933 scrips.
493 1889 543 1923 ad
565 1898 628 1922 me.
657 1886 741 1921 Vid.
769 1897 865 1932 supr.
892 1897 951 1930 ep.
976 1885 1369 1929 LXVI.--quoddam,
1396 1885 1483 1918 Ern.
1501 1885 1686 1928 quondam,

197 1942 321 1984 caput,
362 1937 450 1973 weil
480 1948 522 1971 er
552 1936 724 1970 nachher
758 1934 1024 1968 ausdriicklich
1057 1935 1155 1967 diese
1182 1934 1329 1968 Clausel
1362 1933 1424 1966 des
1460 1933 1687 1966 Clodischen

197 1989 376 2022 Gesetzes
401 1992 517 2019 nennt
542 1985 623 2019 und
650 1985 745 2018 oben
770 1995 826 2029 ep.
855 1983 990 2016 LXVI:
1030 1982 1195 2026 idemque
1228 1985 1336 2025 caput
1361 1981 1575 2023 rogationis
1598 1991 1686 2025 pro-

194 2036 285 2080 poni
319 2035 455 2068 scribis
487 2039 619 2079 gesagt
644 2033 721 2066 liat.
748 2051 792 2057 -
818 2031 889 2066 ΝΕ
914 2031 1139 2064 REFERRI
1164 2037 1256 2069 cet..
1293 2041 1379 2063 man
1405 2030 1497 2062 solle
1521 2029 1585 2062 das
1611 2030 1686 2062 Ge-

194 2091 273 2118 setz
298 2083 422 2118 weder
447 2094 522 2116 neu
546 2093 612 2116 vor
639 2081 703 2115 das
729 2079 824 2114 Volk
850 2079 1024 2124 bringeri,
1049 2079 1151 2113 noch
1178 2080 1239 2112 ein
1257 2079 1368 2112 Wort
1393 2078 1555 2122 dagegen
1581 2089 1686 2122 spre-

196 2132 293 2166 chen
319 2132 472 2166 durren.
501 2148 547 2156 —·
576 2129 677 2166 Quod
700 2129 804 2163 modo
830 2128 899 2170 ig„
927 2128 1044 2161 Oxou.
1071 2129 1103 2162 2.
1130 2127 1262 2163 Asc.2.
1291 2129 1392 2160 Crat.
1422 2127 1517 2161 Quid
1540 2124 1687 2167 igitur!

192 2181 280 2216 Sch.
317 2181 473 2215 [sunem.
511 2180 586 2215 Quo
611 2178 715 2212 modo
739 2175 882 2221 igitur?
916 2175 1113 2210 ORELLI.
1152 2193 1197 2200 -—-
1239 2177 1280 2208 L.
1315 2174 1500 2207 Domitius
1532 2174 1684 2206 Aheno-

193 2229 343 2270 bardus,
373 2228 570 2264 Ciceronis
596 2227 752 2260 amicus.
801 2224 884 2259 vid.
911 2235 970 2269 ep.
997 2224 1042 2256 X.
1070 2225 1105 2264 3,
1135 2223 1244 2265 XXI,
1273 2224 1328 2258 12.
1360 2223 1424 2262 LI,
1451 2223 1485 2257 3.
1513 2222 1595 2262 LII,
1623 2232 1683 2254 am

196 2278 310 2312 Ende.
337 2295 383 2303 -—-
406 2287 475 2320 per
497 2276 676 2320 populum
701 2274 781 2308 scil.
807 2279 948 2318 egetur.
990 2292 1033 2298 --
1066 2273 1248 2315 poteritne
1274 2271 1334 2315 agi
1360 2270 1434 2304 nisi
1460 2276 1554 2313 cet.‚
1582 2272 1683 2302 miis-

192 2338 257 2360 sen
290 2327 337 2361 da
369 2323 477 2358 nicht
510 2324 580 2357 alle
611 2323 806 2357 Tribunen
841 2319 1067 2367 einstimmig
1103 2318 1345 2353 mitwirken?
1395 2337 1443 2344 —
1492 2318 1530 2351 in
1561 2322 1684 2350 tuosne

192 2385 310 2417 agros
341 2373 569 2421 EpirotiCOS.
605 2391 648 2396 --
679 2375 814 2415 potero
840 2370 1002 2406 restitui.
1037 2388 1081 2393 -—
1118 2379 1228 2413 neque
1254 2393 1262 2400 .
1291 2393 1299 2401 .
1327 2393 1335 2402 .
1363 2370 1417 2408 et,
1456 2367 1562 2399 einer
1586 2365 1683 2398 Seits

191 2422 303 2457 nicht
329 2448 337 2456 .
366 2448 375 2457 .
406 2448 414 2456 .
440 2421 602 2454 anderer
635 2420 732 2453 Seits
771 2420 872 2453 aber.
929 2418 964 2452 S.
997 2417 1152 2452 Ramsh.
1188 2419 1217 2461 ᾗ.
1258 2416 1344 2458 179,
1376 2417 1419 2451 B.
1450 2415 1487 2447 b.
1516 2415 1550 2448 3.
1576 2414 1624 2446 N.
1647 2416 1681 2449 1.

194 2471 344 2506 Grotef.
370 2471 497 2516 §.359.
524 2470 663 2513 Zumpt
688 2470 716 2511 ξ).
741 2469 824 2502 337.
852 2485 896 2491 -
925 2465 1103 2511 Cyzicum.
1156 2467 1190 2499 S.
1220 2474 1264 2496 zu
1290 2475 1346 2507 ep.
1374 2460 1547 2502 LXVIII,
1576 2463 1612 2497 2.

290 2522 323 2554 7.
347 2522 499 2564 praesto
527 2527 624 2558 esse,
660 2516 722 2548 bei
748 2516 816 2549 der
842 2514 951 2549 Hand
977 2514 1069 2547 sein.
1099 2533 1141 2538 —
1183 2512 1362 2553 iizduclus,
1389 2510 1608 2555 angefuhrt,
1634 2527 1680 2534 -

192 2567 231 2602 in
256 2578 313 2601 me
338 2571 506 2604 erectam.
535 2578 567 2600 v.
592 2565 632 2598 in
657 2574 712 2597 me
737 2564 826 2598 Ern.
853 2563 956 2597 uncis
982 2561 1114 2597 inclus.
1141 2561 1290 2595 Schiitz.
1320 2558 1436 2592 delev.
1487 2558 1575 2592 Fuit
1600 2558 1679 2591 for-

193 2623 307 2650 tasse:
343 2620 458 2650 lotam
495 2613 643 2647 Italiam
674 2612 746 2645 iam
778 2617 952 2646 erectam.
990 2609 1188 2645 ORELLI.
1215 2626 1259 2633 —-
1298 2609 1463 2651 quoniam
1492 2619 1541 2637 z
1567 2617 1679 2651 quom

194 2665 283 2705 iam,
304 2665 467 2698 weilvon
481 2663 546 2696 der
559 2656 1275 2706 GegenwarthergenommeneGriinde
1291 2656 1497 2699 angefiihrt
1514 2654 1677 2687 werden.

194 2712 230 2746 S.
243 2713 436 2755 Ramsl1.§.
452 2714 531 2753 187,
551 2712 627 2750 1‚2.
643 2728 684 2733 -
700 2711 941 2753 qni-:quum
957 2715 1065 2742 tu.--
1085 2706 1266 2748 (ζίζίῖίἐίοε,
1291 2705 1375 2740 scil.
1393 2715 1472 2744 nos,
1495 2714 1554 2735 me
1576 2701 1676 2734 affli—

197 2768 306 2794 ctum.
340 2782 378 2787 --
407 2762 445 2793 in
471 2770 524 2801 σο,
552 2759 574 2792 ι’.
604 2770 636 2800 e,
662 2758 699 2790 in
726 2768 785 2790 me
813 2756 1033 2792 revocando.
1061 2753 1296 2788 restituendo.
1326 2771 1371 2777 --
1397 2752 1452 2783 sin
1535 2751 1674 2782 obstru-
