<?xml version="1.0" encoding="UTF-8"?>
<!DOCTYPE html PUBLIC "-//W3C//DTD XHTML 1.0 Transitional//EN"
    "http://www.w3.org/TR/xhtml1/DTD/xhtml1-transitional.dtd">
<html xmlns="http://www.w3.org/1999/xhtml" xml:lang="en" lang="en">
 <head>
  <title>
</title>
<meta http-equiv="Content-Type" content="text/html;charset=utf-8" />
  <meta name='ocr-system' content='tesseract 3.04.00' />
  <meta name='ocr-capabilities' content='ocr_page ocr_carea ocr_par ocr_line ocrx_word'/>
</head>
<body>
  <div class='ocr_page' id='page_1' title='image "./epistolaeadattic00ciceuoft/epistolaeadattic00ciceuoft_0354.png"; bbox 0 0 1742 3006; ppageno 0'>
   <div class='ocr_carea' id='block_1_1' title="bbox 205 99 1412 153">
    <p class='ocr_par' dir='ltr' id='par_1_1' title="bbox 205 99 1412 153">
     <span class='ocr_line' id='line_1_1' title="bbox 205 99 1412 153; baseline 0.004 -5"><span class='ocrx_word' id='word_1_1' title='bbox 205 99 300 149; x_wconf 80' lang='grc'>336</span> <span class='ocrx_word' id='word_1_2' title='bbox 483 103 550 148; x_wconf 90' lang='grc' dir='ltr'>Μ.</span> <span class='ocrx_word' id='word_1_3' title='bbox 582 105 640 146; x_wconf 90' lang='grc' dir='ltr'>Τ.</span> <span class='ocrx_word' id='word_1_4' title='bbox 672 100 1010 149; x_wconf 86' lang='lat' dir='ltr'><strong>CICERONIS</strong></span> <span class='ocrx_word' id='word_1_5' title='bbox 1039 103 1412 153; x_wconf 85' lang='lat' dir='ltr'>EPISTOLAE.</span> 
     </span>
    </p>
   </div>
   <div class='ocr_carea' id='block_1_2' title="bbox 132 214 1691 1561">
    <p class='ocr_par' dir='ltr' id='par_1_2' title="bbox 138 214 1686 890">
     <span class='ocr_line' id='line_1_2' title="bbox 138 214 1685 274; baseline 0.003 -14"><span class='ocrx_word' id='word_1_6' title='bbox 138 218 165 260; x_wconf 82' lang='lat'>3</span> <span class='ocrx_word' id='word_1_7' title='bbox 201 218 333 260; x_wconf 85' lang='lat' dir='ltr'>diem.</span> <span class='ocrx_word' id='word_1_8' title='bbox 401 217 455 260; x_wconf 90' lang='lat' dir='ltr'>A.</span> <span class='ocrx_word' id='word_1_9' title='bbox 485 215 527 257; x_wconf 89' lang='lat' dir='ltr'>d.</span> <span class='ocrx_word' id='word_1_10' title='bbox 558 226 617 258; x_wconf 82' lang='lat' dir='ltr'>vr.</span> <span class='ocrx_word' id='word_1_11' title='bbox 645 214 714 258; x_wconf 88' lang='lat' dir='ltr'>Id.</span> <span class='ocrx_word' id='word_1_12' title='bbox 743 216 879 260; x_wconf 78' lang='lat' dir='ltr'>Febr.</span> <span class='ocrx_word' id='word_1_13' title='bbox 915 220 1093 259; x_wconf 88' lang='lat' dir='ltr'>senatus</span> <span class='ocrx_word' id='word_1_14' title='bbox 1131 218 1188 260; x_wconf 87' lang='lat' dir='ltr'>ad</span> <span class='ocrx_word' id='word_1_15' title='bbox 1218 219 1447 274; x_wconf 86' lang='lat' dir='ltr'><strong>Apollinis</strong></span> <span class='ocrx_word' id='word_1_16' title='bbox 1475 219 1587 274; x_wconf 83' lang='lat' dir='ltr'>fuit,</span> <span class='ocrx_word' id='word_1_17' title='bbox 1636 226 1685 266; x_wconf 90' lang='lat' dir='ltr'>ut</span> 
     </span>
     <span class='ocr_line' id='line_1_3' title="bbox 198 271 1682 332; baseline 0.002 -15"><span class='ocrx_word' id='word_1_18' title='bbox 198 273 443 329; x_wconf 87' lang='lat' dir='ltr'>Pompeius</span> <span class='ocrx_word' id='word_1_19' title='bbox 491 271 681 313; x_wconf 82' lang='lat' dir='ltr'>adesset.</span> <span class='ocrx_word' id='word_1_20' title='bbox 765 273 881 315; x_wconf 88' lang='lat' dir='ltr'>Acta</span> <span class='ocrx_word' id='word_1_21' title='bbox 926 287 998 315; x_wconf 88' lang='lat' dir='ltr'>res</span> <span class='ocrx_word' id='word_1_22' title='bbox 1038 278 1108 315; x_wconf 85' lang='lat' dir='ltr'>est</span> <span class='ocrx_word' id='word_1_23' title='bbox 1143 277 1344 329; x_wconf 86' lang='lat' dir='ltr'>graviter</span> <span class='ocrx_word' id='word_1_24' title='bbox 1383 290 1410 318; x_wconf 91' lang='lat' dir='ltr'>a</span> <span class='ocrx_word' id='word_1_25' title='bbox 1447 276 1682 332; x_wconf 87' lang='lat' dir='ltr'>Pompeio.</span> 
     </span>
     <span class='ocr_line' id='line_1_4' title="bbox 198 326 1684 388; baseline 0.001 -15"><span class='ocrx_word' id='word_1_26' title='bbox 198 331 269 372; x_wconf 90' lang='lat' dir='ltr'>Eo</span> <span class='ocrx_word' id='word_1_27' title='bbox 299 332 372 372; x_wconf 88' lang='lat' dir='ltr'>die</span> <span class='ocrx_word' id='word_1_28' title='bbox 401 326 519 368; x_wconf 86' lang='lat' dir='ltr'>nihil</span> <span class='ocrx_word' id='word_1_29' title='bbox 551 327 800 382; x_wconf 90' lang='lat' dir='ltr'>perfectum</span> <span class='ocrx_word' id='word_1_30' title='bbox 831 332 911 370; x_wconf 87' lang='lat' dir='ltr'>est.</span> <span class='ocrx_word' id='word_1_31' title='bbox 969 330 1021 370; x_wconf 87' lang='lat' dir='ltr'>A.</span> <span class='ocrx_word' id='word_1_32' title='bbox 1053 329 1097 371; x_wconf 92' lang='lat' dir='ltr'>d.</span> <span class='ocrx_word' id='word_1_33' title='bbox 1125 342 1167 373; x_wconf 81' lang='lat' dir='ltr'><strong>v.</strong></span> <span class='ocrx_word' id='word_1_34' title='bbox 1199 331 1270 374; x_wconf 90' lang='lat' dir='ltr'>Id.</span> <span class='ocrx_word' id='word_1_35' title='bbox 1300 332 1433 373; x_wconf 86' lang='lat' dir='ltr'><strong>Febr.</strong></span> <span class='ocrx_word' id='word_1_36' title='bbox 1464 333 1522 374; x_wconf 92' lang='lat' dir='ltr'>ad</span> <span class='ocrx_word' id='word_1_37' title='bbox 1543 334 1684 388; x_wconf 90' lang='lat' dir='ltr'>Apol-</span> 
     </span>
     <span class='ocr_line' id='line_1_5' title="bbox 200 384 1685 439; baseline 0.002 -11"><span class='ocrx_word' id='word_1_38' title='bbox 200 387 308 429; x_wconf 83' lang='lat' dir='ltr'>linis</span> <span class='ocrx_word' id='word_1_39' title='bbox 346 387 528 426; x_wconf 89' lang='lat' dir='ltr'>senatus</span> <span class='ocrx_word' id='word_1_40' title='bbox 567 384 819 426; x_wconf 90' lang='lat' dir='ltr'>consultum</span> <span class='ocrx_word' id='word_1_41' title='bbox 849 384 1020 426; x_wconf 78' lang='lat' dir='ltr'>factum</span> <span class='ocrx_word' id='word_1_42' title='bbox 1050 388 1141 439; x_wconf 87' lang='lat' dir='ltr'>est,</span> <span class='ocrx_word' id='word_1_43' title='bbox 1196 401 1258 428; x_wconf 80' lang='lat' dir='ltr'>EA</span> <span class='ocrx_word' id='word_1_44' title='bbox 1289 401 1413 434; x_wconf 76' lang='lat' dir='ltr'><strong>QUAE</strong></span> <span class='ocrx_word' id='word_1_45' title='bbox 1441 402 1584 430; x_wconf 76' lang='lat' dir='ltr'><strong>FACTA</strong></span> <span class='ocrx_word' id='word_1_46' title='bbox 1611 403 1685 431; x_wconf 79' lang='lat' dir='ltr'>Es-</span> 
     </span>
     <span class='ocr_line' id='line_1_6' title="bbox 197 440 1686 488; baseline 0.003 -5"><span class='ocrx_word' id='word_1_47' title='bbox 197 454 311 484; x_wconf 68' lang='lat' dir='ltr'>sem·</span> <span class='ocrx_word' id='word_1_48' title='bbox 355 454 399 483; x_wconf 82' lang='lat' dir='ltr'><strong>A.</strong></span> <span class='ocrx_word' id='word_1_49' title='bbox 447 453 491 482; x_wconf 89' lang='lat' dir='ltr'><strong>D.</strong></span> <span class='ocrx_word' id='word_1_50' title='bbox 532 452 628 483; x_wconf 89' lang='lat' dir='ltr'>v111.</span> <span class='ocrx_word' id='word_1_51' title='bbox 663 440 731 481; x_wconf 84' lang='lat' dir='ltr'>Io.</span> <span class='ocrx_word' id='word_1_52' title='bbox 775 441 914 482; x_wconf 75' lang='lat' dir='ltr'>Fssssn.</span> <span class='ocrx_word' id='word_1_53' title='bbox 954 454 1126 483; x_wconf 82' lang='lat' dir='ltr'><strong>CONTRA</strong></span> <span class='ocrx_word' id='word_1_54' title='bbox 1165 455 1261 484; x_wconf 84' lang='lat' dir='ltr'>REM</span> <span class='ocrx_word' id='word_1_55' title='bbox 1302 457 1535 487; x_wconf 77' lang='lat' dir='ltr'>PUBLmAM</span> <span class='ocrx_word' id='word_1_56' title='bbox 1578 459 1686 488; x_wconf 80' lang='lat' dir='ltr'>ESSE</span> 
     </span>
     <span class='ocr_line' id='line_1_7' title="bbox 199 495 1683 555; baseline 0.003 -17"><span class='ocrx_word' id='word_1_57' title='bbox 199 510 354 539; x_wconf 76' lang='lat' dir='ltr'><strong>FACTA.</strong></span> <span class='ocrx_word' id='word_1_58' title='bbox 422 496 492 537; x_wconf 90' lang='lat' dir='ltr'>Eo</span> <span class='ocrx_word' id='word_1_59' title='bbox 538 496 613 537; x_wconf 89' lang='lat' dir='ltr'>die</span> <span class='ocrx_word' id='word_1_60' title='bbox 657 497 771 537; x_wconf 89' lang='lat' dir='ltr'>Cato</span> <span class='ocrx_word' id='word_1_61' title='bbox 812 495 1097 539; x_wconf 88' lang='lat' dir='ltr'>vehementer</span> <span class='ocrx_word' id='word_1_62' title='bbox 1134 503 1203 540; x_wconf 87' lang='lat' dir='ltr'>est</span> <span class='ocrx_word' id='word_1_63' title='bbox 1241 499 1288 540; x_wconf 89' lang='lat' dir='ltr'>in</span> <span class='ocrx_word' id='word_1_64' title='bbox 1318 499 1585 555; x_wconf 90' lang='lat' dir='ltr'>Pompeium</span> <span class='ocrx_word' id='word_1_65' title='bbox 1615 501 1683 542; x_wconf 90' lang='lat' dir='ltr'>in-</span> 
     </span>
     <span class='ocr_line' id='line_1_8' title="bbox 197 553 1684 608; baseline 0.003 -14"><span class='ocrx_word' id='word_1_66' title='bbox 197 558 354 594; x_wconf 76' lang='lat' dir='ltr'>vectus</span> <span class='ocrx_word' id='word_1_67' title='bbox 388 556 434 593; x_wconf 91' lang='lat' dir='ltr'>et</span> <span class='ocrx_word' id='word_1_68' title='bbox 475 565 575 593; x_wconf 89' lang='lat' dir='ltr'>eum</span> <span class='ocrx_word' id='word_1_69' title='bbox 615 553 818 593; x_wconf 87' lang='lat' dir='ltr'>oratione</span> <span class='ocrx_word' id='word_1_70' title='bbox 847 558 1064 606; x_wconf 90' lang='lat' dir='ltr'>perpetua</span> <span class='ocrx_word' id='word_1_71' title='bbox 1091 557 1317 608; x_wconf 83' lang='lat' dir='ltr'>tamquam</span> <span class='ocrx_word' id='word_1_72' title='bbox 1347 569 1471 597; x_wconf 90' lang='lat' dir='ltr'>reum</span> <span class='ocrx_word' id='word_1_73' title='bbox 1500 570 1684 598; x_wconf 89' lang='lat' dir='ltr'>accusa-</span> 
     </span>
     <span class='ocr_line' id='line_1_9' title="bbox 195 607 1683 661; baseline 0.003 -11"><span class='ocrx_word' id='word_1_74' title='bbox 195 610 278 651; x_wconf 70' lang='lat' dir='ltr'>vit.</span> <span class='ocrx_word' id='word_1_75' title='bbox 345 607 416 650; x_wconf 93' lang='lat' dir='ltr'>De</span> <span class='ocrx_word' id='word_1_76' title='bbox 454 621 525 648; x_wconf 89' lang='lat' dir='ltr'>me</span> <span class='ocrx_word' id='word_1_77' title='bbox 554 609 724 661; x_wconf 83' lang='lat' dir='ltr'>multa,</span> <span class='ocrx_word' id='word_1_78' title='bbox 765 621 834 649; x_wconf 92' lang='lat' dir='ltr'>me</span> <span class='ocrx_word' id='word_1_79' title='bbox 864 608 1032 660; x_wconf 82' lang='lat' dir='ltr'>invito,</span> <span class='ocrx_word' id='word_1_80' title='bbox 1082 623 1181 650; x_wconf 90' lang='lat' dir='ltr'>cum</span> <span class='ocrx_word' id='word_1_81' title='bbox 1221 624 1321 652; x_wconf 90' lang='lat' dir='ltr'>mea</span> <span class='ocrx_word' id='word_1_82' title='bbox 1347 625 1520 654; x_wconf 90' lang='lat' dir='ltr'>summa</span> <span class='ocrx_word' id='word_1_83' title='bbox 1549 613 1683 655; x_wconf 88' lang='lat' dir='ltr'>laude</span> 
     </span>
     <span class='ocr_line' id='line_1_10' title="bbox 195 663 1684 721; baseline 0.005 -18"><span class='ocrx_word' id='word_1_84' title='bbox 195 664 332 707; x_wconf 83' lang='lat' dir='ltr'>dixit.</span> <span class='ocrx_word' id='word_1_85' title='bbox 408 663 558 713; x_wconf 84' lang='lat' dir='ltr'>Quum</span> <span class='ocrx_word' id='word_1_86' title='bbox 588 663 715 704; x_wconf 92' lang='lat' dir='ltr'>illius</span> <span class='ocrx_word' id='word_1_87' title='bbox 746 663 791 704; x_wconf 91' lang='lat' dir='ltr'>in</span> <span class='ocrx_word' id='word_1_88' title='bbox 818 677 888 705; x_wconf 91' lang='lat' dir='ltr'>me</span> <span class='ocrx_word' id='word_1_89' title='bbox 917 663 1153 719; x_wconf 87' lang='lat' dir='ltr'>perfidiam</span> <span class='ocrx_word' id='word_1_90' title='bbox 1181 666 1461 721; x_wconf 80' lang='lat' dir='ltr'>increparet,</span> <span class='ocrx_word' id='word_1_91' title='bbox 1501 668 1684 710; x_wconf 81' lang='lat' dir='ltr'>auditus</span> 
     </span>
     <span class='ocr_line' id='line_1_11' title="bbox 195 719 1684 776; baseline 0.003 -14"><span class='ocrx_word' id='word_1_92' title='bbox 195 725 265 762; x_wconf 89' lang='lat' dir='ltr'>est</span> <span class='ocrx_word' id='word_1_93' title='bbox 293 733 455 774; x_wconf 86' lang='lat' dir='ltr'>magno</span> <span class='ocrx_word' id='word_1_94' title='bbox 485 719 668 760; x_wconf 87' lang='lat' dir='ltr'>silentio</span> <span class='ocrx_word' id='word_1_95' title='bbox 698 720 1035 763; x_wconf 84' lang='lat' dir='ltr'><strong>malevolorum.</strong></span> <span class='ocrx_word' id='word_1_96' title='bbox 1092 720 1349 776; x_wconf 84' lang='lat' dir='ltr'>Respondit</span> <span class='ocrx_word' id='word_1_97' title='bbox 1377 724 1420 764; x_wconf 92' lang='lat' dir='ltr'>ei</span> <span class='ocrx_word' id='word_1_98' title='bbox 1443 724 1684 766; x_wconf 79' lang='lat' dir='ltr'>vehemen-</span> 
     </span>
     <span class='ocr_line' id='line_1_12' title="bbox 195 775 1683 835; baseline 0.003 -17"><span class='ocrx_word' id='word_1_99' title='bbox 195 782 267 818; x_wconf 89' lang='lat' dir='ltr'>ter</span> <span class='ocrx_word' id='word_1_100' title='bbox 305 775 574 829; x_wconf 86' lang='lat' dir='ltr'>Pompeius,</span> <span class='ocrx_word' id='word_1_101' title='bbox 624 775 922 830; x_wconf 83' lang='lat' dir='ltr'>Crassumque</span> <span class='ocrx_word' id='word_1_102' title='bbox 964 776 1231 831; x_wconf 84' lang='lat' dir='ltr'>descripsit:</span> <span class='ocrx_word' id='word_1_103' title='bbox 1280 778 1488 833; x_wconf 83' lang='lat' dir='ltr'>dixitque</span> <span class='ocrx_word' id='word_1_104' title='bbox 1527 786 1683 835; x_wconf 89' lang='lat' dir='ltr'>aperte</span> 
     </span>
     <span class='ocr_line' id='line_1_13' title="bbox 194 831 1683 890; baseline 0.002 -16"><span class='ocrx_word' id='word_1_105' title='bbox 194 847 243 874; x_wconf 86' lang='lat' dir='ltr'>se</span> <span class='ocrx_word' id='word_1_106' title='bbox 283 832 571 873; x_wconf 85' lang='lat' dir='ltr'>munitiorem</span> <span class='ocrx_word' id='word_1_107' title='bbox 601 831 660 872; x_wconf 88' lang='lat' dir='ltr'>ad</span> <span class='ocrx_word' id='word_1_108' title='bbox 690 831 1028 873; x_wconf 84' lang='lat' dir='ltr'>custodiendam</span> <span class='ocrx_word' id='word_1_109' title='bbox 1056 833 1197 875; x_wconf 85' lang='lat' dir='ltr'>vitam</span> <span class='ocrx_word' id='word_1_110' title='bbox 1226 846 1351 874; x_wconf 87' lang='lat' dir='ltr'>suam</span> <span class='ocrx_word' id='word_1_111' title='bbox 1380 833 1504 888; x_wconf 87' lang='lat' dir='ltr'>fore,</span> <span class='ocrx_word' id='word_1_112' title='bbox 1550 850 1683 890; x_wconf 91' lang='lat' dir='ltr'>quam</span> 
     </span>
    </p>

    <p class='ocr_par' dir='ltr' id='par_1_3' title="bbox 132 886 1691 1561">
     <span class='ocr_line' id='line_1_14' title="bbox 132 886 1685 954; baseline 0.003 -24"><span class='ocrx_word' id='word_1_113' title='bbox 132 914 158 954; x_wconf 70' lang='lat'><strong>4</strong></span> <span class='ocrx_word' id='word_1_114' title='bbox 194 887 438 930; x_wconf 87' lang='lat' dir='ltr'>Africanus</span> <span class='ocrx_word' id='word_1_115' title='bbox 469 886 655 940; x_wconf 83' lang='lat' dir='ltr'>fuisset,</span> <span class='ocrx_word' id='word_1_116' title='bbox 702 901 832 943; x_wconf 89' lang='lat' dir='ltr'>quem</span> <span class='ocrx_word' id='word_1_117' title='bbox 871 888 920 929; x_wconf 89' lang='lat' dir='ltr'>C.</span> <span class='ocrx_word' id='word_1_118' title='bbox 962 888 1108 929; x_wconf 85' lang='lat' dir='ltr'>Carbo</span> <span class='ocrx_word' id='word_1_119' title='bbox 1148 889 1464 933; x_wconf 81' lang='lat' dir='ltr'>interemisset.</span> <span class='ocrx_word' id='word_1_120' title='bbox 1523 890 1685 947; x_wconf 85' lang='lat' dir='ltr'>Itaque</span> 
     </span>
     <span class='ocr_line' id='line_1_15' title="bbox 193 942 1683 1002; baseline 0.002 -16"><span class='ocrx_word' id='word_1_121' title='bbox 193 957 381 1000; x_wconf 84' lang='lat' dir='ltr'>magnae</span> <span class='ocrx_word' id='word_1_122' title='bbox 411 942 526 984; x_wconf 92' lang='lat' dir='ltr'>mihi</span> <span class='ocrx_word' id='word_1_123' title='bbox 567 956 638 984; x_wconf 89' lang='lat' dir='ltr'>res</span> <span class='ocrx_word' id='word_1_124' title='bbox 676 943 766 985; x_wconf 86' lang='lat' dir='ltr'>iam</span> <span class='ocrx_word' id='word_1_125' title='bbox 805 944 978 986; x_wconf 88' lang='lat' dir='ltr'>moveri</span> <span class='ocrx_word' id='word_1_126' title='bbox 1005 944 1286 988; x_wconf 86' lang='lat' dir='ltr'>videbantur.</span> <span class='ocrx_word' id='word_1_127' title='bbox 1344 945 1460 988; x_wconf 86' lang='lat' dir='ltr'>Nam</span> <span class='ocrx_word' id='word_1_128' title='bbox 1489 946 1683 1002; x_wconf 89' lang='lat' dir='ltr'>Pompe-</span> 
     </span>
     <span class='ocr_line' id='line_1_16' title="bbox 194 999 1682 1056; baseline 0.003 -15"><span class='ocrx_word' id='word_1_129' title='bbox 194 1002 266 1042; x_wconf 91' lang='lat' dir='ltr'>ius</span> <span class='ocrx_word' id='word_1_130' title='bbox 294 1001 408 1042; x_wconf 88' lang='lat' dir='ltr'>haec</span> <span class='ocrx_word' id='word_1_131' title='bbox 438 999 658 1054; x_wconf 83' lang='lat' dir='ltr'>intelligit</span> <span class='ocrx_word' id='word_1_132' title='bbox 687 999 1005 1056; x_wconf 87' lang='lat' dir='ltr'>nobiscumque</span> <span class='ocrx_word' id='word_1_133' title='bbox 1035 1002 1354 1056; x_wconf 76' lang='lat' dir='ltr'>communicat,</span> <span class='ocrx_word' id='word_1_134' title='bbox 1391 1002 1583 1045; x_wconf 88' lang='lat' dir='ltr'>insidias</span> <span class='ocrx_word' id='word_1_135' title='bbox 1612 1005 1682 1047; x_wconf 90' lang='lat' dir='ltr'>vi-</span> 
     </span>
     <span class='ocr_line' id='line_1_17' title="bbox 194 1055 1682 1108; baseline 0.002 -10"><span class='ocrx_word' id='word_1_136' title='bbox 194 1060 268 1098; x_wconf 88' lang='lat' dir='ltr'>tae</span> <span class='ocrx_word' id='word_1_137' title='bbox 298 1070 403 1098; x_wconf 88' lang='lat' dir='ltr'>suae</span> <span class='ocrx_word' id='word_1_138' title='bbox 433 1055 560 1106; x_wconf 81' lang='lat' dir='ltr'>fieri3</span> <span class='ocrx_word' id='word_1_139' title='bbox 592 1055 681 1108; x_wconf 70' lang='lat' dir='ltr'>[Q]</span> <span class='ocrx_word' id='word_1_140' title='bbox 714 1055 929 1098; x_wconf 88' lang='lat' dir='ltr'>Catonem</span> <span class='ocrx_word' id='word_1_141' title='bbox 960 1071 987 1098; x_wconf 93' lang='lat' dir='ltr'>a</span> <span class='ocrx_word' id='word_1_142' title='bbox 1016 1057 1181 1099; x_wconf 87' lang='lat' dir='ltr'>Crasso</span> <span class='ocrx_word' id='word_1_143' title='bbox 1211 1060 1473 1101; x_wconf 85' lang='lat' dir='ltr'>sustentari:</span> <span class='ocrx_word' id='word_1_144' title='bbox 1514 1060 1682 1102; x_wconf 89' lang='lat' dir='ltr'>Clodio</span> 
     </span>
     <span class='ocr_line' id='line_1_18' title="bbox 192 1113 1691 1169; baseline 0.001 -14"><span class='ocrx_word' id='word_1_145' title='bbox 192 1114 428 1168; x_wconf 84' lang='lat' dir='ltr'>pecuniam</span> <span class='ocrx_word' id='word_1_146' title='bbox 457 1113 765 1167; x_wconf 79' lang='lat' dir='ltr'>suppeditari:</span> <span class='ocrx_word' id='word_1_147' title='bbox 812 1117 1049 1168; x_wconf 88' lang='lat' dir='ltr'>utrumque</span> <span class='ocrx_word' id='word_1_148' title='bbox 1088 1117 1134 1154; x_wconf 88' lang='lat' dir='ltr'>et</span> <span class='ocrx_word' id='word_1_149' title='bbox 1170 1114 1225 1155; x_wconf 92' lang='lat' dir='ltr'>ab</span> <span class='ocrx_word' id='word_1_150' title='bbox 1255 1128 1307 1155; x_wconf 89' lang='lat' dir='ltr'>eo</span> <span class='ocrx_word' id='word_1_151' title='bbox 1338 1119 1383 1156; x_wconf 88' lang='lat' dir='ltr'>et</span> <span class='ocrx_word' id='word_1_152' title='bbox 1411 1128 1438 1156; x_wconf 86' lang='lat' dir='ltr'>a</span> <span class='ocrx_word' id='word_1_153' title='bbox 1467 1114 1691 1169; x_wconf 79' lang='lat' dir='ltr'>Curione,</span> 
     </span>
     <span class='ocr_line' id='line_1_19' title="bbox 192 1169 1679 1222; baseline 0.001 -11"><span class='ocrx_word' id='word_1_154' title='bbox 192 1170 359 1211; x_wconf 89' lang='lat' dir='ltr'>Bibulo</span> <span class='ocrx_word' id='word_1_155' title='bbox 390 1170 642 1222; x_wconf 87' lang='lat' dir='ltr'>ceterisque</span> <span class='ocrx_word' id='word_1_156' title='bbox 682 1169 773 1209; x_wconf 81' lang='lat' dir='ltr'>suis</span> <span class='ocrx_word' id='word_1_157' title='bbox 804 1169 1179 1210; x_wconf 85' lang='lat' dir='ltr'>obtrectatoribus</span> <span class='ocrx_word' id='word_1_158' title='bbox 1210 1170 1496 1212; x_wconf 85' lang='lat' dir='ltr'>confirmari:</span> <span class='ocrx_word' id='word_1_159' title='bbox 1543 1171 1679 1214; x_wconf 82' lang='lat' dir='ltr'>vehe-</span> 
     </span>
     <span class='ocr_line' id='line_1_20' title="bbox 193 1223 1680 1279; baseline 0 -11"><span class='ocrx_word' id='word_1_160' title='bbox 193 1230 367 1268; x_wconf 88' lang='lat' dir='ltr'>menter</span> <span class='ocrx_word' id='word_1_161' title='bbox 393 1237 492 1265; x_wconf 89' lang='lat' dir='ltr'>esse</span> <span class='ocrx_word' id='word_1_162' title='bbox 513 1223 854 1277; x_wconf 89' lang='lat' dir='ltr'>providendum,</span> <span class='ocrx_word' id='word_1_163' title='bbox 884 1238 939 1265; x_wconf 87' lang='lat' dir='ltr'>ne</span> <span class='ocrx_word' id='word_1_164' title='bbox 959 1226 1249 1279; x_wconf 85' lang='lat' dir='ltr'>opprimatur,</span> <span class='ocrx_word' id='word_1_165' title='bbox 1280 1227 1571 1268; x_wconf 88' lang='lat' dir='ltr'>concionario</span> <span class='ocrx_word' id='word_1_166' title='bbox 1595 1228 1680 1268; x_wconf 91' lang='lat' dir='ltr'>illo</span> 
     </span>
     <span class='ocr_line' id='line_1_21' title="bbox 192 1280 1679 1337; baseline 0.001 -15"><span class='ocrx_word' id='word_1_167' title='bbox 192 1282 360 1336; x_wconf 91' lang='lat' dir='ltr'>populo</span> <span class='ocrx_word' id='word_1_168' title='bbox 390 1294 417 1321; x_wconf 88' lang='lat' dir='ltr'>a</span> <span class='ocrx_word' id='word_1_169' title='bbox 445 1293 492 1321; x_wconf 87' lang='lat' dir='ltr'>se</span> <span class='ocrx_word' id='word_1_170' title='bbox 522 1293 659 1334; x_wconf 85' lang='lat' dir='ltr'>prope</span> <span class='ocrx_word' id='word_1_171' title='bbox 690 1280 903 1332; x_wconf 84' lang='lat' dir='ltr'>alienato,</span> <span class='ocrx_word' id='word_1_172' title='bbox 933 1282 1172 1321; x_wconf 86' lang='lat' dir='ltr'>nobilitate</span> <span class='ocrx_word' id='word_1_173' title='bbox 1202 1283 1401 1334; x_wconf 84' lang='lat' dir='ltr'>inimica,</span> <span class='ocrx_word' id='word_1_174' title='bbox 1432 1296 1519 1323; x_wconf 89' lang='lat' dir='ltr'>non</span> <span class='ocrx_word' id='word_1_175' title='bbox 1536 1296 1679 1337; x_wconf 84' lang='lat' dir='ltr'>aequo</span> 
     </span>
     <span class='ocr_line' id='line_1_22' title="bbox 192 1336 1680 1391; baseline 0 -13"><span class='ocrx_word' id='word_1_176' title='bbox 192 1342 364 1390; x_wconf 88' lang='lat' dir='ltr'>senatu,</span> <span class='ocrx_word' id='word_1_177' title='bbox 394 1337 626 1378; x_wconf 89' lang='lat' dir='ltr'>iuventute</span> <span class='ocrx_word' id='word_1_178' title='bbox 656 1336 872 1389; x_wconf 79' lang='lat' dir='ltr'>improba.</span> <span class='ocrx_word' id='word_1_179' title='bbox 928 1337 1087 1390; x_wconf 84' lang='lat' dir='ltr'>Itaque</span> <span class='ocrx_word' id='word_1_180' title='bbox 1117 1349 1164 1376; x_wconf 89' lang='lat' dir='ltr'>se</span> <span class='ocrx_word' id='word_1_181' title='bbox 1194 1342 1447 1391; x_wconf 86' lang='lat' dir='ltr'>comparat,</span> <span class='ocrx_word' id='word_1_182' title='bbox 1477 1338 1680 1379; x_wconf 84' lang='lat' dir='ltr'>homines</span> 
     </span>
     <span class='ocr_line' id='line_1_23' title="bbox 193 1391 1678 1448; baseline 0 -14"><span class='ocrx_word' id='word_1_183' title='bbox 193 1407 252 1434; x_wconf 81' lang='lat' dir='ltr'>ex</span> <span class='ocrx_word' id='word_1_184' title='bbox 282 1394 405 1448; x_wconf 80' lang='lat' dir='ltr'>agris</span> <span class='ocrx_word' id='word_1_185' title='bbox 435 1392 640 1433; x_wconf 86' lang='lat' dir='ltr'>arcessit.</span> <span class='ocrx_word' id='word_1_186' title='bbox 701 1391 874 1446; x_wconf 88' lang='lat' dir='ltr'>Operas</span> <span class='ocrx_word' id='word_1_187' title='bbox 903 1396 1051 1433; x_wconf 91' lang='lat' dir='ltr'>autem</span> <span class='ocrx_word' id='word_1_188' title='bbox 1081 1405 1183 1433; x_wconf 89' lang='lat' dir='ltr'>suas</span> <span class='ocrx_word' id='word_1_189' title='bbox 1206 1393 1397 1433; x_wconf 89' lang='lat' dir='ltr'>Clodius</span> <span class='ocrx_word' id='word_1_190' title='bbox 1428 1392 1678 1435; x_wconf 85' lang='lat' dir='ltr'>confirmat.</span> 
     </span>
     <span class='ocr_line' id='line_1_24' title="bbox 193 1447 1680 1504; baseline 0 -14"><span class='ocrx_word' id='word_1_191' title='bbox 193 1450 354 1490; x_wconf 86' lang='lat' dir='ltr'>Manus</span> <span class='ocrx_word' id='word_1_192' title='bbox 385 1448 441 1489; x_wconf 89' lang='lat' dir='ltr'>ad</span> <span class='ocrx_word' id='word_1_193' title='bbox 465 1447 726 1497; x_wconf 85' lang='lat' dir='ltr'>Quirinalia</span> <span class='ocrx_word' id='word_1_194' title='bbox 754 1451 959 1501; x_wconf 84' lang='lat' dir='ltr'>paratur:</span> <span class='ocrx_word' id='word_1_195' title='bbox 990 1449 1037 1488; x_wconf 91' lang='lat' dir='ltr'>in</span> <span class='ocrx_word' id='word_1_196' title='bbox 1068 1461 1120 1488; x_wconf 85' lang='lat' dir='ltr'>eo</span> <span class='ocrx_word' id='word_1_197' title='bbox 1141 1449 1283 1490; x_wconf 87' lang='lat' dir='ltr'>multo</span> <span class='ocrx_word' id='word_1_198' title='bbox 1306 1461 1456 1490; x_wconf 88' lang='lat' dir='ltr'>sumus</span> <span class='ocrx_word' id='word_1_199' title='bbox 1478 1450 1680 1504; x_wconf 87' lang='lat' dir='ltr'>superio-</span> 
     </span>
     <span class='ocr_line' id='line_1_25' title="bbox 193 1503 1681 1561; baseline 0.001 -16"><span class='ocrx_word' id='word_1_200' title='bbox 193 1518 265 1547; x_wconf 86' lang='lat' dir='ltr'>res</span> <span class='ocrx_word' id='word_1_201' title='bbox 295 1505 437 1561; x_wconf 90' lang='lat' dir='ltr'>ipsius</span> <span class='ocrx_word' id='word_1_202' title='bbox 468 1504 626 1559; x_wconf 88' lang='lat' dir='ltr'>copiis.</span> <span class='ocrx_word' id='word_1_203' title='bbox 687 1503 778 1546; x_wconf 82' lang='lat' dir='ltr'>Sed</span> <span class='ocrx_word' id='word_1_204' title='bbox 806 1517 968 1559; x_wconf 82' lang='lat' dir='ltr'>magna</span> <span class='ocrx_word' id='word_1_205' title='bbox 995 1517 1150 1545; x_wconf 89' lang='lat' dir='ltr'>manus</span> <span class='ocrx_word' id='word_1_206' title='bbox 1190 1517 1249 1546; x_wconf 84' lang='lat' dir='ltr'>ex</span> <span class='ocrx_word' id='word_1_207' title='bbox 1277 1504 1449 1546; x_wconf 90' lang='lat' dir='ltr'>Piceno</span> <span class='ocrx_word' id='word_1_208' title='bbox 1487 1509 1533 1547; x_wconf 89' lang='lat' dir='ltr'>et</span> <span class='ocrx_word' id='word_1_209' title='bbox 1571 1505 1681 1547; x_wconf 90' lang='lat' dir='ltr'>Gal-</span> 
     </span>
    </p>
   </div>
   <div class='ocr_carea' id='block_1_3' title="bbox 191 1660 1719 2814">
    <p class='ocr_par' dir='ltr' id='par_1_4' title="bbox 191 1660 1719 2330">
     <span class='ocr_line' id='line_1_26' title="bbox 288 1660 1680 1704; baseline -0.001 -8"><span class='ocrx_word' id='word_1_210' title='bbox 288 1663 323 1697; x_wconf 86' lang='lat'><strong>3.</strong></span> <span class='ocrx_word' id='word_1_211' title='bbox 360 1662 409 1696; x_wconf 85' lang='lat' dir='ltr'><strong>A.</strong></span> <span class='ocrx_word' id='word_1_212' title='bbox 437 1663 470 1697; x_wconf 80' lang='lat' dir='ltr'>d.</span> <span class='ocrx_word' id='word_1_213' title='bbox 501 1662 568 1697; x_wconf 81' lang='lat' dir='ltr'>VI.</span> <span class='ocrx_word' id='word_1_214' title='bbox 594 1661 653 1695; x_wconf 82' lang='lat' dir='ltr'>ld.</span> <span class='ocrx_word' id='word_1_215' title='bbox 680 1660 805 1704; x_wconf 67' lang='lat' dir='ltr'>Febr„</span> <span class='ocrx_word' id='word_1_216' title='bbox 830 1673 892 1694; x_wconf 82' lang='lat' dir='ltr'>am</span> <span class='ocrx_word' id='word_1_217' title='bbox 917 1662 1002 1696; x_wconf 78' lang='lat' dir='ltr'>Gten</span> <span class='ocrx_word' id='word_1_218' title='bbox 1031 1661 1211 1698; x_wconf 74' lang='lat' dir='ltr'>Februar.</span> <span class='ocrx_word' id='word_1_219' title='bbox 1253 1661 1371 1696; x_wconf 86' lang='lat' dir='ltr'>Orelli</span> <span class='ocrx_word' id='word_1_220' title='bbox 1396 1661 1442 1694; x_wconf 83' lang='lat' dir='ltr'><strong>A.</strong></span> <span class='ocrx_word' id='word_1_221' title='bbox 1469 1661 1501 1695; x_wconf 84' lang='lat' dir='ltr'>d.</span> <span class='ocrx_word' id='word_1_222' title='bbox 1531 1660 1598 1696; x_wconf 72' lang='grc' dir='ltr'>ΓΙ.</span> <span class='ocrx_word' id='word_1_223' title='bbox 1624 1661 1680 1695; x_wconf 86' lang='lat' dir='ltr'>Id.</span> 
     </span>
     <span class='ocr_line' id='line_1_27' title="bbox 193 1709 1719 1754; baseline -0.001 -11"><span class='ocrx_word' id='word_1_224' title='bbox 193 1709 315 1749; x_wconf 64' lang='lat' dir='ltr'>Febr„</span> <span class='ocrx_word' id='word_1_225' title='bbox 343 1722 403 1744; x_wconf 83' lang='lat' dir='ltr'>arn</span> <span class='ocrx_word' id='word_1_226' title='bbox 429 1713 515 1746; x_wconf 82' lang='lat' dir='ltr'>8ten</span> <span class='ocrx_word' id='word_1_227' title='bbox 542 1710 653 1745; x_wconf 78' lang='lat' dir='ltr'>Febr.</span> <span class='ocrx_word' id='word_1_228' title='bbox 682 1728 722 1733; x_wconf 91' lang='lat'>—-</span> <span class='ocrx_word' id='word_1_229' title='bbox 766 1709 816 1743; x_wconf 79' lang='lat' dir='ltr'>ad</span> <span class='ocrx_word' id='word_1_230' title='bbox 846 1709 1036 1753; x_wconf 80' lang='lat' dir='ltr'>Apollinis</span> <span class='ocrx_word' id='word_1_231' title='bbox 1060 1710 1264 1754; x_wconf 84' lang='lat' dir='ltr'>templum,</span> <span class='ocrx_word' id='word_1_232' title='bbox 1302 1709 1388 1742; x_wconf 85' lang='lat' dir='ltr'>weil</span> <span class='ocrx_word' id='word_1_233' title='bbox 1413 1709 1606 1753; x_wconf 86' lang='lat' dir='ltr'>Pompeius</span> <span class='ocrx_word' id='word_1_234' title='bbox 1639 1709 1679 1742; x_wconf 87' lang='lat' dir='ltr'>in</span> <span class='ocrx_word' id='word_1_235' title='bbox 1716 1724 1719 1726; x_wconf 22' lang='grc' dir='ltr'><strong>Α</strong></span> 
     </span>
     <span class='ocr_line' id='line_1_28' title="bbox 195 1757 1679 1797; baseline -0.001 -6"><span class='ocrx_word' id='word_1_236' title='bbox 195 1759 264 1791; x_wconf 83' lang='lat' dir='ltr'>der</span> <span class='ocrx_word' id='word_1_237' title='bbox 293 1759 403 1792; x_wconf 76' lang='lat' dir='ltr'>Nahe</span> <span class='ocrx_word' id='word_1_238' title='bbox 438 1757 614 1797; x_wconf 76' lang='lat' dir='ltr'>wohnte‚</span> <span class='ocrx_word' id='word_1_239' title='bbox 658 1757 725 1790; x_wconf 85' lang='lat' dir='ltr'>der</span> <span class='ocrx_word' id='word_1_240' title='bbox 756 1757 836 1790; x_wconf 87' lang='lat' dir='ltr'>sich</span> <span class='ocrx_word' id='word_1_241' title='bbox 872 1769 938 1791; x_wconf 87' lang='lat' dir='ltr'>vor</span> <span class='ocrx_word' id='word_1_242' title='bbox 975 1758 1129 1792; x_wconf 87' lang='lat' dir='ltr'>Clodius</span> <span class='ocrx_word' id='word_1_243' title='bbox 1162 1758 1358 1791; x_wconf 84' lang='lat' dir='ltr'>fiirchtete</span> <span class='ocrx_word' id='word_1_244' title='bbox 1399 1757 1470 1790; x_wconf 88' lang='lat' dir='ltr'>und</span> <span class='ocrx_word' id='word_1_245' title='bbox 1504 1757 1679 1791; x_wconf 82' lang='lat' dir='ltr'>desshalb</span> 
     </span>
     <span class='ocr_line' id='line_1_29' title="bbox 193 1805 1678 1840; baseline 0 -1"><span class='ocrx_word' id='word_1_246' title='bbox 193 1807 303 1840; x_wconf 87' lang='lat' dir='ltr'>nicht</span> <span class='ocrx_word' id='word_1_247' title='bbox 329 1809 415 1840; x_wconf 90' lang='lat' dir='ltr'>weit</span> <span class='ocrx_word' id='word_1_248' title='bbox 441 1818 525 1839; x_wconf 89' lang='lat' dir='ltr'>vom</span> <span class='ocrx_word' id='word_1_249' title='bbox 553 1807 674 1839; x_wconf 80' lang='lat' dir='ltr'>Hause</span> <span class='ocrx_word' id='word_1_250' title='bbox 701 1806 897 1838; x_wconf 85' lang='lat' dir='ltr'>entfernen</span> <span class='ocrx_word' id='word_1_251' title='bbox 922 1806 1085 1840; x_wconf 87' lang='lat' dir='ltr'>mochte.</span> <span class='ocrx_word' id='word_1_252' title='bbox 1114 1824 1158 1830; x_wconf 90' lang='lat'>-—</span> <span class='ocrx_word' id='word_1_253' title='bbox 1185 1817 1216 1839; x_wconf 82' lang='lat' dir='ltr'>a.</span> <span class='ocrx_word' id='word_1_254' title='bbox 1245 1806 1278 1840; x_wconf 86' lang='lat' dir='ltr'>d.</span> <span class='ocrx_word' id='word_1_255' title='bbox 1302 1806 1410 1840; x_wconf 68' lang='lat'>1711.</span> <span class='ocrx_word' id='word_1_256' title='bbox 1439 1805 1559 1839; x_wconf 79' lang='lat' dir='ltr'>Orelli</span> <span class='ocrx_word' id='word_1_257' title='bbox 1585 1816 1618 1838; x_wconf 85' lang='grc' dir='ltr'>α.</span> <span class='ocrx_word' id='word_1_258' title='bbox 1645 1805 1678 1839; x_wconf 81' lang='lat' dir='ltr'>d.</span> 
     </span>
     <span class='ocr_line' id='line_1_30' title="bbox 196 1853 1678 1896; baseline 0 -8"><span class='ocrx_word' id='word_1_259' title='bbox 196 1855 263 1888; x_wconf 75' lang='lat' dir='ltr'>VI.</span> <span class='ocrx_word' id='word_1_260' title='bbox 297 1855 357 1888; x_wconf 80' lang='lat' dir='ltr'><strong>Id.</strong></span> <span class='ocrx_word' id='word_1_261' title='bbox 389 1855 494 1888; x_wconf 75' lang='lat' dir='ltr'>Febr.</span> <span class='ocrx_word' id='word_1_262' title='bbox 537 1855 715 1888; x_wconf 81' lang='lat' dir='ltr'>Refertur</span> <span class='ocrx_word' id='word_1_263' title='bbox 750 1854 796 1887; x_wconf 85' lang='lat' dir='ltr'>ad</span> <span class='ocrx_word' id='word_1_264' title='bbox 827 1854 873 1887; x_wconf 88' lang='grc' dir='ltr'>Α.</span> <span class='ocrx_word' id='word_1_265' title='bbox 908 1854 944 1890; x_wconf 86' lang='lat' dir='ltr'>d.</span> <span class='ocrx_word' id='word_1_266' title='bbox 978 1854 1049 1888; x_wconf 68' lang='lat'>11⁷.</span> <span class='ocrx_word' id='word_1_267' title='bbox 1083 1854 1138 1887; x_wconf 82' lang='lat' dir='ltr'>Id.</span> <span class='ocrx_word' id='word_1_268' title='bbox 1178 1854 1284 1887; x_wconf 84' lang='lat' dir='ltr'>Febr.</span> <span class='ocrx_word' id='word_1_269' title='bbox 1320 1854 1417 1887; x_wconf 68' lang='lat' dir='ltr'>Milo</span> <span class='ocrx_word' id='word_1_270' title='bbox 1450 1853 1557 1896; x_wconf 67' lang='lat' dir='ltr'>afficit</span> <span class='ocrx_word' id='word_1_271' title='bbox 1583 1853 1617 1896; x_wconf 64' lang='grc' dir='ltr'>ἕ.</span> <span class='ocrx_word' id='word_1_272' title='bbox 1645 1855 1678 1888; x_wconf 82' lang='grc'>2.</span> 
     </span>
     <span class='ocr_line' id='line_1_31' title="bbox 192 1901 1680 1946; baseline -0.002 -8"><span class='ocrx_word' id='word_1_273' title='bbox 192 1922 238 1928; x_wconf 89' lang='lat'>—-</span> <span class='ocrx_word' id='word_1_274' title='bbox 266 1904 306 1938; x_wconf 84' lang='lat' dir='ltr'>C.</span> <span class='ocrx_word' id='word_1_275' title='bbox 335 1903 426 1937; x_wconf 80' lang='lat' dir='ltr'>Cato</span> <span class='ocrx_word' id='word_1_276' title='bbox 453 1902 546 1936; x_wconf 89' lang='lat' dir='ltr'>adol.</span> <span class='ocrx_word' id='word_1_277' title='bbox 574 1921 619 1926; x_wconf 93' lang='lat'>—-</span> <span class='ocrx_word' id='word_1_278' title='bbox 643 1902 930 1940; x_wconf 78' lang='lat' dir='ltr'>malevolorum,</span> <span class='ocrx_word' id='word_1_279' title='bbox 959 1902 1018 1935; x_wconf 82' lang='lat' dir='ltr'>die</span> <span class='ocrx_word' id='word_1_280' title='bbox 1045 1902 1116 1935; x_wconf 83' lang='lat' dir='ltr'>den</span> <span class='ocrx_word' id='word_1_281' title='bbox 1146 1904 1280 1935; x_wconf 86' lang='lat' dir='ltr'>Cicero</span> <span class='ocrx_word' id='word_1_282' title='bbox 1312 1901 1388 1934; x_wconf 84' lang='lat' dir='ltr'>und</span> <span class='ocrx_word' id='word_1_283' title='bbox 1413 1901 1612 1946; x_wconf 86' lang='lat' dir='ltr'>Pompeius</span> <span class='ocrx_word' id='word_1_284' title='bbox 1636 1913 1680 1935; x_wconf 89' lang='lat' dir='ltr'>zu</span> 
     </span>
     <span class='ocr_line' id='line_1_32' title="bbox 193 1947 1679 1996; baseline -0.001 -12"><span class='ocrx_word' id='word_1_285' title='bbox 193 1947 463 1996; x_wconf 61' lang='lat' dir='ltr'>veruneinigen</span> <span class='ocrx_word' id='word_1_286' title='bbox 494 1950 732 1983; x_wconf 82' lang='lat' dir='ltr'>w&#39;unschten.</span> <span class='ocrx_word' id='word_1_287' title='bbox 761 1970 804 1976; x_wconf 86' lang='lat'>—--</span> <span class='ocrx_word' id='word_1_288' title='bbox 855 1950 1070 1993; x_wconf 80' lang='lat' dir='ltr'>descripsit,</span> <span class='ocrx_word' id='word_1_289' title='bbox 1096 1950 1301 1983; x_wconf 86' lang='lat' dir='ltr'>schilderte</span> <span class='ocrx_word' id='word_1_290' title='bbox 1329 1961 1391 1992; x_wconf 86' lang='lat' dir='ltr'>er,</span> <span class='ocrx_word' id='word_1_291' title='bbox 1419 1950 1516 1982; x_wconf 85' lang='lat' dir='ltr'>ohne</span> <span class='ocrx_word' id='word_1_292' title='bbox 1542 1949 1608 1982; x_wconf 87' lang='lat' dir='ltr'>ihn</span> <span class='ocrx_word' id='word_1_293' title='bbox 1635 1961 1679 1983; x_wconf 91' lang='lat' dir='ltr'>zu</span> 
     </span>
     <span class='ocr_line' id='line_1_33' title="bbox 191 1997 1680 2042; baseline -0.002 -9"><span class='ocrx_word' id='word_1_294' title='bbox 191 2011 352 2042; x_wconf 82' lang='lat' dir='ltr'>nennen,</span> <span class='ocrx_word' id='word_1_295' title='bbox 380 1999 481 2032; x_wconf 83' lang='lat' dir='ltr'>nach</span> <span class='ocrx_word' id='word_1_296' title='bbox 507 1999 594 2031; x_wconf 81' lang='lat' dir='ltr'>dem</span> <span class='ocrx_word' id='word_1_297' title='bbox 621 1999 744 2031; x_wconf 82' lang='lat' dir='ltr'>Leben</span> <span class='ocrx_word' id='word_1_298' title='bbox 770 1997 827 2030; x_wconf 86' lang='lat' dir='ltr'>ab.</span> <span class='ocrx_word' id='word_1_299' title='bbox 853 2016 897 2023; x_wconf 88' lang='lat'>--</span> <span class='ocrx_word' id='word_1_300' title='bbox 933 1998 1159 2041; x_wconf 76' lang='lat' dir='ltr'>Africanus,</span> <span class='ocrx_word' id='word_1_301' title='bbox 1198 1998 1263 2031; x_wconf 88' lang='lat' dir='ltr'>der</span> <span class='ocrx_word' id='word_1_302' title='bbox 1288 1998 1399 2042; x_wconf 82' lang='lat' dir='ltr'>iunge</span> <span class='ocrx_word' id='word_1_303' title='bbox 1423 1997 1551 2042; x_wconf 85' lang='lat' dir='ltr'>Scipio</span> <span class='ocrx_word' id='word_1_304' title='bbox 1576 1997 1680 2030; x_wconf 83' lang='lat' dir='ltr'>Afri·</span> 
     </span>
     <span class='ocr_line' id='line_1_34' title="bbox 194 2044 1679 2090; baseline 0 -10"><span class='ocrx_word' id='word_1_305' title='bbox 194 2059 318 2086; x_wconf 66' lang='lat' dir='ltr'>caum,</span> <span class='ocrx_word' id='word_1_306' title='bbox 336 2049 403 2080; x_wconf 85' lang='lat' dir='ltr'>der</span> <span class='ocrx_word' id='word_1_307' title='bbox 419 2049 612 2081; x_wconf 72' lang='lat' dir='ltr'>Zerstorer</span> <span class='ocrx_word' id='word_1_308' title='bbox 628 2058 699 2079; x_wconf 90' lang='lat' dir='ltr'>von</span> <span class='ocrx_word' id='word_1_309' title='bbox 718 2044 910 2090; x_wconf 78' lang='lat' dir='ltr'>Karthago</span> <span class='ocrx_word' id='word_1_310' title='bbox 930 2058 965 2080; x_wconf 87' lang='grc' dir='ltr'>ιι.</span> <span class='ocrx_word' id='word_1_311' title='bbox 984 2047 1197 2087; x_wconf 84' lang='lat' dir='ltr'>Numantia,</span> <span class='ocrx_word' id='word_1_312' title='bbox 1214 2046 1317 2080; x_wconf 87' lang='lat' dir='ltr'>ward</span> <span class='ocrx_word' id='word_1_313' title='bbox 1333 2046 1401 2081; x_wconf 78' lang='lat'>624</span> <span class='ocrx_word' id='word_1_314' title='bbox 1420 2057 1456 2078; x_wconf 87' lang='lat' dir='ltr'>u.</span> <span class='ocrx_word' id='word_1_315' title='bbox 1483 2057 1518 2082; x_wconf 85' lang='lat' dir='ltr'>c.</span> <span class='ocrx_word' id='word_1_316' title='bbox 1534 2045 1594 2078; x_wconf 89' lang='lat' dir='ltr'>od.</span> <span class='ocrx_word' id='word_1_317' title='bbox 1610 2047 1679 2080; x_wconf 83' lang='lat'>130</span> 
     </span>
     <span class='ocr_line' id='line_1_35' title="bbox 193 2093 1678 2139; baseline -0.003 -9"><span class='ocrx_word' id='word_1_318' title='bbox 193 2108 265 2131; x_wconf 85' lang='lat' dir='ltr'>vor</span> <span class='ocrx_word' id='word_1_319' title='bbox 292 2097 381 2130; x_wconf 88' lang='lat' dir='ltr'>Chr.</span> <span class='ocrx_word' id='word_1_320' title='bbox 409 2097 472 2129; x_wconf 86' lang='lat' dir='ltr'>des</span> <span class='ocrx_word' id='word_1_321' title='bbox 497 2097 678 2139; x_wconf 85' lang='lat' dir='ltr'>Morgens</span> <span class='ocrx_word' id='word_1_322' title='bbox 711 2094 795 2127; x_wconf 79' lang='lat' dir='ltr'>todt</span> <span class='ocrx_word' id='word_1_323' title='bbox 821 2094 873 2127; x_wconf 86' lang='lat' dir='ltr'>im</span> <span class='ocrx_word' id='word_1_324' title='bbox 899 2095 1006 2127; x_wconf 80' lang='lat' dir='ltr'>Bette</span> <span class='ocrx_word' id='word_1_325' title='bbox 1039 2095 1244 2138; x_wconf 82' lang='lat' dir='ltr'>gefunden‚</span> <span class='ocrx_word' id='word_1_326' title='bbox 1296 2094 1366 2127; x_wconf 87' lang='lat' dir='ltr'>wie</span> <span class='ocrx_word' id='word_1_327' title='bbox 1398 2105 1483 2127; x_wconf 86' lang='lat' dir='ltr'>man</span> <span class='ocrx_word' id='word_1_328' title='bbox 1516 2093 1678 2138; x_wconf 84' lang='lat' dir='ltr'>glaubte‚</span> 
     </span>
     <span class='ocr_line' id='line_1_36' title="bbox 193 2141 1679 2187; baseline -0.002 -11"><span class='ocrx_word' id='word_1_329' title='bbox 193 2145 310 2178; x_wconf 85' lang='lat' dir='ltr'>durch</span> <span class='ocrx_word' id='word_1_330' title='bbox 339 2143 645 2177; x_wconf 82' lang='lat' dir='ltr'>Meuchelmord.</span> <span class='ocrx_word' id='word_1_331' title='bbox 695 2142 731 2176; x_wconf 90' lang='lat' dir='ltr'><strong>S.</strong></span> <span class='ocrx_word' id='word_1_332' title='bbox 769 2142 815 2175; x_wconf 86' lang='lat' dir='ltr'>de</span> <span class='ocrx_word' id='word_1_333' title='bbox 850 2143 967 2176; x_wconf 86' lang='lat' dir='ltr'>Amic.</span> <span class='ocrx_word' id='word_1_334' title='bbox 996 2143 1065 2183; x_wconf 89' lang='lat' dir='ltr'>III,</span> <span class='ocrx_word' id='word_1_335' title='bbox 1094 2145 1147 2178; x_wconf 84' lang='lat'><strong>12.</strong></span> <span class='ocrx_word' id='word_1_336' title='bbox 1181 2143 1338 2182; x_wconf 83' lang='lat' dir='ltr'>XXVII,</span> <span class='ocrx_word' id='word_1_337' title='bbox 1374 2144 1454 2178; x_wconf 87' lang='lat'>102.</span> <span class='ocrx_word' id='word_1_338' title='bbox 1506 2143 1543 2176; x_wconf 84' lang='lat' dir='ltr'>C.</span> <span class='ocrx_word' id='word_1_339' title='bbox 1569 2141 1679 2187; x_wconf 82' lang='lat' dir='ltr'>Papi-</span> 
     </span>
     <span class='ocr_line' id='line_1_37' title="bbox 193 2190 1678 2234; baseline -0.002 -8"><span class='ocrx_word' id='word_1_340' title='bbox 193 2194 269 2226; x_wconf 84' lang='lat' dir='ltr'>rius</span> <span class='ocrx_word' id='word_1_341' title='bbox 299 2193 420 2227; x_wconf 81' lang='lat' dir='ltr'>Carbo</span> <span class='ocrx_word' id='word_1_342' title='bbox 455 2192 628 2225; x_wconf 87' lang='lat' dir='ltr'>desshalb</span> <span class='ocrx_word' id='word_1_343' title='bbox 663 2191 700 2224; x_wconf 85' lang='lat' dir='ltr'>in</span> <span class='ocrx_word' id='word_1_344' title='bbox 736 2191 942 2231; x_wconf 82' lang='lat' dir='ltr'>Verdacht‚</span> <span class='ocrx_word' id='word_1_345' title='bbox 969 2191 1039 2223; x_wconf 89' lang='lat' dir='ltr'>und</span> <span class='ocrx_word' id='word_1_346' title='bbox 1068 2203 1140 2224; x_wconf 90' lang='lat' dir='ltr'>von</span> <span class='ocrx_word' id='word_1_347' title='bbox 1172 2193 1209 2224; x_wconf 93' lang='lat' dir='ltr'>C.</span> <span class='ocrx_word' id='word_1_348' title='bbox 1238 2193 1385 2224; x_wconf 85' lang='lat' dir='ltr'>Crassus</span> <span class='ocrx_word' id='word_1_349' title='bbox 1411 2200 1535 2234; x_wconf 82' lang='lat' dir='ltr'>wegen</span> <span class='ocrx_word' id='word_1_350' title='bbox 1561 2190 1678 2223; x_wconf 85' lang='lat' dir='ltr'>seines</span> 
     </span>
     <span class='ocr_line' id='line_1_38' title="bbox 193 2237 1678 2285; baseline -0.002 -11"><span class='ocrx_word' id='word_1_351' title='bbox 193 2242 395 2274; x_wconf 86' lang='lat' dir='ltr'>Tribunats</span> <span class='ocrx_word' id='word_1_352' title='bbox 433 2241 651 2285; x_wconf 78' lang='lat' dir='ltr'>angeklagt‚</span> <span class='ocrx_word' id='word_1_353' title='bbox 701 2239 844 2271; x_wconf 69' lang='lat' dir='ltr'>todtete</span> <span class='ocrx_word' id='word_1_354' title='bbox 877 2239 958 2272; x_wconf 81' lang='lat' dir='ltr'>sich</span> <span class='ocrx_word' id='word_1_355' title='bbox 995 2239 1064 2272; x_wconf 87' lang='lat' dir='ltr'>mit</span> <span class='ocrx_word' id='word_1_356' title='bbox 1096 2238 1325 2284; x_wconf 87' lang='lat' dir='ltr'>Spanischen</span> <span class='ocrx_word' id='word_1_357' title='bbox 1351 2239 1514 2284; x_wconf 77' lang='lat' dir='ltr'>Fliegen.</span> <span class='ocrx_word' id='word_1_358' title='bbox 1564 2237 1602 2274; x_wconf 87' lang='lat' dir='ltr'>S.</span> <span class='ocrx_word' id='word_1_359' title='bbox 1630 2239 1678 2272; x_wconf 82' lang='lat' dir='ltr'>de</span> 
     </span>
     <span class='ocr_line' id='line_1_39' title="bbox 191 2286 908 2330; baseline -0.007 -6"><span class='ocrx_word' id='word_1_360' title='bbox 191 2290 313 2324; x_wconf 82' lang='lat' dir='ltr'>Amic.</span> <span class='ocrx_word' id='word_1_361' title='bbox 341 2289 405 2329; x_wconf 89' lang='lat' dir='ltr'>XI,</span> <span class='ocrx_word' id='word_1_362' title='bbox 431 2290 488 2323; x_wconf 82' lang='lat'><strong>59.</strong></span> <span class='ocrx_word' id='word_1_363' title='bbox 515 2289 599 2330; x_wconf 83' lang='lat' dir='ltr'>X11,</span> <span class='ocrx_word' id='word_1_364' title='bbox 627 2289 684 2322; x_wconf 70' lang='grc'>41.</span> <span class='ocrx_word' id='word_1_365' title='bbox 714 2286 826 2329; x_wconf 88' lang='lat' dir='ltr'>XXV,</span> <span class='ocrx_word' id='word_1_366' title='bbox 851 2288 908 2323; x_wconf 81' lang='lat'><strong>96.</strong></span> 
     </span>
    </p>

    <p class='ocr_par' dir='ltr' id='par_1_5' title="bbox 192 2333 1677 2814">
     <span class='ocr_line' id='line_1_40' title="bbox 292 2333 1677 2380; baseline -0.003 -9"><span class='ocrx_word' id='word_1_367' title='bbox 292 2340 325 2371; x_wconf 79' lang='lat'>4.</span> <span class='ocrx_word' id='word_1_368' title='bbox 371 2336 444 2380; x_wconf 67' lang='lat' dir='ltr'>[O]</span> <span class='ocrx_word' id='word_1_369' title='bbox 474 2339 579 2370; x_wconf 85' lang='lat' dir='ltr'>omis.</span> <span class='ocrx_word' id='word_1_370' title='bbox 610 2338 710 2370; x_wconf 84' lang='lat' dir='ltr'>Crat.</span> <span class='ocrx_word' id='word_1_371' title='bbox 737 2335 818 2368; x_wconf 86' lang='lat' dir='ltr'>Ald.</span> <span class='ocrx_word' id='word_1_372' title='bbox 845 2337 950 2369; x_wconf 88' lang='lat' dir='ltr'>Man.</span> <span class='ocrx_word' id='word_1_373' title='bbox 982 2335 1109 2368; x_wconf 72' lang='lat' dir='ltr'>hamb.</span> <span class='ocrx_word' id='word_1_374' title='bbox 1136 2335 1238 2369; x_wconf 86' lang='lat' dir='ltr'>Bent.</span> <span class='ocrx_word' id='word_1_375' title='bbox 1277 2333 1467 2379; x_wconf 86' lang='lat' dir='ltr'>Equidem</span> <span class='ocrx_word' id='word_1_376' title='bbox 1492 2333 1596 2367; x_wconf 85' lang='lat' dir='ltr'>uncis</span> <span class='ocrx_word' id='word_1_377' title='bbox 1621 2334 1677 2367; x_wconf 87' lang='lat' dir='ltr'>in-</span> 
     </span>
     <span class='ocr_line' id='line_1_41' title="bbox 193 2382 1675 2427; baseline -0.003 -9"><span class='ocrx_word' id='word_1_378' title='bbox 193 2387 299 2420; x_wconf 85' lang='lat' dir='ltr'>clusi.</span> <span class='ocrx_word' id='word_1_379' title='bbox 338 2384 533 2419; x_wconf 79' lang='lat' dir='ltr'>ORELLI.</span> <span class='ocrx_word' id='word_1_380' title='bbox 568 2404 612 2409; x_wconf 90' lang='lat'>—-</span> <span class='ocrx_word' id='word_1_381' title='bbox 645 2396 668 2418; x_wconf 83' lang='lat' dir='ltr'>a</span> <span class='ocrx_word' id='word_1_382' title='bbox 696 2385 748 2416; x_wconf 87' lang='grc' dir='ltr'>Μ.</span> <span class='ocrx_word' id='word_1_383' title='bbox 775 2383 922 2417; x_wconf 86' lang='lat' dir='ltr'>Licinio</span> <span class='ocrx_word' id='word_1_384' title='bbox 951 2382 1098 2416; x_wconf 78' lang='lat' dir='ltr'>Crasso.</span> <span class='ocrx_word' id='word_1_385' title='bbox 1156 2384 1192 2417; x_wconf 82' lang='lat' dir='ltr'><strong>S.</strong></span> <span class='ocrx_word' id='word_1_386' title='bbox 1221 2393 1277 2427; x_wconf 87' lang='lat' dir='ltr'>ep.</span> <span class='ocrx_word' id='word_1_387' title='bbox 1304 2383 1430 2424; x_wconf 84' lang='lat' dir='ltr'>XCII,</span> <span class='ocrx_word' id='word_1_388' title='bbox 1456 2384 1490 2417; x_wconf 89' lang='grc'>3.</span> <span class='ocrx_word' id='word_1_389' title='bbox 1516 2393 1551 2415; x_wconf 89' lang='lat' dir='ltr'>u.</span> <span class='ocrx_word' id='word_1_390' title='bbox 1575 2382 1675 2414; x_wconf 89' lang='lat' dir='ltr'>oben</span> 
     </span>
     <span class='ocr_line' id='line_1_42' title="bbox 194 2429 1677 2478; baseline -0.003 -12"><span class='ocrx_word' id='word_1_391' title='bbox 194 2437 221 2478; x_wconf 84' lang='lat'>§.</span> <span class='ocrx_word' id='word_1_392' title='bbox 252 2436 284 2470; x_wconf 87' lang='lat'><strong>2.</strong></span> <span class='ocrx_word' id='word_1_393' title='bbox 320 2452 364 2459; x_wconf 90' lang='lat'><em>-</em></span> <span class='ocrx_word' id='word_1_394' title='bbox 400 2434 634 2467; x_wconf 78' lang='lat' dir='ltr'>concionario</span> <span class='ocrx_word' id='word_1_395' title='bbox 670 2429 793 2472; x_wconf 71' lang='grc' dir='ltr'>(ἅπαξ</span> <span class='ocrx_word' id='word_1_396' title='bbox 826 2430 1043 2477; x_wconf 74' lang='grc' dir='ltr'><em>λεγόμενον)</em></span> <span class='ocrx_word' id='word_1_397' title='bbox 1081 2431 1146 2464; x_wconf 68' lang='lat' dir='ltr'>illo</span> <span class='ocrx_word' id='word_1_398' title='bbox 1177 2431 1310 2474; x_wconf 79' lang='lat' dir='ltr'>populo</span> <span class='ocrx_word' id='word_1_399' title='bbox 1343 2430 1367 2463; x_wconf 90' lang='lat' dir='ltr'>i.</span> <span class='ocrx_word' id='word_1_400' title='bbox 1402 2441 1433 2464; x_wconf 88' lang='lat' dir='ltr'>e.</span> <span class='ocrx_word' id='word_1_401' title='bbox 1468 2440 1510 2462; x_wconf 84' lang='lat' dir='ltr'>ea</span> <span class='ocrx_word' id='word_1_402' title='bbox 1541 2429 1677 2475; x_wconf 85' lang='lat' dir='ltr'>populi</span> 
     </span>
     <span class='ocr_line' id='line_1_43' title="bbox 193 2478 1676 2527; baseline -0.004 -11"><span class='ocrx_word' id='word_1_403' title='bbox 193 2488 327 2527; x_wconf 78' lang='lat' dir='ltr'>parte,</span> <span class='ocrx_word' id='word_1_404' title='bbox 375 2491 467 2527; x_wconf 83' lang='lat' dir='ltr'>quae</span> <span class='ocrx_word' id='word_1_405' title='bbox 505 2481 552 2514; x_wconf 84' lang='lat' dir='ltr'>ad</span> <span class='ocrx_word' id='word_1_406' title='bbox 584 2482 781 2514; x_wconf 86' lang='lat' dir='ltr'>conciones</span> <span class='ocrx_word' id='word_1_407' title='bbox 812 2482 1051 2514; x_wconf 81' lang='lat' dir='ltr'>tribunorum</span> <span class='ocrx_word' id='word_1_408' title='bbox 1077 2479 1128 2523; x_wconf 85' lang='lat' dir='ltr'>pl.</span> <span class='ocrx_word' id='word_1_409' title='bbox 1157 2479 1270 2512; x_wconf 78' lang='lat' dir='ltr'>facile</span> <span class='ocrx_word' id='word_1_410' title='bbox 1295 2478 1430 2512; x_wconf 87' lang='lat' dir='ltr'>soleret</span> <span class='ocrx_word' id='word_1_411' title='bbox 1454 2488 1676 2519; x_wconf 86' lang='lat' dir='ltr'>accurrere;</span> 
     </span>
     <span class='ocr_line' id='line_1_44' title="bbox 192 2526 1676 2571; baseline -0.003 -9"><span class='ocrx_word' id='word_1_412' title='bbox 192 2531 272 2563; x_wconf 81' lang='lat' dir='ltr'>also</span> <span class='ocrx_word' id='word_1_413' title='bbox 299 2531 365 2563; x_wconf 87' lang='lat' dir='ltr'>der</span> <span class='ocrx_word' id='word_1_414' title='bbox 393 2530 500 2571; x_wconf 77' lang='lat' dir='ltr'>feile,</span> <span class='ocrx_word' id='word_1_415' title='bbox 541 2530 623 2562; x_wconf 85' lang='lat' dir='ltr'>sich</span> <span class='ocrx_word' id='word_1_416' title='bbox 657 2529 696 2560; x_wconf 85' lang='lat' dir='ltr'>in</span> <span class='ocrx_word' id='word_1_417' title='bbox 735 2529 805 2561; x_wconf 90' lang='lat' dir='ltr'>den</span> <span class='ocrx_word' id='word_1_418' title='bbox 832 2528 1278 2571; x_wconf 78' lang='lat' dir='ltr'>Volksversammlungen</span> <span class='ocrx_word' id='word_1_419' title='bbox 1307 2527 1442 2560; x_wconf 77' lang='lat' dir='ltr'>umber</span> <span class='ocrx_word' id='word_1_420' title='bbox 1468 2526 1676 2564; x_wconf 81' lang='lat' dir='ltr'>treibende,</span> 
     </span>
     <span class='ocr_line' id='line_1_45' title="bbox 195 2573 1677 2625; baseline -0.001 -15"><span class='ocrx_word' id='word_1_421' title='bbox 195 2579 382 2623; x_wconf 82' lang='lat' dir='ltr'>unruhige</span> <span class='ocrx_word' id='word_1_422' title='bbox 416 2577 538 2611; x_wconf 75' lang='lat' dir='ltr'>Pobel.</span> <span class='ocrx_word' id='word_1_423' title='bbox 591 2577 670 2625; x_wconf 82' lang='lat' dir='ltr'>Vgl.</span> <span class='ocrx_word' id='word_1_424' title='bbox 707 2576 753 2609; x_wconf 85' lang='lat' dir='ltr'>ad</span> <span class='ocrx_word' id='word_1_425' title='bbox 786 2577 900 2611; x_wconf 82' lang='lat' dir='ltr'>Attic.</span> <span class='ocrx_word' id='word_1_426' title='bbox 926 2578 961 2618; x_wconf 89' lang='grc' dir='ltr'>Ι,</span> <span class='ocrx_word' id='word_1_427' title='bbox 992 2577 1048 2612; x_wconf 85' lang='grc'>16.</span> <span class='ocrx_word' id='word_1_428' title='bbox 1086 2575 1340 2614; x_wconf 74' lang='lat' dir='ltr'>„concionalis</span> <span class='ocrx_word' id='word_1_429' title='bbox 1365 2574 1502 2608; x_wconf 85' lang='lat' dir='ltr'>hirudo</span> <span class='ocrx_word' id='word_1_430' title='bbox 1529 2573 1677 2614; x_wconf 84' lang='lat' dir='ltr'>aerarii,</span> 
     </span>
     <span class='ocr_line' id='line_1_46' title="bbox 195 2620 1673 2671; baseline -0.003 -13"><span class='ocrx_word' id='word_1_431' title='bbox 195 2627 329 2659; x_wconf 77' lang='lat' dir='ltr'>misera</span> <span class='ocrx_word' id='word_1_432' title='bbox 369 2625 603 2671; x_wconf 82' lang='lat' dir='ltr'>plebecula.“</span> <span class='ocrx_word' id='word_1_433' title='bbox 666 2625 750 2657; x_wconf 91' lang='lat' dir='ltr'>Gul.</span> <span class='ocrx_word' id='word_1_434' title='bbox 794 2637 888 2671; x_wconf 87' lang='lat' dir='ltr'>susp.</span> <span class='ocrx_word' id='word_1_435' title='bbox 922 2623 1217 2664; x_wconf 74' lang='lat' dir='ltr'>concionatoria,</span> <span class='ocrx_word' id='word_1_436' title='bbox 1267 2623 1415 2656; x_wconf 85' lang='lat' dir='ltr'>Gruter.</span> <span class='ocrx_word' id='word_1_437' title='bbox 1457 2620 1673 2655; x_wconf 74' lang='lat' dir='ltr'>concionali.</span> 
     </span>
     <span class='ocr_line' id='line_1_47' title="bbox 197 2670 1673 2717; baseline -0.003 -10"><span class='ocrx_word' id='word_1_438' title='bbox 197 2674 394 2710; x_wconf 77' lang='lat' dir='ltr'>ORELLI.</span> <span class='ocrx_word' id='word_1_439' title='bbox 422 2693 465 2698; x_wconf 97' lang='lat'><strong>—</strong></span> <span class='ocrx_word' id='word_1_440' title='bbox 491 2674 619 2707; x_wconf 75' lang='lat' dir='ltr'>iuvent.</span> <span class='ocrx_word' id='word_1_441' title='bbox 645 2672 823 2716; x_wconf 70' lang='lat' dir='ltr'>improba.</span> <span class='ocrx_word' id='word_1_442' title='bbox 851 2674 939 2717; x_wconf 76' lang='lat' dir='ltr'>vgl.</span> <span class='ocrx_word' id='word_1_443' title='bbox 966 2683 1020 2717; x_wconf 82' lang='lat' dir='ltr'>ep.</span> <span class='ocrx_word' id='word_1_444' title='bbox 1040 2672 1083 2713; x_wconf 81' lang='lat' dir='ltr'>L,</span> <span class='ocrx_word' id='word_1_445' title='bbox 1101 2671 1136 2707; x_wconf 78' lang='lat'><strong>2.</strong></span> <span class='ocrx_word' id='word_1_446' title='bbox 1166 2691 1207 2697; x_wconf 94' lang='lat'><strong>—</strong></span> <span class='ocrx_word' id='word_1_447' title='bbox 1234 2671 1390 2704; x_wconf 78' lang='lat' dir='ltr'>arcessit</span> <span class='ocrx_word' id='word_1_448' title='bbox 1416 2671 1454 2703; x_wconf 87' lang='lat' dir='ltr'>in</span> <span class='ocrx_word' id='word_1_449' title='bbox 1473 2670 1673 2703; x_wconf 84' lang='lat' dir='ltr'>urbem.—</span> 
     </span>
     <span class='ocr_line' id='line_1_48' title="bbox 199 2717 1675 2766; baseline -0.003 -10"><span class='ocrx_word' id='word_1_450' title='bbox 199 2723 338 2757; x_wconf 62' lang='lat' dir='ltr'>Quin-in.</span> <span class='ocrx_word' id='word_1_451' title='bbox 377 2734 449 2766; x_wconf 88' lang='lat' dir='ltr'>quo</span> <span class='ocrx_word' id='word_1_452' title='bbox 491 2722 551 2754; x_wconf 87' lang='lat' dir='ltr'>die</span> <span class='ocrx_word' id='word_1_453' title='bbox 583 2720 770 2755; x_wconf 87' lang='lat' dir='ltr'>Milonem</span> <span class='ocrx_word' id='word_1_454' title='bbox 804 2722 959 2756; x_wconf 85' lang='lat' dir='ltr'>Clodius</span> <span class='ocrx_word' id='word_1_455' title='bbox 995 2726 1074 2753; x_wconf 88' lang='lat' dir='ltr'>erat</span> <span class='ocrx_word' id='word_1_456' title='bbox 1114 2726 1369 2752; x_wconf 82' lang='lat' dir='ltr'>accusaturus.</span> <span class='ocrx_word' id='word_1_457' title='bbox 1402 2717 1605 2752; x_wconf 75' lang='lat' dir='ltr'><strong>MANUT.</strong></span> <span class='ocrx_word' id='word_1_458' title='bbox 1632 2734 1675 2740; x_wconf 94' lang='lat'>—</span> 
     </span>
     <span class='ocr_line' id='line_1_49' title="bbox 196 2765 1673 2814; baseline -0.004 -12"><span class='ocrx_word' id='word_1_459' title='bbox 196 2781 242 2802; x_wconf 69' lang='lat' dir='ltr'>ex</span> <span class='ocrx_word' id='word_1_460' title='bbox 269 2771 412 2814; x_wconf 78' lang='lat' dir='ltr'>Piceno,</span> <span class='ocrx_word' id='word_1_461' title='bbox 439 2771 558 2803; x_wconf 77' lang='lat' dir='ltr'>einem</span> <span class='ocrx_word' id='word_1_462' title='bbox 585 2768 717 2803; x_wconf 85' lang='lat' dir='ltr'>Theile</span> <span class='ocrx_word' id='word_1_463' title='bbox 744 2769 811 2802; x_wconf 89' lang='lat' dir='ltr'>der</span> <span class='ocrx_word' id='word_1_464' title='bbox 838 2770 1000 2814; x_wconf 79' lang='lat' dir='ltr'>ietzigen</span> <span class='ocrx_word' id='word_1_465' title='bbox 1027 2767 1136 2802; x_wconf 79' lang='lat' dir='ltr'>Mark</span> <span class='ocrx_word' id='word_1_466' title='bbox 1163 2770 1317 2801; x_wconf 83' lang='lat' dir='ltr'>Ancona</span> <span class='ocrx_word' id='word_1_467' title='bbox 1341 2778 1378 2803; x_wconf 89' lang='lat' dir='ltr'>u.</span> <span class='ocrx_word' id='word_1_468' title='bbox 1395 2777 1467 2800; x_wconf 85' lang='lat' dir='ltr'>von</span> <span class='ocrx_word' id='word_1_469' title='bbox 1494 2765 1673 2800; x_wconf 79' lang='lat' dir='ltr'>Abruzzo.</span> 
     </span>
    </p>
   </div>
  </div>
 </body>
</html>
