1742 3006
521 79 838 123 EPISTOLA
869 81 1107 125 xxxm.
1471 83 1557 147 159

72 209 223 248 muro,
253 196 424 247 statue,
465 191 572 248 quid
603 192 855 234 faciendum
900 193 971 234 sit.
1042 192 1177 236 Aliud
1221 193 1353 250 quid?
1391 195 1555 238 Etiam.

74 251 266 301 Quando
297 255 339 292 te
370 248 597 305 proficisci
627 249 760 292 istinc
787 252 940 305 puteS,
972 248 1068 302 fac,
1098 254 1146 291 ut
1175 251 1326 293 sciam.

298 439 613 483 EPISTOLA
644 438 884 482 XXXIII.
946 439 1025 491 (ad
1054 441 1151 483 Att.
1182 441 1244 483 ΙΙ.
1275 441 1341 494 7.)

371 516 453 553 Ser.
477 516 519 548 in
546 514 690 550 Antiati
716 516 758 550 A.
788 516 832 549 U.
861 516 901 548 c.
931 515 1010 551 695.
1044 515 1092 558 (a.
1123 517 1162 549 c,
1189 517 1267 560 59.)

76 586 132 618 De
160 596 271 631 opere
297 583 550 631 geographico
577 590 614 616 et
641 583 783 618 duabus
811 583 1071 623 orationibus,
1105 595 1194 629 quas
1219 584 1364 618 Atticus
1397 586 1561 630 postula-

77 640 188 667 verat.
216 636 247 667 l.
274 633 320 666 de
349 633 471 666 Clodii
496 631 726 673 tationib1135
761 633 808 665 de
840 633 913 665 suis
948 632 1118 666 consiliis
1153 632 1198 665 ad
1240 633 1378 676 otium,
1414 646 1488 666 non
1515 634 1562 666 ad

173 693 253 715 rem
289 682 478 727 publicam
511 681 714 725 gerendam
749 680 1021 726 spectantibus.
1049 682 1138 716 2-4.
1172 681 1218 714 de
1246 680 1467 715 domesticis

665 729 900 774 quibusdam.
940 730 974 764 5.
1303 735 1306 738 ⁴

585 817 770 852 CICERO
793 817 981 851 ATTICO
1018 817 1056 853 S.

191 884 262 925 De
311 882 580 939 geographia
641 885 774 925 etiam
831 885 960 939 atque
1022 886 1155 926 etiam
1206 885 1559 927 deliberabimus.

82 941 321 981 Orationes
351 945 497 981 autem
526 953 597 981 me
625 940 733 980 duas
773 942 994 995 postulas:
1035 954 1222 995 quarum
1261 942 1448 983 alteram
1477 955 1564 982 non

82 997 242 1037 libebat
271 995 380 1036 mihi
409 997 626 1048 scribere,
668 997 772 1051 quia
800 997 1102 1047 abscideram3
1140 998 1350 1050 alteram,
1391 1011 1445 1038 ne
1473 997 1563 1038 lau-

81 1052 234 1093 darem
263 1066 384 1104 eum,
414 1066 542 1106 quem
571 1066 657 1093 non
689 1053 903 1094 amabam.
983 1052 1073 1094 Sed
1111 1053 1158 1093 id
1198 1068 1370 1108 quoque
1398 1053 1565 1094 videbi-

82 1122 190 1149 mus.
261 1108 464 1162 Denique
505 1108 673 1163 aliquid
711 1109 926 1162 exstabit,
976 1123 1031 1150 ne
1076 1109 1159 1150 tibi
1196 1111 1326 1165 plane
1367 1123 1564 1152 cessasse

82 1165 327 1206 videamur.
396 1165 466 1206 De
495 1165 657 1206 Publio
687 1178 796 1220 quae
825 1165 881 1206 ad
911 1179 981 1207 me
1012 1166 1195 1217 scribis,
1225 1180 1330 1208 sane
1360 1166 1472 1206 mihi
1500 1166 1564 1206 iu-

82 1220 227 1261 cunda
255 1223 377 1262 sunt:
417 1234 553 1275 eaque
583 1223 717 1263 etiam
745 1221 879 1264 velim
909 1222 1110 1263 omnibus
1130 1223 1328 1277 vestigiis
1357 1221 1565 1276 indagata

83 1277 140 1316 ad
169 1290 240 1316 me
269 1278 454 1330 afferas,
494 1291 626 1331 quum
655 1278 828 1327 venies3
869 1282 912 1319 et
941 1278 1112 1319 interea
1140 1279 1334 1329 scribas,
1380 1279 1420 1319 si
1458 1278 1564 1332 quid

82 1333 299 1385 intelliges
335 1338 411 1374 aut
449 1334 750 1386 suspicabere:
797 1337 840 1373 et
878 1335 1069 1374 maxime
1109 1334 1164 1375 (le
1202 1335 1420 1388 legatione
1457 1333 1565 1389 quid

83 1388 142 1428 sit
171 1393 360 1428 acturus.
418 1389 642 1443 Equidem
671 1393 795 1440 ante,
826 1402 956 1443 quam
985 1394 1082 1431 tuas
1112 1391 1201 1444 legi
1217 1391 1394 1443 literas,
1424 1389 1564 1431 homi-

84 1458 183 1484 nem
212 1445 280 1485 ire
309 1444 558 1498 cupiebam3
600 1459 687 1485 non
717 1445 990 1499 mehercule,
1035 1450 1083 1487 ut
1111 1446 1340 1487 differrem
1385 1460 1484 1487 cum
1514 1460 1566 1487 eo

84 1500 380 1541 vadimonium
410 1525 463 1529 —-
493 1514 594 1541 nam
624 1502 738 1542 mira
758 1515 853 1542 sum
874 1502 1103 1543 alacritate
1125 1501 1182 1543 ad
1206 1502 1491 1557 litigandum
1515 1525 1568 1531 —

85 1621 190 1653 kasse
215 1631 301 1660 aus,
329 1630 369 1651 so
397 1619 522 1651 verlor
548 1630 588 1650 er
613 1617 817 1665 gewaltige
848 1618 1050 1661 Procente,
1087 1618 1266 1652 wahrend
1296 1619 1495 1663 Pompeius
1527 1619 1564 1652 in

86 1671 186 1702 Rom
213 1669 310 1701 diese
336 1678 517 1711 gewann,
554 1667 600 1698 da
627 1677 666 1698 er
694 1666 775 1699 sich
807 1666 889 1698 iene
921 1668 1073 1700 Summe
1106 1666 1272 1700 nachher
1304 1667 1344 1699 in
1379 1667 1568 1700 Denarien

85 1715 397 1750 walnrscheinlich
430 1714 571 1748 wieder
604 1721 775 1747 ersetzen
802 1726 835 1747 u.
863 1716 1058 1748 auszahlen
1094 1714 1190 1748 liess.
1224 1715 1259 1748 S.
1287 1714 1333 1748 ad
1366 1715 1484 1749 Attio.
1510 1727 1566 1760 ep.

84 1766 165 1798 XVI
193 1766 289 1807 (42).
318 1783 362 1788 -—
397 1763 438 1796 de
461 1774 580 1796 muro.
609 1764 644 1796 S.
671 1775 728 1808 ep.
755 1763 874 1797 XXIX
901 1775 962 1796 am
986 1764 1103 1798 Ende.
1138 1782 1183 1790 —-·
1217 1763 1338 1797 Aliud
1369 1764 1455 1807 quid
1487 1765 1567 1798 scil.

84 1813 228 1854 habeo,
262 1812 362 1857 quod
398 1810 586 1846 scribam?
624 1811 752 1845 Etiam
777 1825 827 1844 z:
861 1813 912 1846 Ia.
947 1814 982 1846 S.
1017 1813 1168 1846 Grotef.
1201 1812 1234 1856 ἓ.
1261 1812 1332 1847 344
1356 1823 1390 1845 u.
1416 1813 1497 1848 358.
1524 1831 1566 1837 -

82 1862 210 1904 istim,
236 1862 372 1895 Roma.

182 1932 212 1964 1.
241 1929 351 1962 etiam
376 1932 483 1973 atque
515 1928 625 1961 etiam
657 1928 785 1969 delia,
828 1928 961 1961 wollen
994 1928 1061 1961 wir
1092 1929 1134 1961 in
1175 1928 1378 1962 ernstliche
1412 1920 1570 1963 Uberle-

88 1990 189 2024 gung
214 1978 386 2011 nelunen.
438 1978 492 2011 Er
517 1988 592 2010 war
617 1977 700 2010 also
715 1988 800 2009 vom
820 1977 969 2010 Attikus
997 1977 1134 2010 wieder
1162 1977 1255 2010 dazu
1281 1978 1569 2021 ausgemuntert.

89 2047 130 2052 --
158 2027 321 2061 scribere
344 2026 426 2062 scil.
455 2024 592 2067 denuo,
626 2023 726 2058 noch
754 2025 920 2059 einmahl
944 2025 1084 2059 wieder
1117 2026 1452 2069 aufzuschreiben,
1487 2027 1569 2060 weil

39 2088 41 2090 ·
89 2076 151 2108 ich
178 2075 231 2108 sie
257 2074 439 2107 zerrissen
465 2073 580 2106 oder
605 2073 668 2106 das
696 2074 897 2106 Aufsetzen
924 2073 1121 2107 derselben
1148 2074 1417 2122 abgebrochen
1444 2075 1568 2113 hatte3

88 2135 125 2157 es
150 2135 225 2157 nun
258 2123 347 2155 aber
377 2134 419 2155 zu
454 2124 535 2166 spiit
567 2121 634 2164 ist,
674 2123 728 2155 sie
760 2122 895 2155 wieder
929 2134 1142 2155 zusammen
1176 2134 1220 2155 zu
1251 2122 1418 2167 bringen.
1477 2124 1568 2158 Man

89 2173 152 2205 hat
179 2173 258 2205 also
292 2170 401 2203 nicht
436 2170 569 2213 nothig
603 2171 673 2203 mit
707 2171 862 2204 Ursinus
896 2171 1030 2204 licebat
1061 2182 1106 2204 zu
1140 2171 1359 2204 verbessern
1394 2172 1470 2204 und
1502 2182 1569 2204 non

90 2221 223 2253 libebat
251 2219 380 2252 hinter
405 2219 561 2251 alteram
588 2231 632 2252 zu
660 2225 868 2255 versetzen,
919 2218 1018 2252 Statt
1050 2219 1279 2253 abscideram
1307 2220 1345 2252 in
1372 2220 1430 2254 ed.
1458 2222 1568 2253 Rom.

87 2269 302 2310 ‹lb-fueram,
328 2268 402 2300 fast
427 2267 497 2300 alle
526 2267 615 2301 Cdd.
644 2268 734 2300 aber
759 2268 964 2307 absciram,
1000 2268 1121 2300 worin
1148 2269 1244 2301 nach
1270 2269 1449 2303 Lambins
1478 2269 1570 2302 Ver-

88 2318 273 2361 muthung
308 2312 487 2359 ἇπέτυχον
516 2316 701 2348 versteckt
732 2316 852 2360 liegen
888 2317 1016 2357 sollte,
1060 2327 1122 2349 am
1154 2317 1285 2350 Rande
1320 2317 1444 2350 §einer
1481 2316 1569 2349 edit.

93 2366 181 2400 1584
214 2362 411 2411 ἆπέκυρσα.
444 2383 488 2388 —-
522 2374 565 2396 ne
600 2364 694 2397 laud.
728 2375 809 2397 eum
841 2365 919 2397 scil.
952 2365 1199 2409 Pompeium,
1233 2365 1318 2398 weil
1353 2366 1477 2397 dieser
1509 2365 1569 2397 die

92 2413 276 2458 Adoption
304 2414 368 2446 des
396 2411 545 2448 Clodius
571 2413 609 2446 iu
637 2412 706 2445 den
727 2413 981 2456 Bsirgerstand
1007 2414 1076 2446 mit
1100 2413 1295 2447 beffirdert
1321 2414 1435 2449 hatte,
1463 2414 1496 2446 S.
1523 2413 1569 2445 ad

93 2461 204 2493 Attio.
232 2462 282 2503 II,
309 2463 365 2497 29.
399 2480 443 2485 —
479 2460 637 2504 aliquid,
673 2461 757 2494 edd.
791 2463 874 2494 Asc.
905 2464 935 2495 l.
971 2463 1071 2495 Crat.
1099 2461 1263 2505 Denique
1294 2462 1397 2493 aliud
1427 2461 1572 2505 aliquid

92 2520 153 2541 nus
178 2508 405 2554 Erkffiruug,
436 2509 517 2542 weil
545 2509 683 2552 aliquid
707 2510 778 2543 wol
805 2510 868 2543 fiir
893 2509 996 2544 aliud
1010 2510 1097 2554 quid
1110 2510 1334 2543 vorkommt.
1361 2508 1396 2542 S.
1415 2510 1569 2543 Ramsh.

91 2557 123 2599 §-
156 2557 232 2596 160,
259 2558 294 2597 2,
322 2558 413 2592 Not.
439 2559 474 2598 5,
503 2568 534 2589 a.
562 2558 578 2577 *

187 2625 220 2658 2.
248 2624 291 2656 de
316 2624 442 2658 Publio
469 2624 610 2659 Clodio.
640 2644 682 2649 —-
709 2625 751 2658 de
776 2626 890 2668 legat.
918 2626 963 2659 ad
994 2627 1205 2670 Tigranem.
1240 2623 1276 2658 S.
1305 2624 1352 2658 ad
1376 2626 1492 2662 Attio.
1520 2627 1569 2668 ΙΙ,

93 2673 124 2705 4.
152 2672 209 2704 od.
234 2684 289 2716 ep.
317 2673 373 2707 29.
401 2674 486 2706 dies.
512 2674 622 2718 Ausg.
651 2693 693 2697 —
722 2678 884 2714 actura-53
913 2675 957 2708 ob
985 2686 1024 2707 er
1051 2675 1109 2706 die
1121 2673 1410 2708 Gesandtschaft
1426 2675 1568 2708 anneli-

91 2731 174 2752 men
203 2720 296 2752 wird
325 2720 416 2752 oder
441 2720 562 2757 nicht.
590 2741 634 2746 ——
660 2722 919 2762 mdimonimn,
950 2734 1012 2755 um
1041 2722 1187 2755 meinen
1214 2723 1366 2756 Process
1393 2725 1463 2757 mit
1488 2724 1568 2757 ihm

92 2769 158 2800 anf
189 2768 274 2800 eine
311 2768 454 2811 langere
489 2770 585 2802 Frist.
618 2769 986 2802 hirmusznschioben.
1055 2771 1107 2803 Er
1139 2770 1264 2803 wollte
1299 2771 1364 2804 ihn
1400 2772 1565 2806 niimlich
