1742 3006
170 85 265 134 358
432 87 500 131 M.
532 88 588 131 Τ.
619 85 962 131 CICERONIS
993 85 1370 132 EPISTOLAE.

167 199 355 243 notabis.
413 197 622 240 Multam
646 199 784 241 etiam
823 212 951 241 casus
991 199 1135 241 nostri
1173 199 1440 242 varietatem
1480 200 1564 247 tibi
1601 202 1649 242 in

167 255 407 298 scribendo
424 254 774 309 suppeditabunt
795 256 974 320 plenam
995 255 1228 297 cuiusdam
1245 251 1508 310 voluptatis,
1536 269 1649 311 quac

167 311 458 354 vehementer
485 311 658 352 animos
687 310 919 353 hominum
947 311 993 351 in
1023 312 1213 365 legendo
1244 314 1322 352 tuo
1368 311 1540 366 scripto
1581 325 1657 354 le·

168 370 314 410 tinere
343 366 501 421 possit.
569 366 702 408 Nihil
743 373 812 409 est
851 367 969 409 enim
1013 368 1161 422 aptius
1200 366 1260 408 ad
1301 366 1651 409 delectationem

168 422 378 474 lectoris,
419 435 552 477 quam
580 426 830 478 temporum
858 422 1102 465 varietates
1139 422 1436 477 fortunaeque
1473 423 1652 465 vicissi-

167 479 372 520 tudines:
409 491 521 531 quae
550 480 637 520 etsi
666 479 793 520 nobis
824 478 1045 533 optabiles
1069 479 1114 520 in
1138 479 1415 533 experiendo
1438 491 1526 520 non
1555 478 1651 520 fue-

168 537 295 585 runt,
340 533 387 574 in
433 534 624 588 legendo
669 539 816 576 tamen
863 537 993 574 erunt
1030 535 1264 576 iucundae.
1341 534 1492 576 Habet
1533 534 1651 576 enirn

164 589 404 644 praeteriti
433 589 607 631 doloris
629 603 787 631 secura
816 589 1073 632 recordatio
1098 591 1460 632 delectationem.
1518 590 1650 632 Cete-

166 648 230 686 ris
268 658 378 687 vero
415 646 543 687 nulla
580 645 832 700 perfunctis
863 646 1047 700 propria
1074 647 1307 698 molestia,
1338 659 1469 688 casus
1501 650 1650 688 autem

165 702 339 742 alienos
380 702 478 742 sine
518 702 615 742 ullo
651 702 809 743 dolore
840 702 1138 755 intuentibus,
1179 702 1316 743 etiam
1345 701 1445 755 ipsa
1472 703 1650 744 miseri-

165 757 324 798 cordia
362 761 431 798 est
469 757 679 800 iucunda.
751 757 897 808 Quem
938 759 1055 798 enim
1092 756 1296 798 nostram
1331 758 1414 798 ille
1454 759 1651 800 moriens

164 812 282 867 apud
311 812 589 854 Mantineam
617 813 953 869 Epaminondas
989 827 1077 855 non
1115 826 1216 854 cum
1245 811 1437 866 quadam
1466 814 1651 856 misera-

163 870 289 909 tione
319 868 544 910 delectat?
590 870 669 924 qui
698 874 792 911 tum
822 869 1015 924 denique
1045 869 1134 910 sibi
1163 869 1302 910 avelli
1341 869 1466 909 iubet
1504 870 1651 923 spicu-

165 925 282 977 lum,
311 927 603 990 posteaquam
634 926 678 967 ei
708 927 991 980 percontanti
1029 926 1202 967 dictum
1232 927 1301 965 est
1329 924 1526 989 clipeum
1554 938 1652 967 esse

164 981 359 1021 salvum:
401 984 452 1021 ut
492 982 627 1022 etiam
665 982 714 1021 in
752 981 951 1023 vulneris
992 980 1151 1023 dolore
1191 993 1332 1034 aequo
1370 981 1520 1022 animo
1549 995 1652 1022 cum

163 1035 298 1076 laude
327 1041 591 1079 moneretur.
652 1037 793 1078 Cuius
823 1037 1022 1078 studium
1052 1038 1099 1078 in
1128 1036 1320 1091 legendo
1342 1049 1431 1078 non
1451 1042 1651 1078 erectum
1717 1090 1721 1095 Ι

164 1162 197 1196 2.
223 1161 331 1203 Lxx,
358 1164 390 1197 7.
441 1180 485 1188 --
535 1161 573 1195 in
606 1162 678 1204 leg.
714 1165 737 1196 t.
773 1161 923 1206 scripto.
979 1161 1042 1195 Sic
1069 1161 1203 1208 scripsi
1230 1161 1328 1197 coni.
1355 1162 1394 1195 in
1420 1161 1541 1204 legem
1567 1162 1650 1195 dote

161 1209 301 1253 scripto
328 1209 480 1244 retinere
505 1210 585 1244 Md.
612 1211 652 1243 in
677 1210 833 1253 legendo
857 1210 996 1254 scripto
1023 1211 1193 1244 retinere.
1221 1211 1338 1255 Neap.
1372 1212 1457 1244 Asc.
1486 1212 1518 1244 1.
1547 1210 1647 1244 Crat.

164 1258 266 1290 vict.
296 1260 327 1291 1.
355 1259 391 1293 2.
432 1259 565 1291 Lamh.
592 1257 631 1291 in
657 1258 810 1301 legendo
837 1262 871 1291 te
896 1258 1082 1302 scriptore
1107 1262 1174 1291 ret.
1203 1259 1339 1292 Graev.
1366 1257 1405 1291 in
1433 1258 1588 1300 legendo
1616 1262 1650 1291 te

163 1305 345 1349 scriptore
376 1309 495 1339 tenere
526 1305 666 1344 Bened.
705 1307 745 1340 in
777 1307 802 1338 l.
834 1306 1018 1350 scriptore
1053 1309 1119 1339 ten.
1153 1307 1393 1350 Maru-Lag.
1432 1305 1470 1339 in
1496 1307 1649 1348 legendo

163 1357 283 1385 tenere
316 1352 405 1386 Ern.
433 1354 524 1391 Sch.
551 1355 649 1390 L'un.
678 1353 875 1389 ORELLI.
900 1371 947 1378 ·-
979 1353 1019 1386 in
1044 1354 1288 1397 experiundo,
1327 1354 1378 1387 als
1412 1352 1474 1386 ich
1513 1355 1565 1386 sie
1590 1366 1648 1388 er-

162 1400 266 1443 suhr,
292 1401 506 1446 erduldete3
535 1402 587 1435 im
615 1403 848 1448 Gegensatze
875 1413 945 1435 von
973 1402 1011 1434 in
1037 1401 1190 1444 legendo
1208 1427 1216 1441 ,
1259 1401 1334 1435 mir
1358 1402 1473 1435 selbst
1497 1402 1552 1434 im
1577 1403 1651 1436 Le-

164 1461 250 1490 sen,
287 1460 392 1482 wann
427 1451 488 1484 ich
524 1451 577 1484 sie
602 1451 688 1487 lese.
716 1450 954 1495 Mam-Lag.
981 1450 1078 1483 coni.
1106 1451 1299 1493 relegendo
1327 1463 1376 1482 z
1400 1449 1564 1484 lectione
1589 1461 1649 1484 re-

164 1498 437 1543 cognoscendo.
1701 1537 1703 1539 v

260 1547 294 1581 5.
328 1558 442 1591 aequo
476 1550 598 1581 animo
635 1548 729 1588 (mit
755 1545 1065 1589 Gelassenheit)‚
1118 1558 1193 1592 quo
1224 1546 1386 1580 vulneris
1412 1546 1583 1580 dolorem
1610 1556 1648 1581 et

165 1601 326 1628 mortem
359 1597 729 1642 appropinquantem
762 1596 923 1630 ferebat.
951 1614 993 1619 —-
1022 1605 1102 1628 cum
1127 1596 1233 1629 laude
1263 1595 1287 1628 i.
1315 1606 1345 1629 e.
1374 1594 1490 1628 laudis
1522 1596 1647 1639 potius

165 1655 280 1687 qnam
304 1642 401 1677 vitae
427 1656 574 1686 avarus,
605 1644 650 1677 da
678 1656 716 1677 es
743 1644 814 1676 mit
839 1643 946 1677 Ehre
974 1643 1089 1677 oder
1122 1655 1231 1676 wenn
1260 1655 1298 1676 es
1324 1654 1395 1676 nur
1420 1643 1489 1676 auf
1512 1643 1647 1676 riihm-

162 1691 263 1724 liche
288 1690 369 1732 Art,
398 1694 466 1725 mit
490 1693 616 1727 Ruhm
645 1691 858 1736 geschehen
885 1692 1038 1724 konnte.
1066 1691 1153 1725 Sch.
1182 1691 1280 1725 coni.
1308 1691 1409 1724 modo
1436 1702 1516 1724 cnm
1541 1691 1649 1726 lande

164 1750 212 1768 z
238 1740 270 1772 si
296 1739 410 1773 modo
436 1752 520 1774 cum
546 1741 653 1774 laude
678 1741 777 1774 mori
805 1746 939 1784 posset.
995 1739 1122 1773 Allein
1155 1739 1218 1773 das
1250 1739 1350 1773 nach
1383 1750 1498 1784 aequo
1524 1739 1649 1773 animo

164 1788 432 1821 ubellautende
465 1790 570 1821 modo
603 1790 651 1821 ist
684 1788 936 1831 iiberfliissig‚
978 1787 1025 1821 da
1059 1798 1138 1821 cum
1164 1787 1270 1821 laude
1301 1788 1419 1821 sehon
1452 1787 1546 1821 eben
1572 1789 1648 1822 Das

164 1840 325 1880 aussagt.
401 1837 469 1870 Bei
509 1837 581 1871 den
622 1837 815 1870 Griechen
855 1847 930 1868 war
977 1836 1041 1868 fiir
1081 1837 1191 1869 einen
1225 1836 1471 1880 Kriegsmann
1507 1835 1646 1870 Nichts

165 1883 496 1926 schmahlicheres,
523 1885 591 1922 αἱς,
620 1884 796 1929 lebendig
821 1884 913 1916 oder
938 1885 1036 1926 todt,
1065 1882 1185 1916 ohne
1211 1884 1372 1916 seinen
1397 1882 1557 1917 Schild
1583 1895 1645 1917 zu-

162 1931 501 1967 riickzukommen.
562 1932 635 1966 Aus
681 1932 766 1965 dom
807 1933 907 1965 Pras.
949 1931 1018 1964 der
1055 1931 1271 1986 Erz'ahlung
1311 1932 1407 1965 iubet
1445 1931 1533 1964 faut
1581 1932 1647 1966 der

163 1979 435 2014 Schriftsteller
461 1982 498 2014 in
526 1980 589 2013 das
608 1981 765 2025 Imperf.
793 1983 1006 2021 moreretur,
1033 1980 1118 2012 weil
1144 1990 1186 2013 er
1211 1980 1289 2013 sein
1311 1979 1458 2014 Urtheil
1483 1979 1644 2023 einfiigt.

164 2022 267 2062 Uber
295 2029 329 2062 d.
357 2028 441 2062 Tod
468 2028 531 2062 des
555 2030 613 2073 Ep
618 2040 690 2061 am.
728 2039 753 2060 s
783 2029 894 2063 Corn.
920 2028 1015 2071 Nep.
1043 2038 1075 2060 c.
1102 2028 1137 2062 9.
1167 2027 1245 2061 cic.
1274 2028 1428 2063 Tuscul
1454 2028 1560 2072 Disp.
1590 2029 1643 2070 11,

162 2076 223 2112 221
252 2076 299 2109 de
326 2077 552 2115 Finibb.11
581 2079 639 2112 30.
666 2076 824 2111 Diodor
852 2075 935 2116 XV,
964 2076 1020 2110 52.
1048 2076 1215 2129 Xenoph.
1242 2076 1286 2109 H.
1316 2077 1382 2109 Gr
1412 2075 1645 2118 V11,‚25.

162 2125 318 2158 Pausan.
346 2125 619 2167 V111,ll.1X‚
650 2125 703 2159 15.
731 2142 772 2148 —
803 2124 913 2157 Cuius
937 2122 1095 2156 studium
1121 2123 1160 2157 in
1185 2124 1337 2166 legendo
1370 2124 1393 2156 i.
1420 2135 1450 2156 e.
1477 2124 1554 2156 eius
1580 2125 1645 2168 qui

163 2171 437 2206 Themistoclis
463 2174 541 2207 fata
567 2173 678 2218 legit,
705 2181 773 2205 non
797 2176 947 2205 erectum
972 2171 995 2206 i
1014 2182 1043 2203 e
1072 2183 1147 2204 non
1177 2172 1339 2216 erigitur
1366 2177 1402 2205 et
1431 2170 1495 2205 le.
1516 2172 1556 2213 f.
1585 2182 1644 2205 re-

163 2221 304 2264 dunque
328 2222 502 2255 retinetur
535 2224 589 2265 (ut
614 2233 679 2267 sup
684 2233 714 2254 r.
740 2221 773 2264 ἕ.
800 2221 836 2254 A.
865 2220 905 2253 in
931 2219 993 2260 leg
1032 2220 1134 2252 retin.
1142 2221 1181 2262 ),
1219 2231 1360 2253 wessen
1394 2218 1645 2253 Theilnahme

163 2269 258 2302 wird
284 2269 392 2302 nicht
417 2271 518 2303 heim
544 2234 679 2304 Lesenp
688 2269 753 2302 der
779 2266 1086 2301 Gliickswechsel
1121 2268 1184 2302 des
1208 2260 1489 2301 Themistokles
1516 2268 1644 2312 ausge-

163 2324 249 2361 rcgt
276 2317 348 2349 und
374 2317 496 2350 durch
525 2318 585 2350 die
612 2317 751 2351 Elucht
776 2316 855 2350 und
880 2315 1091 2348 Ruckkehr
1117 2316 1308 2349 desselben
1335 2326 1572 2363 angezogen,
1606 2315 1640 2348 d.

164 2367 186 2400 i.
218 2377 256 2398 so
285 2365 364 2398 dass
391 2377 452 2405 er,
506 2377 611 2398 wann
645 2377 685 2398 er
720 2367 775 2398 bis
807 2376 852 2397 zu
885 2364 1004 2396 seiner
1029 2364 1164 2397 Flucht
1189 2365 1428 2410 fortgeruckt
1453 2365 1520 2404 ist,
1571 2363 1643 2396 mit

162 2412 373 2446 Sehnsucht
400 2414 526 2446 dessen
554 2413 762 2447 Rilckkehr
787 2411 974 2450 wilnscht,
1017 2412 1072 2444 bis
1094 2423 1135 2444 er
1167 2412 1267 2445 denn
1295 2411 1451 2445 endlich
1479 2411 1640 2452 erfzihrt,

163 2462 236 2493 wic
269 2462 388 2495 dieser
421 2462 514 2494 Hcld
548 2474 595 2494 nn
631 2461 716 2494 Gift
752 2473 798 2494 zu
832 2459 1027 2504 Magnesia
1064 2461 1267 2504 gestorben
1308 2459 1383 2492 und
1423 2459 1508 2493 todt
1548 2469 1642 2503 ganz

163 2509 349 2542 heimh'ch
376 2510 474 2543 nach
502 2511 623 2543 Athen
651 2509 978 2552 zuriiclzgcbracht
1003 2507 1093 2540 sei.“
1130 2509 1250 2541 reditu
1284 2506 1438 2541 bezieht
1471 2504 1554 2539 sich
1579 2507 1644 2541 auf

164 2558 324 2590 cadaver
349 2558 426 2590 eius
453 2565 538 2603 post
563 2565 728 2590 mortem
763 2557 800 2589 in
826 2557 989 2601 patriam
1016 2556 1196 2598 relatum,
1236 2568 1274 2589 u
1310 2553 1441 2588 iiberh
1470 2555 1534 2587 auf
1567 2555 1641 2588 den

164 2606 283 2638 (ritus
316 2607 490 2639 ηυιαὸιῗἸιτ
531 2606 735 2638 desselben.
798 2606 905 2638 Olme
938 2604 1095 2638 Zweifel
1129 2603 1266 2637 dachte
1302 2603 1438 2637 Cicero
1471 2603 1555 2636 hier
1595 2614 1641 2635 an

164 2653 264 2684 scine
301 2654 428 2696 cigcne
461 2653 669 2688 Rflckkchr
702 2654 777 2686 und
813 2653 881 2686 wie
920 2664 960 2684 er
987 2653 1070 2686 sich
1096 2652 1209 2685 sclbst
1235 2652 1305 2684 den
1330 2651 1411 2684 Tod
1440 2651 1492 2684 im
1517 2651 1640 2684 Exsile

163 2712 227 2745 gv*
216 2702 391 2733 viinscht
427 2702 542 2736 hatte
603 2702 640 2735 S.
676 2712 708 2737 z.
744 2703 784 2734 Β.
822 2713 881 2745 ep.
908 2701 990 2735 LX
1024 2703 1056 2735 2.
1093 2693 1195 2734 Uber
1220 2700 1405 2736 Themist.
1432 2711 1460 2732 s.
1488 2699 1638 2734 Corne}

163 2748 303 2782 Vlll—
315 2750 343 2781 X
372 2761 431 2782 nni
459 2751 577 2785 Ende.
614 2748 785 2793 Thucyd.
815 2749 845 2789 1,
872 2749 940 2784 128
967 2749 1004 2781 ff.
1050 2748 1519 2788 Pausan.Attic.1.1.2.
1550 2745 1640 2780 The-
