1742 3006
237 75 333 125 582
515 78 577 121 Μ.
608 79 663 122 Τ.
694 78 1038 124 CICERONIS
1068 80 1441 125 EPISTOLAE.

237 190 618 246 suffragationem,
648 192 686 232 si
716 192 862 233 minus
892 196 1129 248 potentem,
1159 198 1206 236 at
1235 196 1466 249 probatam
1496 197 1639 236 tamen
1671 200 1714 236 et

238 246 402 287 iustam
431 251 477 288 et
504 248 700 288 debitam
731 251 776 288 et
803 253 1043 303 propterea
1072 249 1262 291 fortasse
1292 252 1426 291 etiam
1456 251 1710 305 gratiosam.

238 301 349 343 Dux
378 303 507 344 nobis
537 306 583 345 et
610 307 769 345 auctor
798 318 908 358 opus
947 309 1015 346 est
1055 310 1100 346 et
1137 320 1289 347 eorum
1317 310 1563 352 ventorum,
1602 320 1714 361 quos

236 359 466 413 proposui,
495 358 754 401 moderator
785 360 967 414 quidam
996 365 1041 401 et
1070 363 1197 415 quasi
1227 364 1519 416 gubernator:
1566 363 1644 416 qui
1673 363 1714 403 si

236 427 296 454 ex
326 415 530 456 omnibus
572 429 683 456 unus
722 416 942 470 optandus
981 422 1113 463 esset,
1151 431 1279 471 quem
1320 422 1465 458 tecum
1507 417 1713 459 conferre

235 483 479 524 possemuS,
507 485 595 512 non
625 471 902 512 haberemus.
961 473 1273 525 Quamobrem,
1304 475 1342 514 si
1374 488 1442 515 me
1461 487 1714 519 memorem,

233 525 275 566 si
305 529 495 580 gratum,
533 528 573 568 si
609 528 772 568 bonum
812 528 960 568 virum
1001 529 1074 570 vel
1115 543 1173 569 ex
1203 529 1291 569 hoc
1321 530 1434 584 ipso,
1472 529 1593 584 quod
1622 533 1712 569 tam

233 580 522 623 vehementer
570 583 627 624 de
663 583 839 624 Milone
891 584 1114 636 laborem,
1162 584 1424 626 existimare
1474 588 1624 639 potes3
1673 585 1712 625 si

233 636 419 692 dignum
456 638 647 693 denique
686 638 775 681 tuis
813 639 1046 681 beneficiis
1084 641 1282 682 iudicas:
1320 641 1409 681 hoc
1450 653 1476 682 a
1515 645 1558 682 te
1594 643 1711 695 peto,

234 696 285 734 ut
323 695 559 736 subvenias
589 693 698 735 huic
727 707 850 736 meae
880 696 1181 737 sollicitudini
1213 700 1258 736 et
1285 695 1393 736 huic
1420 710 1543 737 meae
1572 696 1711 742 laudi,

233 749 306 790 vel
344 769 398 777 —
435 753 486 791 ut
525 750 676 792 verius
717 751 867 791 dicam
904 775 959 781 —
996 766 1135 806 prope
1175 751 1308 791 saluti
1347 755 1472 792 tuum
1513 752 1710 793 studium

232 804 372 848 dices.
431 805 505 847 De
535 807 633 861 ipso
663 807 720 848 T.
751 806 900 847 Annio
929 811 1098 848 tantum
1127 808 1211 848 tibi
1249 807 1471 861 polliceor
1498 811 1542 848 te
1571 809 1710 848 maio-

232 861 298 902 ris
339 861 475 902 animi
515 863 767 916 gravitatis,
813 865 1089 904 constantiae
1136 863 1560 918 benevolentiaeque
1602 877 1709 918 erga

230 920 289 964 te,
317 918 357 958 si
388 919 630 972 complecti
660 918 885 960 hominem
913 920 1128 972 volueris,
1158 919 1416 960 habiturum
1445 933 1541 961 esse
1570 921 1708 960 nemi-

227 986 342 1015 nem.
411 972 534 1014 Mihi
573 987 683 1016 vero
720 977 888 1015 tantum
929 975 1122 1028 decoris,
1166 978 1336 1016 tantum
1366 975 1601 1029 dignitatis
1632 975 1708 1016 ad-

229 1028 445 1082 iunxeris,
481 1033 532 1070 ut
570 1030 757 1071 eundem
797 1034 842 1070 te
883 1029 1018 1071 facile
1058 1043 1296 1085 agnoscam
1325 1030 1465 1071 fuisse
1504 1031 1550 1071 in
1577 1031 1742 1075 laude.

229 1097 342 1132 mea,
381 1085 459 1140 qui
497 1084 640 1126 fueris
678 1086 725 1126 in
764 1086 922 1126 salute.
1008 1086 1132 1140 Ego,
1176 1087 1223 1126 ni
1261 1089 1304 1126 te
1340 1086 1497 1127 videre
1535 1086 1711 1133 scirem,

228 1154 364 1195 quum
395 1140 453 1182 ad
481 1144 526 1182 te
554 1139 674 1182 Ilaec
703 1139 963 1188 scriberem,
1000 1146 1213 1195 quantum
1253 1140 1399 1183 officii
1429 1143 1708 1188 sustinerem,

228 1199 394 1251 quanto
424 1208 559 1251 opere
588 1194 699 1237 mihi
739 1200 858 1238 esset
896 1197 943 1238 in
981 1195 1065 1238 hac
1105 1197 1319 1252 petitione
1359 1197 1549 1240 Milonis
1587 1199 1708 1239 omni

228 1359 268 1392 in
293 1358 362 1392 der
385 1359 456 1394 Art
489 1358 524 1392 d.
552 1358 578 1392 i.
610 1369 723 1393 wenn
750 1370 786 1393 es
812 1359 880 1392 auf
900 1358 1144 1406 Erwerbung·
1176 1370 1251 1393 von
1276 1358 1463 1393 Stimmen
1499 1358 1706 1393 ankommt.

225 1425 271 1432 —-
299 1407 551 1450 diligentiam,
590 1406 777 1449 Umsicht,
811 1407 935 1441 Kunst
967 1418 1015 1441 zu
1038 1406 1193 1441 w'ahlen
1224 1407 1302 1440 und
1335 1418 1383 1440 zu
1406 1406 1570 1448 fesseln3
1598 1406 1709 1441 oder

224 1455 519 1490 unerrmiidliche
544 1454 727 1503 Sorgfalt.
776 1454 868 1490 Milo
890 1454 995 1489 hatte
1020 1454 1104 1489 sich
1138 1456 1194 1489 oft
1224 1455 1290 1489 fiir
1313 1454 1452 1488 andere
1479 1454 1709 1489 Candidaten

224 1503 297 1538 mit
321 1503 434 1537 Eifer
457 1503 536 1537 und
557 1503 687 1537 Gliick
710 1502 910 1538 verwandt
938 1502 1014 1536 und
1038 1508 1126 1552 gute
1140 1503 1302 1537 Routine
1327 1502 1448 1537 darin.
1475 1522 1520 1529 —
1545 1503 1706 1546 δτι-ἅναξ.

225 1551 492 1599 Empfehlung·
518 1563 565 1585 zu
592 1551 716 1586 einem
741 1552 874 1596 Amte;
898 1550 975 1586 wie
1001 1562 1059 1596 ep.
1084 1551 1131 1586 ad
1155 1551 1240 1586 Div.
1262 1551 1308 1595 X,
1333 1551 1367 1586 9.
1394 1550 1492 1585 Orat.
1507 1550 1588 1584 Mil.
1605 1561 1639 1585 c.
1652 1553 1708 1586 13.

224 1599 351 1635 Plane.
377 1601 410 1636 6.
437 1602 533 1633 Mur.
562 1600 618 1635 18.
657 1600 740 1634 Liv.
766 1600 828 1639 IV,
855 1600 912 1634 44.
939 1599 984 1642 X,
1013 1600 1069 1634 13.

321 1648 354 1682 4.
406 1658 530 1682 eorum
554 1651 660 1692 vent.,
697 1658 786 1692 quos
814 1647 1009 1692 proposui,
1044 1647 1114 1680 der
1145 1657 1221 1681 von
1255 1645 1332 1679 mir
1365 1657 1435 1680 zur
1460 1644 1708 1694 Erreichung

223 1707 382 1730 unserer
405 1695 567 1730 Absicht
599 1707 645 1729 an
679 1695 740 1730 die
773 1695 884 1729 Hand
915 1695 1133 1743 gegebenen
1165 1694 1230 1728 od.
1265 1693 1613 1741 vorgeschlagenen
1638 1695 1705 1728 Be-

223 1743 474 1792 f6rderungs-
508 1743 601 1778 oder
636 1743 865 1778 Leitmittel.
927 1745 1007 1778 Der
1040 1742 1234 1788 tropische
1268 1741 1468 1776 Gebrauch
1499 1753 1573 1776 von
1597 1742 1706 1784 venti,

223 1791 397 1826 welcher
422 1792 488 1825 auf
510 1791 571 1825 die
596 1791 749 1840 h'aufige
774 1791 1063 1840 Vergleichung
1089 1791 1153 1824 des
1179 1790 1298 1824 Staats
1324 1790 1395 1823 mit
1422 1789 1545 1825 einem
1561 1789 1704 1824 Schiffe

223 1839 301 1874 und
325 1840 394 1874 auf
415 1839 476 1874 die
502 1850 592 1872 aura
617 1839 813 1886 popularis
839 1839 1058 1882 hinweiset,
1090 1838 1212 1872 findet
1245 1837 1330 1871 sich
1364 1837 1461 1871 auch
1487 1837 1532 1871 ad
1557 1837 1704 1872 Divers.

223 1888 308 1930 XII,
334 1888 399 1924 25:
435 1888 681 1932 „quicunque
717 1887 822 1922 venti
848 1888 1009 1929 erunt;“
1047 1887 1147 1920 Orat.
1180 1886 1331 1920 Cluent.
1365 1897 1397 1919 c.
1423 1887 1488 1920 47:
1522 1892 1704 1928 „ventum
1740 1928 1742 1933 Ι

223 1936 448 1981 popularem
473 1946 551 1969 esse
578 1935 830 1980 quaesitum.“
879 1935 924 1968 ad
948 1934 1034 1969 Div.
1062 1934 1167 1976 vul,
1194 1935 1238 1968 8:
1267 1934 1392 1972 „sama
1418 1934 1603 1968 surrexit:
1633 1944 1707 1977 quo

222 1990 338 2018 vento
364 1983 610 2028 proiicitur.“
655 2002 698 2007 --
740 1982 800 2027 qui
825 2009 833 2016 .
862 2007 870 2016 .
896 2007 905 2016 .
932 1982 1109 2027 optandus
1135 1985 1235 2022 essee,
1268 1980 1372 2015 h'atte
1397 1992 1483 2014 man
1509 1994 1556 2015 zu
1583 1981 1703 2015 einem

223 2031 385 2066 solchen
411 2031 528 2066 oder
551 2031 644 2066 dazu
669 2032 794 2065 Einen
820 2042 882 2064 aus
908 2031 1023 2065 Allen
1048 2041 1097 2063 zu
1122 2029 1288 2064 w'a'hlen.
1319 2047 1360 2054 —
1388 2033 1502 2062 tecum
1523 2029 1704 2074 conferre,

224 2080 296 2115 Dix·
320 2091 368 2113 an
393 2079 454 2114 die
480 2079 582 2114 Seite
607 2080 759 2114 stellen.
787 2098 829 2104 —
863 2078 990 2117 saluti,
1019 2077 1119 2112 denn
1145 2088 1188 2111 er·
1213 2076 1317 2111 hatte
1342 2076 1443 2111 noch
1469 2077 1607 2110 immer
1629 2088 1703 2111 von
1738 2114 1739 2117 Ἴ

223 2127 379 2163 Clodius
402 2127 481 2161 und
506 2127 715 2162 Consorten
733 2126 819 2161 Viel
844 2139 892 2160 zu
915 2125 1104 2160 fiirchten.
1153 2125 1205 2159 Es
1230 2124 1280 2159 ist
1304 2124 1394 2159 aber
1418 2124 1596 2165 bekannt,
1622 2125 1703 2159 dass
1737 2140 1742 2166 ς

224 2176 332 2218 Milo,
358 2187 437 2210 was
464 2175 599 2210 cicero
623 2175 664 2208 in
690 2175 815 2209 einem
840 2174 968 2209 Briefe
998 2174 1044 2208 ad
1068 2173 1184 2207 Attio.
1211 2172 1330 2207 sehon
1354 2172 1506 2221 besorgt
1531 2171 1635 2207 hatte
1658 2174 1702 2216 (s.
1734 2187 1737 2219 j

224 2235 282 2270 ep.
309 2224 386 2266 XC,
412 2226 469 2265 5.)
496 2223 557 2257 bei
592 2224 717 2257 einem
748 2224 966 2258 Rencontre
1005 2223 1072 2255 auf
1093 2222 1200 2255 einer
1225 2221 1334 2255 Reise
1361 2220 1457 2254 nach
1490 2221 1700 2255 Lanuvium
1726 2240 1742 2269 ‘1

223 2283 283 2305 am
316 2274 370 2307 17.
398 2273 536 2306 Ianuar
568 2273 638 2307 7⁰2
670 2271 742 2305 den
773 2282 848 2306 von
882 2270 1011 2305 Aricia
1045 2267 1418 2303 zuriickkehrenden
1451 2268 1606 2303 Clodius
1639 2269 1706 2302 auf

223 2320 292 2353 der
326 2319 548 2365 Appischen
585 2319 729 2354 Strasse
766 2319 945 2366 erschlug·
975 2317 1072 2360 und,
1108 2318 1165 2350 als
1199 2316 1400 2362 Pompeius
1436 2327 1521 2350 zum
1557 2316 1700 2351 dritten
1740 2361 1742 2366 Α

223 2367 349 2401 Mahle
373 2378 445 2413 per
470 2367 705 2416 interregem
740 2367 817 2400 und
844 2379 949 2402 zwar
984 2366 1063 2400 sine
1089 2364 1240 2411 collega
1265 2376 1350 2398 zum
1377 2363 1516 2399 Consul
1541 2370 1701 2398 ernannt

224 2427 327 2458 war,
359 2415 424 2450 des
458 2414 607 2450 Mor-des
644 2415 853 2462 angeklagt
888 2414 983 2458 und,
1020 2413 1251 2462 ungeachtet
1275 2412 1345 2447 ihn
1372 2412 1507 2447 Cicero
1542 2424 1590 2445 zu
1616 2423 1701 2445 ver-

223 2463 425 2512 theidigen
456 2463 601 2507 suchte,
635 2464 851 2497 verurheilt
887 2463 957 2496 in’s
994 2461 1121 2496 Elend
1153 2461 1249 2494 nach
1281 2460 1475 2494 Marseille
1509 2459 1702 2503 (Massilia)

224 2511 407 2545 wandern
434 2518 585 2546 musste.
610 2531 653 2536 —
683 2511 722 2545 T.
740 2512 876 2551 Annio,
903 2512 1043 2545 Milone
1068 2510 1245 2554 Papiano‚
1271 2520 1381 2553 quem
1408 2519 1427 2542 e
1453 2508 1562 2553 Papia
1588 2507 1702 2540 fuisse

226 2559 372 2593 familia
405 2566 442 2594 et
474 2559 518 2593 ab
553 2570 620 2593 avo
646 2565 815 2594 materno
849 2560 888 2593 G.
916 2559 1039 2593 Annio
1072 2557 1290 2603 adoptatum
1315 2556 1496 2591 Asconius
1522 2555 1700 2590 Pedianus

225 2613 398 2642 testatur.
427 2627 469 2632 —
495 2608 696 2652 complecti,
723 2608 763 2641 in
789 2608 909 2641 Deine
935 2607 1048 2640 Liebc
1074 2605 1289 2640 ausnehme.

322 2657 355 2691 5.
383 2655 468 2689 haec
494 2656 602 2689 scrib.
652 2654 715 2689 Sic
742 2655 841 2690 Crat.
869 2656 1004 2690 Graev.
1032 2654 1142 2698 Seqq.
1170 2668 1218 2685 z
1244 2653 1332 2687 lzacc
1359 2654 1409 2686 ad
1433 2655 1468 2685 le
1493 2651 1575 2685 Ald.
1602 2650 1698 2683 vict.

230 2705 261 2737 1.
288 2705 322 2738 2.
357 2704 485 2737 hamb.
520 2704 609 2738 Scil.
647 2710 824 2750 corrupte
862 2704 934 2738 Md.
967 2716 985 2736 a
1011 2715 1068 2749 pr.
1096 2714 1168 2736 ur:
1207 2711 1310 2745 quum
1344 2699 1383 2733 in
1416 2704 1448 2732 te
1483 2698 1593 2733 scrib.
1626 2708 1696 2731 om.

226 2751 336 2786 haec.-
364 2764 383 2786 a
409 2762 481 2787 sec.
509 2764 640 2787 manu:
670 2764 775 2796 quum
804 2753 852 2787 ad
876 2757 909 2787 tc
934 2762 1002 2787 scr.
1059 2750 1136 2786 Asc.
1169 2753 1199 2785 1.
1241 2749 1288 2783 ad
1323 2753 1355 2782 tc
1390 2747 1465 2782 hoc,
1505 2745 1697 2782 ORELLI.
