1742 3006
5 2104 18 2159 '⁶²
4 2065 17 2082 ἐ
2 1404 29 2051 .·“Ὓ’<ᾞ;3·Ἥ“;ᾈ“ἕὸῗὲἓὲἕέἐ“ψ.
20 1378 22 1384 .
20 1299 23 1344 μ,
19 1243 23 1260 .-
21 1196 23 1198 .
20 1175 21 1179 „

4 2175 20 2499 χἈ-ψΔ-ιῡεσ]

557 102 873 149 EPISTOLA
913 101 1086 147 XCIX.
1475 102 1569 152 335

83 226 230 267 mente
259 234 400 277 neque
430 219 585 274 lingua
613 230 756 271 neque
786 230 863 258 ore
892 218 1173 259 consisteret.
1248 218 1320 260 Ea
1356 229 1427 260 res
1466 220 1570 262 acta

83 286 167 332 est,
197 293 331 334 quum
352 278 466 318 hora
486 289 545 316 vr.
567 274 649 315 vix
671 273 912 326 Pompeius
934 276 1199 327 perorasset,
1228 287 1368 329 usque
1398 274 1458 315 ad
1487 274 1569 316 ho-

86 350 180 379 ram
209 350 317 385 vnn,
347 345 479 388 quum
509 330 658 371 omnia
686 328 951 380 maledicta,
982 342 1136 370 versus
1167 329 1357 385 denique
1388 331 1570 373 obscoe-

85 392 261 434 nissimi
303 391 349 429 in
389 386 601 428 Clodium
641 389 686 424 et
724 384 932 424 Clodiam
965 384 1235 425 dicerentur.
1294 387 1383 427 Ille
1414 385 1568 427 furens

85 453 132 489 et
175 443 414 499 exsanguis
455 441 762 494 interrogabat
799 453 900 480 suos
942 440 988 480 in
1031 441 1227 481 elamore
1255 441 1366 495 ipso.
1429 441 1569 492 »Quis

86 507 225 554 esset,
256 502 331 555 qui
360 499 534 553 plebem
565 495 682 536 same
711 493 944 536 necareffl«
1005 495 1355 550 Respondebant
1393 511 1570 552 operae,

90 558 392 611 »Pompeius«
459 552 597 602 »Quis
617 552 950 593 Alexandream
980 552 1046 592 ire
1077 553 1307 606 cuperetY«
1367 552 1572 608 Respon-

86 615 277 664 debant,
322 610 628 663 »Pompeius«
703 608 878 657 »Quem
916 608 982 647 ire
1012 608 1231 649 vellentl«
1308 607 1572 664 Responde-

86 672 208 723 bant,
242 667 512 708 »Crassum«
573 664 619 704 Is
649 663 806 704 aderat
835 669 941 715 tum,
971 662 1136 704 Miloni
1166 665 1314 706 animo
1344 678 1432 706 non
1461 668 1574 707 ami-

86 739 155 766 co.
221 723 348 764 Hora
385 721 482 762 fere
523 733 612 772 1X.,
663 721 789 774 quasi
818 720 946 772 signo
977 719 1112 773 dato,
1151 720 1366 761 Clodiani
1392 727 1572 764 nostros

88 781 352 834 consputare
404 780 655 831 coeperunt.
722 776 914 816 Exarsit
952 774 1096 816 dolor.
1153 776 1327 830 Urgere
1367 777 1463 831 illi,
1521 781 1572 819 ut

87 839 190 879 loco
230 848 310 875 nos
348 836 591 874 moverent.
650 831 814 872 Factus
854 834 921 871 est
958 844 985 872 a
1013 831 1179 873 nostris
1208 833 1422 887 impetus:
1463 833 1573 888 fuga

87 904 337 948 operarum.
418 890 606 930 Eiectus
645 887 700 927 de
740 887 900 927 rostris
931 887 1147 928 Clodius:
1196 900 1252 928 ac
1281 901 1362 929 nos
1392 903 1571 945 quoque

87 954 181 990 tum
212 946 426 1000 fugimus,
466 958 521 984 ne
552 941 659 996 quid
690 943 736 982 in
766 943 906 983 turba.
980 942 1170 984 Senatus
1200 948 1386 984 vocatus
1416 945 1463 985 in
1495 959 1572 987 cu-

88 1005 227 1045 riam:
276 1001 518 1055 Pompeius
548 998 740 1039 domurn.
799 997 955 1052 Neque
985 1012 1068 1052 ego
1098 1002 1247 1039 tamen
1277 1000 1323 1040 in
1352 1006 1571 1052 senatum,

88 1074 142 1100 ne
172 1062 249 1100 aut
278 1058 333 1097 de
362 1057 499 1097 tantis
532 1055 657 1094 rebus
687 1058 880 1094 tacerem
911 1057 986 1094 aut
1016 1055 1062 1095 in
1083 1053 1304 1109 Pompeio
1328 1055 1572 1098 defenden-

88 1116 147 1155 do
186 1138 240 1144 -—
279 1126 381 1154 nain
419 1113 458 1152 is
495 1109 760 1165 carpebatur
797 1122 824 1151 a
859 1109 1047 1163 Bibulo,
1088 1109 1310 1164 Curione,
1349 1112 1572 1165 Favonio,

90 1169 285 1213 servilio
327 1167 426 1208 filio
464 1189 518 1196 -
564 1167 735 1207 animos
773 1166 988 1207 bonorum
1028 1165 1315 1210 offenderem.
1390 1167 1482 1210 Res
1523 1170 1572 1210 in

89 1230 316 1282 posterum
363 1223 506 1264 dilata
552 1226 633 1263 est.
721 1221 910 1263 Clodius
958 1222 1006 1262 in
1050 1221 1311 1272 Quirinalia
1363 1225 1574 1278 prodixit

91 1402 99 1410 .
127 1401 135 1409 .
165 1401 174 1412 ,
202 1375 435 1415 consisteret,
480 1374 561 1407 dass
589 1384 630 1406 er
655 1372 781 1407 weder
807 1373 909 1417 Kopf
932 1373 1033 1407 noch
1059 1374 1188 1419 Zunge
1212 1374 1254 1408 in
1280 1373 1405 1409 seiner
1430 1376 1573 1413 Gewalt

90 1424 229 1458 behielt
261 1423 335 1457 und
368 1424 442 1457 alle
473 1420 726 1465 Augenblicke
760 1421 820 1454 die
854 1422 976 1455 Farbe
1008 1423 1240 1456 veranderte.
1266 1441 1314 1448 —
1348 1433 1471 1466 quum,
1497 1437 1573 1469 wo,

91 1481 165 1517 quo
201 1479 380 1516 tempore.
437 1469 470 1503 S.
506 1469 660 1503 ansh.
688 1470 715 1511 §.
743 1471 833 1511 203,
860 1470 923 1512 IV,
952 1471 983 1510 1,
1012 1471 1047 1504 b.
1109 1471 1151 1503 In
1175 1471 1242 1504 der
1267 1471 1406 1505 dritten
1431 1472 1575 1518 Tages-

89 1519 222 1554 stunde
249 1520 374 1564 fingen
401 1519 461 1552 die
487 1517 667 1551 Gerichte
693 1528 750 1550 au.
778 1537 822 1542 —
847 1518 1005 1562 (lenique.
1054 1517 1115 1552 Sic
1141 1518 1221 1553 Md.
1248 1531 1268 1553 a
1292 1531 1349 1566 pr.
1376 1532 1425 1554 m.
1454 1522 1572 1556 Oxou.

93 1570 124 1601 1.
158 1569 193 1603 2.
231 1568 330 1603 Vict.
360 1570 389 1601 1.
417 1569 448 1602 2.
476 1567 581 1599 etiam
617 1565 740 1599 Ceteri
776 1577 862 1599 cum
894 1566 975 1600 Md.
1009 1577 1030 1599 a
1065 1578 1139 1601 sec.
1166 1579 1219 1601 m.
1248 1588 1292 1595 —
1329 1568 1500 1603 Clodiam
1534 1571 1571 1605 P.

93 1615 214 1649 Clodii
241 1625 411 1649 sororem
438 1626 533 1653 eam,
562 1625 653 1658 quae
680 1615 723 1659 Q.
751 1614 898 1647 Metelli
925 1615 1068 1649 Celeris
1093 1626 1185 1649 uxor
1210 1622 1302 1650 erat.
1353 1616 1438 1650 Vid.
1466 1618 1574 1663 epist.

91 1664 190 1703 xlv,
217 1665 251 1698 5.
280 1663 429 1703 XXXV,
459 1665 490 1697 l.
520 1662 681 1705 XXXVI,
708 1663 740 1696 2.
770 1680 815 1686 ——
857 1663 968 1695 dicer.
996 1664 1125 1696 Lamb.
1159 1675 1256 1710 susp.
1292 1665 1572 1700 com'icerentur.

91 1733 134 1738 —
162 1711 376 1753 exsangui-⁹,
404 1710 661 1744 leichenblass.
689 1728 734 1734 —-
769 1710 806 1743 in
833 1711 994 1744 clamore
1020 1723 1163 1752 eorum,
1190 1713 1255 1755 qui
1281 1723 1302 1746 a
1326 1714 1472 1747 Milone
1498 1721 1576 1749 sta-

92 1761 194 1795 bant.
229 1777 276 1784 -
302 1762 467 1800 necaret,
509 1759 614 1804 quasi
642 1758 859 1802 Pompeius,
898 1759 959 1803 qui
992 1760 1046 1792 rei
1081 1760 1350 1794 frumentariae
1374 1770 1576 1807 praeesset,

90 1809 318 1842 frumentum
344 1807 621 1851 comprimeret.
649 1806 852 1840 MANUT.
891 1825 938 1830 -—
972 1809 1080 1841 Alex.
1107 1808 1167 1841 ire
1199 1810 1422 1843 restituendi
1448 1811 1576 1845 Ptole-

93 1857 190 1890 maei
209 1867 326 1888 causa.
345 1855 477 1889 MAN.
493 1854 776 1888 Alexandream.
809 1855 870 1887 Sic
898 1854 980 1890 Md.
1001 1856 1102 1890 Vict.
1129 1858 1162 1891 2.
1187 1858 1456 1893 Alexandriam
1479 1862 1576 1894 cett.

94 1904 289 1938 ORELLI.
317 1922 361 1928 —
394 1908 630 1947 consputare,
664 1914 748 1942 an-‚
779 1902 968 1946 bespeien.
1018 1905 1090 1938 Ein
1118 1900 1215 1945 ἅπαξ
1240 1903 1455 1952 λεγόμενον,
1502 1920 1576 1943 was

92 1953 172 1985 sich
205 1963 276 1985 nur
310 1952 412 1985 noch
438 1951 490 1984 im
526 1952 663 1984 letzten
697 1951 786 1995 Cap.
816 1951 878 1983 des
904 1952 1125 1985 Tertullian.
1154 1953 1234 1987 adv.
1262 1955 1342 1988 lud.
1370 1956 1501 1990 findet.
1530 1975 1576 1982 «-

94 2001 227 2034 Exars.
255 2000 378 2037 dolor,
421 2000 458 2032 iu
491 1999 606 2032 lichte
629 1999 799 2032 Flamme
833 1999 952 2033 brach
981 2001 1048 2033 der
1072 2001 1290 2036 verhaltene
1316 2004 1476 2038 Unwille
1500 2017 1577 2043 aus.

94 2068 138 2074 --
152 2049 242 2088 Ioco,
259 2047 432 2081 Comitio.
448 2048 607 2089 —sugcc
619 2057 676 2090 op.
690 2047 714 2082 i.
728 2048 933 2089 e.sugatae
950 2058 1082 2091 operae
1093 2051 1189 2084 lens.
1201 2069 1245 2075 -—
1260 2062 1325 2085 nos
1338 2062 1484 2097 quoque,
1511 2055 1578 2089 Ci-

93 2107 182 2130 cero
210 2096 319 2139 fugit.
349 2114 388 2119 —
418 2096 453 2128 in
483 2095 586 2128 turba
612 2095 691 2128 scil.
719 2096 827 2128 nobis
855 2096 1057 2130 accideret.
1085 2116 1129 2122 —-
1155 2099 1288 2132 curiam
1316 2101 1528 2145 Hostiliam,
1554 2113 1577 2135 a

93 2145 205 2178 Tullo
239 2143 400 2178 Hostilio
432 2154 520 2186 rege
547 2143 751 2177 conditam.
789 2162 832 2168 -—
882 2144 1018 2177 domium
1046 2146 1138 2179 abiit
1163 2153 1265 2180 metu
1291 2148 1428 2184 Clodii.
1462 2170 1504 2175 —
1539 2150 1579 2184 in

91 2196 252 2227 senatum
280 2203 338 2225 me
366 2192 524 2225 contuli.
551 2210 595 2216 -
629 2193 867 2235 carpebatur,
894 2192 1023 2225 wurde
1048 2195 1165 2228 sehon
1190 2207 1256 2229 vor
1283 2195 1348 2230 der
1373 2198 1579 2232 Rathsver·

94 2241 304 2284 sammlung
331 2240 412 2273 hier
437 2241 609 2284 gerupft,
637 2239 827 2283 getadelt‚
855 2240 935 2273 dass
963 2251 1002 2273 er
1029 2241 1099 2275 den
1128 2243 1280 2277 Clodius
1305 2245 1402 2279 habe
1429 2258 1469 2280 so
1497 2247 1580 2279 auf-

93 2289 271 2322 kommen
298 2289 429 2320 lassen.
490 2289 578 2320 VVas
609 2286 749 2321 konnte
780 2299 851 2320 nun
886 2288 994 2321 nicht
1019 2289 1070 2322 im
1096 2291 1309 2326 Rathbause
1334 2295 1449 2328 selbst
1474 2293 1578 2327 noch

94 2336 330 2383 geschehen?
357 2355 403 2361 —
427 2337 485 2372 M.
515 2335 714 2381 Calpurnio
741 2336 887 2379 Bibulo,
915 2339 1083 2371 Caesaris
1108 2339 1277 2376 inimico.
1314 2343 1350 2377 S.
1379 2354 1438 2388 ep.
1455 2343 1577 2385 XXII,

96 2387 152 2420 ll.
178 2384 295 2426 XCII,
320 2385 354 2418 3.
383 2384 520 2422 XCIII,
547 2385 581 2418 2.
609 2402 650 2409 —
683 2387 724 2421 C.
752 2384 949 2418 Scribonio
977 2384 1144 2420 Curione.
1213 2390 1298 2423 Vid.
1327 2401 1385 2435 ep.
1419 2390 1513 2429 XIX,
1540 2391 1577 2425 5.

95 2433 192 2474 XXI,
220 2435 252 2467 l.
278 2431 422 2471 LXXV,
449 2435 484 2467 2.
512 2432 618 2472 XCV,
650 2435 679 2469 1.
713 2449 755 2456 ·—
789 2434 845 2466 M.
873 2433 1043 2467 Favonio.
1094 2436 1180 2470 vid.
1207 2448 1266 2483 ep.
1293 2438 1517 2477 LXXXVII,
1545 2441 1578 2472 7.

31 2507 33 2511 ,
98 2498 141 2503 -
166 2482 205 2513 Ρ.
232 2480 391 2514 Servilio
417 2482 456 2514 P.
483 2480 658 2522 Isaurici,
698 2480 766 2527 qui
791 2481 914 2514 adhuc
949 2482 986 2514 in
1014 2483 1106 2516 vivis
1133 2492 1224 2526 erat,
1244 2485 1342 2525 filio.
1396 2486 1484 2518 Vid.
1513 2496 1576 2531 ep.

32 2531 33 2536 ’
97 2528 240 2568 XXVI,
268 2530 323 2563 10.
363 2529 486 2570 XCII,
518 2530 553 2564 3.
591 2547 634 2553 —
684 2529 721 2562 in
758 2533 941 2572 posterum
974 2530 1083 2564 diem.
1139 2534 1288 2566 Clodius
1323 2534 1384 2567 die
1422 2540 1576 2578 postero

32 2612 34 2625 ἱ
96 2576 123 2608 i.
157 2586 188 2609 e.
223 2586 257 2609 a.
291 2576 324 2609 d.
355 2577 446 2613 1'11.
480 2576 534 2608 Id.
561 2576 666 2613 Febr,
700 2578 783 2618 (am
819 2580 903 2611 7ten
939 2579 1067 2620 Febr.)
1099 2581 1135 2612 in
1165 2581 1372 2625 Quirinalia
1409 2583 1576 2626 prodixit

98 2623 208 2656 diem.
237 2622 431 2658 ORELLI.
457 2643 500 2649 --
541 2623 691 2657 Clodius
717 2649 725 2657 .
754 2650 762 2657 .
792 2649 800 2658 .
828 2625 993 2667 prodixit
1017 2627 1122 2667 diem,
1154 2627 1303 2662 Clodius
1331 2637 1444 2663 setzte
1470 2630 1575 2664 seine

96 2670 298 2703 sesi-mucha
322 2670 489 2717 Anklage
517 2672 573 2704 bis
598 2673 698 2705 nach
725 2672 795 2704 den
824 2671 1050 2713 Quirinalien
1079 2687 1150 2707 aus.
1183 2678 1348 2717 promitit
1373 2685 1463 2711 statt
1487 2690 1576 2722 pro-

97 2719 214 2759 duxit,
242 2718 310 2750 wie
336 2719 430 2751 oben
457 2721 484 2762 §.
516 2722 546 2754 I.
576 2720 800 2760 Quirinalia,
835 2720 897 2752 das
923 2721 1108 2754 izihrliche
1134 2725 1219 2755 cht
1245 2724 1307 2757 des
1335 2726 1510 2771 Quirinus
1538 2728 1574 2761 d.

34 2774 35 2782 ¹
96 2766 118 2797 i.
147 2766 209 2799 des
233 2765 486 2811 vergiitterten
511 2768 703 2809 Romulus,
728 2767 892 2801 welches
920 2770 985 2801 auf
1009 2769 1078 2803 den
1108 2774 1216 2805 17ten
1241 2773 1408 2808 Februar
1433 2775 1505 2809 fiel.
