1742 3006
205 92 303 141 278
479 92 543 134 M.
573 91 632 134 Τ.
664 87 1010 133 CICERONIS
1047 87 1421 143 EPISTOLAE.

147 205 176 246 2
210 206 301 250 nisi
330 207 423 248 tam
462 204 614 245 timidi
654 203 914 256 fuissemus,
958 202 1298 258 praestitissem.
1367 203 1582 247 Pisonem
1617 221 1697 250 no-

209 268 355 306 strum
395 262 559 302 merito
600 260 696 301 eius
737 274 836 302 amo
866 261 1121 315 plurimum.
1153 260 1320 312 'Eum,
1359 264 1410 302 ut
1438 263 1590 317 potui,
1618 278 1699 319 per

210 321 369 361 literas
408 316 672 358 cohortatus
702 331 798 358 sum
827 318 1087 371 gratiasque
1117 317 1216 371 egi,
1255 321 1303 357 ut
1332 316 1480 358 debui.
1538 318 1594 358 In
1621 334 1700 361 no-

209 377 280 419 vis
310 373 504 415 tribunis
535 373 681 428 plebis
712 374 922 427 intelligo
953 385 1076 425 spem
1104 377 1149 413 te
1179 372 1357 414 habere.
1417 374 1474 414 Id
1504 375 1594 415 erit
1621 375 1699 416 fir-

213 444 356 483 mum,
385 430 426 471 si
456 429 668 484 Pompeii
696 430 906 472 voluntas
937 428 1050 469 erit:
1082 428 1160 469 sed
1192 429 1402 470 Crassum
1432 434 1581 471 tamen
1611 444 1701 472 me-

213 491 304 529 tuo.
363 485 403 528 A
433 484 483 527 te‘
507 486 691 541 quidem
721 486 872 527 omnia
901 483 1005 524 fieri
1034 481 1282 526 fortissime
1322 491 1367 527 et
1396 487 1701 528 amantissime

212 542 371 585 video:
401 556 485 583 nec
513 544 680 591 mir0r3
708 541 788 583 sed
817 553 996 581 maereo
1025 553 1175 581 casum
1205 542 1452 596 eiusmodi,
1483 546 1533 584 ut
1561 544 1701 584 tantis

211 599 304 640 tuis
340 598 538 639 miseriis
576 611 701 638 meae
741 597 951 637 miseriae
995 597 1298 638 subleventur.
1373 598 1492 640 Nam
1537 599 1595 639 ad
1632 613 1702 640 me

213 654 270 698 P.
283 654 526 707 Valerius,
554 653 690 695 homo
712 652 973 705 officiosus,
1003 653 1203 707 scripsit,
1233 652 1282 692 id
1307 655 1429 708 quod
1450 668 1532 710 ego
1555 656 1702 695 maxi-

213 723 287 751 mo
317 724 416 751 cum
446 711 557 751 fletu
586 710 703 764 legi,
732 708 1106 763 quemadmodum
1137 721 1163 748 a
1191 707 1361 750 Vestae
1401 711 1460 751 ad
1505 711 1703 752 tabulam

213 766 452 807 Valeriam
481 766 619 806 ducta
647 779 780 806 esses.
840 765 984 816 Hem,
1023 777 1123 805 mea
1153 764 1261 815 lux,
1304 778 1451 806 meum
1480 766 1703 807 desideri-

213 836 312 874 um,
350 822 467 863 unde
509 835 661 863 omnes
701 834 830 875 opem
874 824 1027 875 petere
1074 819 1300 863 solebant!
1348 825 1394 862 te
1423 834 1566 874 nunc,
1605 836 1705 864 mea

215 879 460 930 Terentia,
491 879 560 919 sic
587 879 773 930 vexari,
814 876 881 918 sic
910 877 1060 917 iacere
1089 876 1136 916 in
1166 875 1370 918 lacrimis
1400 882 1447 918 et
1475 877 1700 920 sordibus!

215 933 354 988 idque
384 933 487 975 fieri
516 947 616 975 mea
644 934 798 988 culpa,
837 933 917 988 qui
957 936 1134 973 ceteros
1174 933 1375 986 servavi,
1414 936 1463 974 ut
1492 947 1574 975 nos
1602 948 1702 989 per—

150 988 180 1030 3
215 990 404 1032 iremus!
463 989 598 1040 Quod
629 989 684 1030 de
715 989 848 1029 domo
877 988 1066 1040 scribis,
1106 987 1195 1028 hoe
1225 991 1318 1041 est,
1358 989 1415 1030 de
1443 1001 1575 1031 areat
1620 1004 1702 1045 ego

214 1058 324 1088 vero
364 1049 459 1087 tum
490 1046 683 1100 denique
712 1044 828 1085 mihi
870 1044 1063 1086 videbor
1091 1045 1352 1098 restitutus,
1392 1045 1433 1085 si
1461 1046 1547 1087 illa
1575 1043 1702 1087 nobis
1735 1076 1742 1083 a

213 1102 304 1143 erit
338 1103 563 1144 restituta.
630 1101 801 1143 Verum
845 1099 961 1142 haec
1000 1113 1089 1141 non
1126 1104 1229 1141 sunt
1266 1101 1313 1141 in
1354 1105 1509 1142 nostra
1556 1116 1702 1145 manu.

213 1158 337 1200 Illud
367 1158 525 1211 doleo,
566 1170 678 1213 quae
717 1158 920 1212 impensa
948 1155 1160 1198 facienda
1189 1160 1282 1210 est,
1326 1157 1374 1198 in
1405 1158 1501 1199 eius
1531 1162 1705 1214 partem

213 1315 256 1338 zu
281 1303 454 1340 macheu.
480 1322 525 1329 —-
551 1303 683 1339 timidi.
733 1305 831 1338 Nam
855 1310 942 1338 ante
967 1303 1068 1337 diem
1093 1303 1226 1337 iudicii
1261 1303 1356 1338 abiit
1380 1303 1419 1337 in
1446 1302 1632 1337 exsilium.
1660 1322 1703 1328 --

202 1351 404 1395 fuissemus
443 1364 510 1398 ego
536 1359 575 1386 et
600 1352 812 1387 consiliarii
837 1353 937 1395 mei,
971 1352 1072 1385 inter
1099 1364 1189 1398 quos
1217 1358 1254 1385 et
1278 1352 1346 1386 Tu.
1382 1351 1465 1388 vid.
1492 1363 1548 1397 ep.
1572 1350 1704 1392 LXIX,

212 1401 248 1435 4.
274 1407 312 1435 et
336 1400 445 1435 LXX.
478 1419 517 1426 —
543 1401 832 1446 praestitissem,
869 1401 900 1434 si
923 1402 1068 1436 Romae
1094 1401 1336 1443 mansissem,
1363 1406 1401 1434 et
1427 1411 1704 1446 comparassem

213 1459 275 1483 me
300 1449 347 1483 ad
374 1455 565 1483 certamen
590 1461 678 1484 cum
706 1450 855 1486 Clodio.

310 1500 342 1533 2.
370 1499 500 1532 merito
534 1498 628 1542 eius,
664 1499 734 1532 wie
759 1510 801 1532 er
831 1509 869 1531 es
896 1497 1083 1532 verdient.
1133 1498 1219 1531 Piso
1248 1509 1322 1531 war
1348 1497 1512 1533 Cicero’s
1538 1495 1706 1531 Schwie-

215 1547 393 1594 gersohn.
421 1565 464 1570 —
492 1546 706 1581 cohortatus
730 1558 828 1590 sum,
856 1553 897 1580 ut
923 1546 967 1579 de
993 1558 1054 1580 me
1079 1557 1123 1579 ac
1152 1546 1197 1579 de
1215 1547 1319 1580 vobis
1348 1548 1439 1579 bene
1458 1545 1594 1579 mereri
1619 1557 1705 1590 per-

214 1601 291 1640 gat.
320 1615 362 1621 -
396 1595 549 1637 gratias
575 1595 638 1639 egi
663 1596 710 1629 ob
740 1597 820 1629 eius
853 1595 891 1628 in
927 1606 992 1628 nos
1027 1595 1223 1628 beneficia.
1257 1613 1305 1619 -
1334 1595 1383 1628 In
1415 1593 1518 1627 novis
1551 1592 1705 1627 tribunis

214 1643 303 1676 anni
328 1644 419 1685 697,
447 1644 547 1677 inter
574 1655 668 1689 quos
695 1644 812 1685 Milo,
848 1654 918 1688 pro
945 1654 1017 1688 quo
1038 1643 1157 1676 oratio
1184 1649 1314 1678 exstat.
1342 1661 1387 1667 —
1420 1641 1567 1684 habere,
1593 1652 1704 1686 repo-

213 1702 323 1726 nere.
350 1709 393 1715 —
420 1692 468 1724 Id
492 1691 564 1725 erit
581 1692 748 1733 firmum,
775 1693 850 1724 Das
879 1690 972 1723 wird
1006 1691 1101 1724 auch
1137 1691 1208 1723 mit
1242 1691 1371 1724 Grund
1408 1690 1639 1735 geschehen,
1672 1690 1709 1730 si⁴

213 1738 343 1782 Pomp.
370 1740 442 1772 vol.
470 1739 543 1772 erit
568 1741 698 1778 firma,
734 1751 840 1772 wenn
873 1738 1004 1783 Pomp.
1043 1738 1105 1772 bei
1138 1739 1258 1772 seiner
1292 1739 1456 1783 ietzigen
1485 1739 1704 1784 Gesinnung

214 1787 402 1820 heharret.
427 1806 473 1812 --
498 1798 622 1821 casum
649 1787 842 1826 eiusmodi,
876 1787 1018 1821 Ernest.
1052 1799 1153 1832 susp.
1187 1798 1309 1821 casum
1346 1796 1422 1821 esse
1448 1786 1630 1820 eiusmodi.
1658 1805 1702 1811 —

214 1846 238 1870 a
261 1834 394 1870 Vestae
419 1835 560 1879 templo
587 1847 615 1870 s.
642 1836 751 1878 aede,
780 1836 843 1869 ubi
867 1837 975 1869 aedes
1001 1842 1149 1869 nostrae
1177 1836 1339 1869 fuerunt.
1391 1835 1451 1868 Sie
1476 1834 1583 1867 hatte
1608 1833 1702 1873 sich,

214 1883 268 1917 als
294 1884 459 1917 Cicero’s
486 1885 585 1917 Hans
608 1884 909 1928 niedergerissen
944 1885 1093 1926 wurde,
1129 1883 1244 1917 dahin
1279 1884 1490 1928 gefliichtet
1521 1882 1597 1916 und
1623 1883 1703 1916 sich

215 1931 379 1965 daselbst
402 1933 473 1965 seit
497 1932 618 1966 dieser
644 1933 728 1966 Zeit
752 1932 1006 1966 vex-muthlich
1032 1933 1091 1966 bei
1117 1932 1219 1965 ihrer
1244 1932 1472 1972 Schwester‚
1498 1932 1603 1964 einer
1633 1933 1704 1964 Ve-

213 1980 374 2023 stalinn,
402 1981 653 2026 aufgehalten.
679 1999 725 2005 -—
758 1982 808 2014 ad
832 1980 995 2014 tabulam.
1025 1980 1216 2015 Valeriam
1242 1982 1296 2014 vel
1323 1980 1577 2025 argentariam
1602 1990 1703 2012 men-

214 2040 294 2063 sam
330 2029 389 2062 vel
422 2030 698 2064 auctionariam
731 2029 818 2073 (vid.
853 2030 961 2067 Orat,
995 2030 1034 2062 in
1069 2029 1195 2063 Vatin.
1223 2041 1254 2063 c.
1281 2031 1314 2064 9.
1342 2036 1380 2062 et
1405 2031 1631 2062 Hotomann.
1658 2027 1702 2061 ad

215 2078 322 2112 Orat.
348 2089 417 2122 pro
447 2079 649 2120 Caecina),
687 2078 733 2111 ad
770 2089 879 2123 quam
914 2078 1093 2118 Terentia
1127 2085 1234 2122 rapta
1269 2089 1346 2111 esse
1379 2077 1549 2117 videtur,
1583 2084 1622 2110 ut
1658 2076 1704 2109 de

213 2127 374 2172 pecunia
401 2127 633 2160 numeranda
657 2138 725 2172 per
751 2126 1006 2172 argentarium
1032 2133 1190 2159 caveret.
1219 2126 1279 2161 Cf.
1307 2126 1415 2162 Orat.
1443 2126 1568 2170 Quint.
1595 2126 1630 2160 6,
1658 2143 1701 2149 -

215 2175 298 2215 lux,
325 2170 438 2218 φάος,
466 2175 541 2208 vita
568 2176 617 2220 (ξ).
643 2174 720 2218 3.),
749 2175 817 2216 du,
844 2175 946 2208 mein
974 2176 1101 2209 Leben
1118 2200 1128 2217 ,
1154 2176 1279 2208 meine
1306 2174 1463 2208 Frende.
1490 2175 1575 2219 Vgl.
1598 2172 1702 2206 Ovid.

215 2222 331 2256 Trist.
360 2223 431 2263 111,
458 2225 493 2264 3,
521 2225 578 2259 52.
604 2224 722 2257 Plaut.
749 2223 838 2259 Mil.
866 2225 929 2267 IV,
952 2224 986 2265 8,
1013 2225 1069 2258 34.
1107 2242 1151 2248 —
1187 2224 1340 2257 desider.
1366 2224 1490 2256 Abstr.
1517 2233 1587 2268 pro
1613 2232 1703 2255 con·

217 2277 345 2312 creto,
388 2272 457 2303 wie
490 2271 523 2315 §.
560 2272 594 2306 4.
626 2284 710 2305 mea
742 2271 945 2313 desideria,
979 2273 1110 2305 valete.
1155 2292 1194 2298 -
1239 2282 1337 2315 opem
1371 2275 1495 2314 petere
1527 2270 1700 2304 solebant.

216 2320 362 2365 Nempe
381 2329 447 2364 per
465 2330 546 2352 eam
564 2321 786 2354 Ciceronem
804 2320 874 2353 sibi
892 2320 1088 2354 conciliari
1106 2332 1212 2365 posse
1230 2320 1441 2366 sperabant.
1469 2318 1700 2365 ERNESTI.

218 2386 261 2392 -
288 2368 418 2401 vexari
454 2369 492 2410 (a
526 2367 655 2411 veho),
692 2369 971 2414 uniheigeiagt,
1011 2369 1247 2413 beunruhigt
1283 2368 1442 2401 werden.
1492 2367 1594 2401 Uber
1633 2366 1703 2399 den

215 2418 390 2450 Accusat.
419 2427 453 2450 c.
481 2416 618 2452 infinit.
646 2417 709 2450 des
733 2418 891 2452 Ausrufs
923 2429 950 2450 s.
977 2418 1127 2451 Ramsh.
1162 2419 1190 2462 ᾗ.
1221 2419 1300 2457 168,
1334 2419 1377 2457 Β,
1416 2417 1449 2451 6.
1488 2414 1637 2448 Grotef.
1673 2415 1700 2456 §-

217 2467 300 2501 311.
331 2467 435 2498 Anni.
469 2466 608 2509 Zumpt
634 2468 665 2510 §.
692 2468 777 2503 613.
806 2485 845 2491 —
889 2470 1027 2500 ceteros
1055 2467 1152 2500 cives
1178 2465 1325 2499 servari
1350 2463 1608 2498 coniuratione
1635 2462 1703 2497 Ca-

218 2514 386 2547 tilinaria
413 2514 603 2558 patefacta
629 2520 667 2547 et
693 2526 879 2561 oppressa.
903 2533 949 2540 -—
972 2515 1190 2558 periremus.
1233 2514 1291 2548 Ob
1318 2525 1400 2546 eam
1426 2513 1529 2547 enim
1555 2520 1703 2544 causam

220 2562 257 2593 in
293 2563 462 2596 exsilium
495 2562 616 2607 pulsus
657 2569 714 2595 est.
747 2563 906 2603 Cicero,
942 2563 1043 2609 quod
1073 2563 1277 2597 Lentulum
1309 2569 1347 2595 et
1381 2561 1590 2604 Cethegum
1616 2558 1704 2592 reli-

221 2622 387 2655 quosque
414 2611 635 2645 coniuratos
659 2611 739 2644 sine
765 2611 908 2646 iudicio
922 2612 1052 2658 populi
1068 2612 1337 2645 interfecisset.
1366 2606 1703 2644 MELANCHTH.

317 2674 350 2707 3.
383 2674 484 2709 Quod
515 2687 565 2705 z
600 2674 690 2707 Was
716 2674 789 2708 Das
816 2674 984 2717 betrifft,
1021 2686 1093 2707 was
1128 2685 1160 2706 u.
1189 2685 1214 2706 s.
1242 2686 1286 2707 w.
1325 2692 1367 2697 -—
1400 2673 1442 2705 de
1474 2681 1583 2711 area,
1621 2668 1703 2713 qnia

221 2719 351 2753 domus
379 2722 577 2754 combusta
603 2722 687 2755 fuit.
717 2742 757 2747 —
786 2723 950 2766 impensa
976 2737 1024 2754 z
1050 2722 1226 2769 pecnnia,
1253 2733 1324 2766 qna
1341 2720 1518 2764 suffragia
1534 2718 1579 2750 ad
1597 2717 1703 2750 resti-

220 2769 403 2804 tuendum
428 2770 655 2806 Ciceronem
681 2770 971 2806 redimebantur.
997 2790 1042 2796 —
1069 2772 1109 2805 in
1134 2770 1208 2804 eius
1231 2774 1374 2814 partem
1400 2774 1433 2801 te
1459 2766 1598 2808 venire,
1625 2766 1703 2798 dass
