1742 3006
158 102 253 150 462
439 103 503 146 Μ.
537 104 591 144 Τ.
627 99 967 145 CICERONIS
998 67 1374 145 EPIS'I'OLAE.

157 220 380 261 oratione.
453 213 591 265 Quod
620 214 810 267 scribis,
840 215 1006 267 miror,
1037 214 1121 255 tibi
1151 215 1334 269 placere
1364 227 1435 255 me
1465 213 1522 255 ad
1552 228 1646 258 eam

157 275 431 326 rescribere,
462 271 730 326 praesertim
760 284 896 325 quum
926 271 1055 311 illam
1084 283 1212 312 nemo
1244 271 1443 312 lecturus
1472 271 1558 322 sit,
1607 273 1646 313 si

158 345 242 387 ego
279 329 399 370 nihil
440 327 742 381 rescripsero,
791 339 935 367 meam
972 327 1018 365 in
1047 326 1178 367 illum
1207 327 1337 381 pueri
1366 340 1517 367 omnes
1547 330 1645 368 tan-

154 400 287 442 quam
316 385 490 425 dictata'
519 382 790 438 perdiscant.
877 381 1043 422 Libros
1072 396 1222 436 meos,
1252 395 1363 437 quos
1395 387 1646 436 exspectas,

154 441 392 483 inchoavi:
431 439 512 481 sed
542 438 767 480 conficere
798 451 885 478 non
912 450 1092 492 possum
1121 438 1194 479 his
1226 438 1398 481 diebus,
1460 438 1645 480 Oratio-

152 511 231 538 nes
284 497 560 550 efflagitatas
610 508 693 549 pro
746 493 917 534 Scauro
976 497 1022 534 et
1068 507 1150 548 pro
1205 494 1398 536 Plancio
1452 495 1643 536 absolvi.
1689 512 1691 514 ·

150 555 324 595 Poe'ma
363 553 422 594 ad
461 552 725 602 Caesarem,
775 549 895 604 quod
924 549 1234 603 institueram,
1280 550 1439 591 incidi.
1535 551 1645 592 Tibi

152 609 274 665 quod
305 622 452 664 rogas,
483 607 692 662 quoniam
723 607 811 661 ipsi
841 604 989 646 fontes
1018 606 1108 646 iam
1138 606 1324 657 sitiunt,
1354 608 1394 647 si
1424 606 1535 661 quid
1565 605 1645 647 ha-

90 666 267 712 12bebo
307 665 472 720 spatii,
513 663 723 704 scribam.
783 661 934 703 Venio
964 660 1020 702 ad
1050 661 1245 702 tertiam.
1303 662 1494 704 Balbum
1525 662 1646 717 quod

153 723 220 763 ais
259 725 434 762 mature
463 718 656 760 Romam
694 720 806 759 bene
847 718 1111 758 comitatum
1152 730 1249 757 esse
1286 722 1522 759 venturum
1552 732 1643 759 me-

152 791 341 832 cumque
382 774 562 818 assidue
601 787 742 828 usque
787 773 845 814 ad
872 773 942 815 ld.
975 772 1127 814 Maias
1157 772 1383 827 futurum,
1439 773 1488 813 id
1525 773 1642 814 mihi

150 838 410 890 pergratum
450 844 619 887 perque
659 829 904 871 iucundum
943 832 1022 870 est.
1110 828 1245 878 Quod
1291 842 1362 870 me
1402 829 1450 869 in
1488 824 1644 870 eadem
1680 865 1688 875 ,

151 890 374 945 epistola,
406 889 525 929 sicut
555 899 686 941 saepe
717 889 872 936 antea,
904 884 1157 926 cohortaris
1189 884 1248 925 ad
1277 885 1566 926 ambitionem
1597 890 1641 926 et

151 947 210 988 ad
256 946 481 996 laborem,
539 942 707 984 faciam
760 941 991 995 equidem:
1049 940 1129 981 sed
1177 941 1358 994 quando
1408 939 1643 982 vivemus?

86 1003 328 1053 13Quarta
365 999 559 1054 epistola
595 997 712 1038 mihi
753 997 934 1038 reddita
971 1001 1040 1037 est
1078 996 1143 1036 Id.
1188 996 1308 1051 Sept.
1351 1010 1481 1052 quam
1523 1010 1562 1038 a.
1595 997 1638 1037 d.

151 1073 211 1100 iv.
254 1057 323 1099 Id.
365 1057 492 1098 Sext.
536 1067 595 1095 ex
634 1053 874 1094 Britannia
912 1053 1114 1093 dederas.
1202 1052 1256 1093 In
1298 1066 1350 1093 ea
1387 1052 1507 1093 nihil
1538 1066 1642 1094 sane

150 1119 250 1156 erat
278 1113 409 1165 novi,
440 1115 622 1166 praeter
649 1109 922 1163 Erigonam:
963 1121 1094 1162 quam
1125 1108 1163 1148 si
1194 1110 1248 1148 ab
1279 1108 1429 1163 Oppio
1459 1122 1643 1163 accepe-

149 1231 349 1271 schreibst‚
375 1229 524 1263 betrifft
551 1228 609 1261 die
634 1228 759 1267 Rede,
789 1228 932 1261 welche
961 1227 1168 1260 Calventius
1200 1227 1345 1260 Marius
1373 1227 1405 1259 d.
1434 1229 1458 1260 i.
1487 1229 1527 1261 L.
1554 1229 1639 1262 Piso

150 1279 376 1317 Caesoninus
415 1277 515 1311 nach
549 1277 673 1310 seiner
706 1276 927 1310 Ruckkunft
961 1287 1026 1308 aus
1060 1275 1126 1308 der
1159 1275 1319 1309 Provinz
1352 1275 1483 1320 Syrien
1517 1287 1639 1321 gegen

148 1329 254 1364 mich
279 1326 528 1373 geschrieben
555 1325 647 1365 (wol
673 1324 784 1358 nicht
809 1323 997 1368 gehalten)
1024 1322 1130 1357 hat.“
1193 1324 1275 1356 Den
1307 1324 1450 1356 Namen
1479 1324 1639 1358 Caluen-

149 1379 221 1412 tius
246 1377 374 1410 fiihrte
399 1376 484 1408 Piso
512 1385 583 1407 von
619 1373 764 1406 seinem
789 1371 1064 1406 mutterlichen
1091 1372 1332 1412 Grossvater3
1371 1373 1516 1405 Marius
1550 1373 1639 1406 aber

148 1427 269 1472 pflegt
294 1436 334 1457 er
359 1435 427 1457 zur
453 1422 732 1466 Vergleichung
767 1421 838 1454 mit
862 1421 960 1454 ‘dem
993 1420 1203 1454 bekannten
1230 1419 1371 1454 Marius
1397 1431 1469 1453 von
1497 1420 1634 1454 Cicero

149 1480 321 1521 genannt
356 1484 400 1506 zu
435 1470 599 1505 werden.
660 1470 698 1507 S.
732 1470 834 1504 Orat.
873 1469 912 1502 in
948 1470 1071 1502 Pison.
1110 1480 1141 1502 c.
1177 1470 1208 1502 9.
1245 1480 1285 1504 u.
1320 1468 1437 1513 Epist.
1465 1467 1632 1503 CXLVI.
1697 1477 1700 1490 ¹

150 1523 286 1557 Cicero
313 1532 396 1554 eum
418 1521 473 1553 ita
498 1525 604 1552 tecto
629 1518 779 1552 nomine
804 1518 979 1563 appellat.
1030 1536 1074 1541 -
1126 1517 1175 1549 ad
1207 1527 1280 1550 eam
1306 1516 1536 1557 orationem,
1572 1529 1636 1550 zur

149 1571 288 1617 Replik
315 1570 378 1603 auf
404 1568 503 1601 diese
529 1567 647 1601 Rede.
681 1585 727 1591 —
784 1576 900 1599 meam
924 1566 962 1599 in
987 1576 1074 1598 eum.
1125 1565 1258 1599 Cicero
1294 1565 1413 1598 meint
1446 1565 1505 1597 die
1536 1565 1637 1599 noch

149 1618 393 1653 vorhandene
418 1617 520 1651 Rede
546 1616 584 1648 in
610 1617 804 1657 Pisonem,
848 1614 907 1647 die
938 1625 979 1647 er
1011 1614 1065 1646 im
1102 1613 1256 1658 vorigen
1283 1613 1392 1645 Iahre
1418 1623 1541 1658 gegen
1567 1613 1633 1646 ihn

149 1668 324 1714 gehalten
351 1667 464 1699 hatte.
493 1682 541 1688 —
567 1668 737 1708 tanquam
763 1663 909 1704 dictata,
937 1662 1009 1696 wie
1034 1662 1115 1694 eine
1142 1661 1413 1695 Schullection.
1440 1679 1483 1684 —
1520 1662 1635 1695 libros

149 1726 247 1750 meos
280 1716 327 1748 de
360 1726 402 1748 re
435 1713 596 1759 publica.
654 1711 689 1746 S.
718 1723 775 1756 ep.
805 1710 1046 1752 CXXXVIII,
1073 1712 1108 1745 1.
1145 1729 1187 1734 —-
1226 1720 1294 1754 pro
1327 1709 1467 1743 Scauro
1502 1714 1538 1743 et
1563 1720 1634 1754 pro

149 1764 323 1806 Plancio,
359 1763 427 1796 illa
461 1761 506 1794 de
533 1760 768 1806 repetundis,
797 1759 890 1792 haec
919 1759 964 1792 de
991 1759 1145 1791 ambitti.
1201 1759 1366 1803 Utraque
1391 1763 1526 1800 exstat,
1570 1757 1634 1791 sed

146 1824 216 1858 pro
243 1812 385 1846 Scauro
410 1809 593 1845 mutilata.
622 1807 822 1842 MANUT.
887 1808 922 1841 S.
948 1808 1044 1841 iiber
1068 1806 1227 1840 Scaurus
1254 1817 1299 1840 zu
1325 1817 1381 1851 ep.
1411 1806 1567 1845 CXLIV,
1593 1807 1630 1840 3.

147 1861 293 1902 CXLII,
320 1861 355 1895 9.
390 1859 485 1892 iiber
512 1858 586 1890 Gn.
614 1857 785 1890 Plancius
811 1867 871 1900 ep.
900 1857 998 1898 XVI,
1023 1856 1055 1889 2.
1090 1854 1298 1893 LXXVIII,
1328 1857 1361 1888 1.
1399 1854 1569 1896 LXXIX,
1597 1855 1631 1889 3.

147 1928 194 1934 —
219 1909 311 1953 quod
333 1907 574 1940 institueram.
630 1905 691 1938 Sic
726 1905 863 1948 Margo
901 1903 981 1937 Md.
1022 1903 1126 1938 Amb.
1164 1902 1217 1937 16.
1246 1905 1301 1936 17.
1341 1902 1431 1937 c2d.
1472 1903 1628 1947 Malasp.

145 1958 266 1995 Laud.
293 1958 430 1999 Margo
458 1955 556 1987 Crat.
584 1953 717 1988 Lamb.
744 1962 1015 1994 composueram
1039 1951 1121 1984 Md.
1150 1952 1251 1983 Crat.
1282 1951 1383 1985 Vict.
1412 1953 1445 1987 l.
1464 1952 1498 1986 2.
1527 1951 1629 1985 Man.

145 2007 241 2041 Ern.
269 2005 358 2041 Sch.
386 2005 479 2037 Lun.
505 2001 702 2036 ORELLI.
751 2001 786 2033 S.
813 2011 872 2044 ep.
901 2000 994 2033 CVI.
1023 1998 1134 2037 CXL,
1162 2000 1194 2033 2.
1224 2018 1266 2023 -
1296 1998 1424 2040 incidi,
1450 1998 1538 2031 hab’
1564 1999 1628 2032 ich

147 2052 417 2094 zerschnitten,
445 2051 586 2084 cassirt.
613 2069 658 2074 -
684 2048 752 2082 tibi
777 2048 871 2091 quod
896 2057 1022 2089 rogas.
1073 2047 1239 2079 Petierat
1266 2045 1445 2088 Quintus,
1480 2047 1628 2092 opinor,

149 2111 190 2138 ut
216 2102 287 2135 sibi
313 2103 433 2134 frater
459 2100 496 2133 in
524 2097 669 2132 laudem
697 2097 864 2130 Caesaris
900 2098 1034 2140 potima
1068 2095 1275 2134 scriberet,
1328 2095 1427 2140 quod
1460 2107 1529 2140 pro
1564 2107 1629 2128 suo

146 2158 272 2198 posset
298 2149 502 2183 venditare.
554 2147 643 2191 Vgl.
670 2158 727 2191 ep.
744 2145 910 2184 CXLIV,
936 2144 972 2181 4.
1000 2142 1109 2177 SCH.
1137 2162 1183 2167 —
1216 2142 1378 2187 quoniam
1402 2142 1630 2186 ipsiflfontes·

146 2202 174 2235 i.
208 2211 238 2232 e.
273 2198 450 2244 quoniam
483 2204 542 2239 tu,
584 2195 646 2240 qui
680 2195 758 2239 ipse
794 2195 906 2237 poeta
938 2203 996 2232 es,
1051 2203 1200 2225 carmen
1233 2191 1420 2224 desideras
1454 2191 1498 2224 ab
1541 2192 1625 2225 alio.

146 2248 255 2282 ERN
255 2247 315 2281 Es
319 2246 370 2280 TI
373 2272 382 2281 .

244 2297 301 2332 12.
329 2294 378 2327 ad
401 2294 543 2327 tertiam
570 2291 767 2337 epistolam
793 2296 907 2323 tuam.
932 2307 979 2312 —
1005 2288 1089 2321 bene
1117 2288 1334 2329 comitatum,
1363 2287 1461 2320 wohl
1487 2287 1626 2331 beglei·

144 2352 212 2379 tet.
261 2343 454 2379 Manutius
480 2342 609 2383 meiut,
636 2339 787 2381 Quintus
813 2339 909 2371 habe
942 2337 994 2370 im
1021 2337 1157 2370 Scherz
1190 2336 1308 2371 damit
1333 2346 1446 2379 sagon
1474 2335 1625 2370 wollen:

145 2394 234 2426 mit
272 2390 566 2425 Gelds‘a'ckeu
601 2388 716 2422 wohl
752 2386 970 2420 beladen.
1011 2404 1053 2409 —
1101 2395 1234 2428 perque
1267 2384 1466 2417 iucundum.
1526 2383 1626 2417 Uber

146 2441 208 2473 die
234 2440 378 2473 Tmesis
403 2439 550 2472 Ramsh.
579 2439 606 2481 §.
634 2438 712 2472 206.
740 2437 781 2470 Β.
811 2437 841 2470 2.
871 2449 911 2457 ...
940 2433 992 2466 Id.
1022 2433 1130 2475 Mai„
1159 2434 1213 2468 15.
1242 2432 1334 2465 Mai.
1367 2451 1409 2456 —
1446 2435 1508 2463 est.
1560 2430 1623 2464 Sic

146 2491 257 2522 Rom.
296 2487 487 2521 iucundum
518 2485 682 2526 (omisso
711 2484 790 2517 scil.
816 2481 884 2523 st.)
920 2482 1002 2515 Md.
1041 2483 1164 2517 Oxon.
1200 2482 1232 2514 2.
1259 2480 1370 2514 Amb.
1409 2481 1464 2514 16.
1503 2479 1621 2512 Laud,

143 2538 241 2570 Vict.
272 2539 304 2571 1.
334 2538 367 2571 2.
403 2536 471 2568 iuc.
504 2535 570 2568 erit
597 2534 735 2574 (Oxou.
767 2533 814 2574 1.)
848 2531 946 2563 Crat.
980 2531 1082 2563 Man.
1115 2529 1247 2563 Lamb.
1279 2528 1370 2561 Ern.
1408 2525 1496 2560 Sch.
1523 2528 1621 2560 Liin.

147 2584 346 2619 ORELLI.
376 2602 418 2607 —
446 2582 669 2616 ambitionem
696 2582 716 2613 i.
744 2592 774 2613 e.
804 2578 966 2613 studium
993 2577 1186 2623 dignitatis
1213 2575 1406 2621 augendae.
1433 2574 1619 2608 MAN.—

144 2632 327 2666 vivemus?
353 2631 499 2665 bezieht
525 2630 700 2663 sich-auf
725 2629 796 2662 den
823 2626 1008 2667 Wunsch‚
1035 2625 1192 2659 endlich
1216 2623 1382 2658 einmahl
1408 2623 1476 2656 auf
1499 2622 1623 2655 seinen

146 2681 291 2714 Giitern
318 2681 353 2713 in
380 2679 484 2714 Rulie
509 2678 588 2713 sich
615 2677 730 2711 selbst
754 2676 827 2710 und
853 2675 922 2707 den
949 2672 1293 2718 Lieblingsstudien
1318 2683 1366 2705 zu
1392 2671 1511 2706 leben.

242 2730 299 2764 13.
334 2729 385 2761 Id.
414 2728 525 2770 Sept„
558 2738 617 2760 am
646 2727 701 2760 13.
730 2723 964 2770 September.
1008 2741 1054 2747 ——
1085 2734 1118 2755 η.
1151 2722 1182 2754 d.
1210 2721 1280 2755 IV.
1307 2720 1361 2754 Id.
1387 2719 1501 2760 Sext„
1536 2728 1619 2751 vom

147 2779 203 2811 10.
234 2777 375 2821 August
402 2776 527 2809 datirt.
580 2795 622 2801 -
677 2774 903 2816 Erigonam,
938 2771 1018 2804 eine
1044 2769 1246 2815 Trag'odic.
1283 2768 1343 2802 die
1370 2768 1529 2813 Quintus
1555 2776 1620 2810 ge-
