1742 3006
132 622 184 660 10

197 57 284 116 130
479 59 543 105 M.
575 62 630 105 Τ.
664 57 1005 104 CICERONIS
1035 60 1412 122 EPISTOLAE.

190 173 390 215 tenebris
420 186 561 227 neque
591 185 689 213 esse
718 172 942 226 abditam,
973 174 1052 215 sed
1085 175 1130 215 in
1162 175 1262 216 luce
1292 175 1456 226 Asiae,
1491 175 1539 215 in
1569 187 1676 216 ocu-

191 231 248 271 lis
281 230 560 271 clarissimae
591 229 854 281 provinciae
883 234 1017 284 atque
1057 230 1105 270 in
1135 232 1314 271 auribus
1344 231 1542 272 omnium
1554 245 1677 285 ··gen-

197 287 310 327 tium
340 299 394 326 ac
424 284 652 325 nationum
683 298 781 326 esse
811 287 1034 339 positam?
1065 299 1153 327 non
1183 287 1423 328 itineribus
1454 287 1545 328 tuis
1577 301 1677 341 per-

199 342 360 382 terreri
399 339 628 381 homines?
674 353 761 381 non
806 346 984 395 sumptu
1034 341 1301 384 exhauriri?
1352 356 1441 384 non
1483 342 1677 384 adventu

197 395 497 439 commoveri?
552 409 673 449 esse,
705 409 971 451 quocunque
1003 399 1196 450 veneris,
1227 403 1272 439 et
1301 399 1482 452 publice
1511 405 1556 439 et
1585 399 1679 453 pri-

195 454 337 495 vatim
375 452 618 492 maximam
667 453 910 493 laetitiam:
961 467 1096 507 quum
1135 455 1240 495 urbs
1283 454 1540 506 custodem,
1590 468 1678 495 non

195 513 460 561 tyrannum,
500 507 656 548 domus
688 507 936 563 hospitem,
977 522 1065 550 non
1094 511 1423 564 expilatorem,
1454 510 1679 565 recepisse

195 564 433 606 videatur?

307 619 393 660 ΙΙΙ.
455 619 540 660 His
582 623 731 661 autem
774 621 818 659 in
853 620 982 660 rebus
1013 620 1102 661 iam
1131 622 1176 661 te
1207 633 1312 663 usus
1343 621 1439 676 ipse
1469 621 1678 676 profecto

193 675 395 717 erudivit
433 688 712 730 nequaquam
742 677 851 716 satis
883 689 1004 728 esse,
1035 676 1179 730 ipsum
1211 675 1294 717 has
1316 681 1360 718 te
1390 677 1556 719 habere
1585 679 1677 718 vir-

195 733 340 783 tutes,
387 731 466 771 sed
497 744 595 772 esse
626 732 1083 786 circumspiciendum
1114 732 1385 785 diligenter,
1435 738 1485 774 ut
1514 735 1560 773 in
1591 733 1679 774 hac

195 786 403 827 custodia
440 787 703 841 provinciae
743 801 830 828 non
871 796 915 828 te
943 801 1101 840 unum,
1156 789 1235 828 sed
1266 801 1418 829 omnes
1447 789 1678 830 ministros

194 841 484 897 imperii‘tui
529 844 667 884 sociis
708 848 753 884 et
793 844 967 885 civibus
1008 848 1053 884 et
1094 844 1160 884 rei
1201 845 1409 897 publicae
1446 848 1677 898 praestare

194 899 393 940 videare.
465 898 746 954 Quamquam
778 900 951 953 legatos
983 899 1120 940 habes
1151 913 1252 952 eos,
1293 900 1370 955 qui
1402 900 1490 954 ipsi
1522 914 1602 955 per
1630 913 1677 941 se

194 953 396 995 habituri
427 955 519 995 sint
548 957 770 996 rationem
800 956 1040 1009 dignitatis
1071 968 1202 1005 suae;
1233 956 1289 997 de
1319 956 1480 1010 quibus
1504 955 1677 998 honore

194 1014 241 1051 et
269 1010 492 1065 dignitate
534 1016 580 1051 et
619 1016 768 1052 aetate
799 1015 998 1066 praestat
1027 1011 1235 1064 Tubero,
1285 1026 1416 1066 quem
1445 1026 1528 1066 ego
1558 1013 1676 1054 arbi-

193 1070 306 1119 tror,
337 1068 606 1120 praesertim
637 1081 772 1121 quum
803 1069 974 1108 scribat
1005 1066 1270 1119 historiam,
1300 1068 1467 1109 multos
1497 1081 1556 1109 ex
1585 1069 1679 1109 suis

193 1122 432 1163 annalibus
473 1136 604 1177 posse
644 1123 876 1177 deligere.
925 1137 1036 1178 quos
1075 1124 1189 1166 velit
1230 1129 1275 1164 et
1305 1125 1449 1178 possit
1478 1124 1675 1164 imitari:

287 1281 322 1314 9.
348 1279 388 1313 in
413 1280 508 1322 luce,
535 1280 588 1312 im
617 1279 788 1320 Publice,
823 1291 889 1312 vor
915 1279 1014 1312 Aller
1039 1279 1223 1321 Aanick,
1263 1279 1313 1312 im
1342 1279 1571 1324 Angesichte
1595 1279 1676 1312 Asi-

191 1339 269 1361 ens.
328 1327 403 1362 Ein
438 1327 818 1371 Lieblingsausdruck
845 1327 909 1360 des
944 1328 1090 1361 Cicero.
1153 1327 1284 1372 Vergl.
1316 1327 1466 1361 Tuscul.
1493 1328 1593 1373 Disp.
1627 1328 1678 1369 Π,

192 1377 254 1411 26;
280 1376 480 1410 benefacta
505 1376 543 1409 in
568 1376 652 1409 luce
680 1375 861 1408 collocari
886 1375 1041 1417 volunt,
1069 1376 1113 1409 de
1140 1375 1287 1408 Senect.
1313 1376 1352 1408 4:
1388 1376 1429 1408 in
1456 1375 1541 1409 luce
1567 1382 1678 1421 atque

192 1424 234 1457 in
266 1424 384 1458 oculis
418 1425 559 1458 civium
591 1434 767 1468 magnus5
808 1424 913 1457 Brut.
943 1425 984 1459 8:
1024 1424 1209 1457 Isocrates
1241 1424 1326 1457 luce
1359 1423 1504 1457 forensi
1542 1424 1673 1457 caruit.

194 1478 290 1508 orat.
315 1474 473 1518 Harusp.
499 1475 565 1508 23:
596 1473 718 1506 lucem
751 1483 827 1504 non
866 1472 1075 1518 adspicere,
1123 1483 1251 1505 carere
1283 1472 1436 1517 publico
1462 1484 1506 1511 n„
1525 1484 1551 1505 s.
1578 1473 1605 1505 f.
1631 1491 1673 1497 —

193 1531 271 1554 esse
293 1522 473 1565 positam,
508 1522 532 1555 i.
560 1533 594 1558 e.
621 1521 871 1565 propositam,
907 1521 1133 1566 expositam,
1165 1521 1360 1566 prolatam.
1389 1539 1432 1544 —
1456 1521 1673 1564 perterreri,

193 1570 284 1603 weil
323 1570 460 1603 andere
500 1570 765 1608 Proconsules,
807 1569 935 1603 vvohin
971 1570 1024 1602 sie
1066 1569 1247 1611 reiseten,
1283 1569 1344 1601 die
1385 1570 1507 1602 socios
1545 1570 1674 1614 populi

193 1619 354 1651 Romani
385 1618 691 1663 auspliinderten.
741 1616 914 1650 Bereisen
941 1624 1104 1650 mussten
1133 1617 1224 1649 aber
1248 1616 1300 1649 sie
1328 1616 1419 1649 oder
1443 1617 1529 1649 ihre
1559 1618 1673 1661 legali

193 1665 252 1699 die
284 1666 584 1710 vorziiglichsten
609 1665 738 1698 Stadte
771 1665 837 1697 der
861 1666 1084 1708 Provixmen,
1118 1676 1182 1698 um
1214 1665 1285 1697 alle
1320 1665 1463 1708 Klagen
1495 1665 1572 1698 und
1606 1667 1675 1699 Be-

192 1714 418 1748 schwerden
444 1725 508 1747 aus
534 1714 618 1747 dem
643 1724 782 1757 ganzen
800 1713 959 1746 Distrikt
983 1715 1086 1746 eines
1113 1713 1262 1746 solcheu
1280 1714 1488 1757 Hauptorts
1514 1713 1675 1746 daselbst

193 1761 452 1795 anzunehmen
478 1762 552 1795 und
579 1760 851 1801 abzumachcu,
877 1762 1112 1806 polizeiliche
1138 1762 1213 1794 und
1240 1761 1378 1794 andere
1397 1760 1674 1806 Anordnungen

193 1822 239 1843 zu
264 1813 400 1844 treffen
429 1822 461 1843 u.
491 1823 516 1843 s.
547 1823 588 1843 w.
640 1810 764 1845 Ursin.
796 1810 919 1843 wollte
944 1811 1089 1853 prolem?
1112 1810 1229 1844 lesen.
1268 1829 1310 1833 —
1344 1810 1486 1842 advent.
1520 1821 1674 1843 commo-

192 1857 283 1891 veri.
340 1859 421 1892 Liv.
453 1859 577 1898 XLII,
613 1869 644 1889 c.
680 1860 697 1891 l
731 1863 826 1900 sogt:
871 1865 956 1890 ante
991 1859 1090 1892 hunc
1123 1859 1183 1899 (L.
1217 1858 1448 1891 Postumium
1482 1857 1673 1897 Albinum)

193 1907 386 1939 consulem
412 1918 523 1939 nemo
557 1917 730 1950 umquam
762 1907 872 1938 sociis
907 1907 944 1938 in
977 1919 1048 1939 una
1079 1917 1120 1938 re
1155 1907 1259 1938 oneri
1292 1911 1355 1937 aut
1385 1907 1551 1951 sumptui
1586 1906 1672 1941 fuit.

194 1955 321 1998 Vergl.
350 1955 471 1990 Cicer.
501 1956 607 1988 Orat.
635 1954 771 1990 Manil,
807 1966 839 1987 c.
866 1955 904 1987 5:
939 1954 1122 1987 eiusmodi
1158 1954 1196 1986 in
1230 1953 1466 1996 provinciam
1500 1953 1675 1986 homines

191 2003 396 2044 mittimus,
423 2010 483 2043 ut,
509 2002 655 2036 etiamsi
682 2003 728 2034 ab
757 2002 865 2034 hoste
891 2002 1112 2039 defendant,
1150 2009 1276 2034 tamen
1302 2002 1470 2046 ipsorum
1498 2002 1673 2035 adventus

193 2050 229 2082 in
258 2052 369 2084 urbes
396 2052 586 2085 sociorum
618 2062 690 2082 non
724 2050 882 2083 multum
917 2052 963 2082 ab
1004 2051 1129 2083 hostili
1164 2050 1441 2094 expugnatione
1475 2050 1674 2091 differant,

192 2110 227 2131 u.
255 2100 302 2131 ad
329 2100 446 2133 Attic.
477 2102 523 2138 V,
561 2101 603 2135 16
640 2099 718 2140 (11,
753 2100 854 2140 208.)
882 2118 923 2122 —
950 2099 1055 2142 urbs,
1089 2110 1200 2144 qnam
1228 2098 1426 2135 advenisti,
1460 2117 1503 2122 —
1537 2099 1671 2137 domus,

191 2158 286 2191 quae
313 2153 350 2180 te
377 2148 540 2193 excepit.

287 2215 356 2248 111.
386 2217 435 2249 10.
468 2214 533 2247 has
560 2218 602 2247 te.
641 2213 702 2247 Sic
730 2214 845 2247 Oxon.
875 2216 906 2248 2.
941 2214 1107 2246 Andiros.
1138 2215 1170 2248 9.
1202 2215 1257 2247 10.
1311 2215 1407 2248 lens.
1434 2216 1538 2249 Mam.
1565 2213 1672 2247 hasce
1702 2233 1704 2235 >

190 2263 355 2304 (Med.?)
385 2264 529 2296 Victor.
560 2265 591 2296 1.
617 2264 650 2297 2.
688 2263 818 2296 Lamh.
849 2263 935 2295 Ern.
963 2262 1112 2295 Schiitz.
1143 2262 1229 2294 min.
1263 2281 1308 2286 —-—
1345 2274 1421 2296 esse
1446 2263 1669 2305 circumspic.

192 2312 310 2356 suppl.
342 2311 419 2343 tibi.
449 2331 489 2337 —
526 2311 710 2349 custodia,
745 2311 877 2344 Oblmt.
915 2330 955 2334 —
989 2314 1182 2353 praestare
1217 2310 1380 2355 aliquem
1413 2325 1461 2341 ἰ
1494 2312 1672 2354 praedem

192 2369 272 2392 esse
311 2371 379 2405 pro
412 2359 554 2403 aliquo,
600 2359 664 2390 fiir
700 2359 899 2391 leinanden
947 2358 1256 2390 verantwortlich
1292 2360 1383 2396 sein,
1418 2378 1461 2383 ——
1497 2358 1669 2400 ‹lig-nitar.

191 2417 296 2449 snae,
333 2407 402 2443 cd.
432 2408 546 2440 Oxon.
580 2408 611 2441 2.
639 2412 733 2441 tuae.
784 2409 869 2440 Non
901 2407 1011 2439 male.
1065 2407 1156 2439 Vide
1188 2418 1274 2439 mox
1307 2408 1353 2440 de
1390 2406 1576 2440 Gratidio.
1626 2425 1667 2430 —

191 2456 233 2488 L.
259 2456 386 2489 Aelius
413 2456 554 2488 Tubero
580 2466 650 2487 von
679 2453 813 2488 sriiher
850 2455 991 2503 Ingenti
1027 2466 1070 2486 nn
1109 2455 1177 2487 der
1204 2455 1389 2489 Cicerone
1423 2454 1670 2495 Hausfreund,

192 2503 258 2535 der
284 2504 562 2536 senatorischen
589 2503 713 2535 Partei
741 2504 944 2547 zugothan,
974 2504 1024 2535 im
1050 2503 1324 2547 Biirgerkriege
1350 2503 1534 2536 zwischen
1560 2503 1669 2534 Pom-

191 2552 296 2594 peius
323 2553 400 2584 und
430 2554 540 2585 C'zisar
566 2551 627 2584 ein
653 2550 861 2595 Anhanger
888 2551 950 2583 des
975 2553 1174 2592 Ersteren,
1211 2552 1300 2584 saud
1334 2551 1430 2585 nach
1462 2551 1528 2583 der
1554 2550 1668 2583 Phar—

192 2599 382 2632 salischen
415 2598 601 2633 Schlacht
631 2599 781 2638 Mittel‚
824 2599 910 2631 sich
942 2601 1013 2632 mil.
1046 2599 1261 2632 Lotzterem
1294 2599 1568 2634 auszus'dhnen,
1594 2599 1668 2630 und

193 2647 365 2680 widmete
394 2649 470 2680 sein
496 2649 645 2693 iibriges
671 2647 798 2680 Leben
832 2658 903 2679 von
931 2647 1074 2680 Neuem
1112 2648 1162 2680 im
1189 2648 1448 2681 Privalstande
1480 2647 1545 2679 der
1579 2648 1667 2678 Aus-

191 2695 385 2739 arbeitung
419 2697 523 2729 einer
556 2695 833 2732 Romisehcn
869 2693 1167 2736 Goschichto‚
1203 2707 1272 2730 von
1309 2696 1377 2730 der
1410 2696 1501 2729 aber
1531 2694 1668 2728 Nichts

188 2744 257 2775 nus
281 2754 343 2775 uns
376 2745 596 2787 gekommen
632 2745 692 2776 ist.
747 2745 780 2776 S
810 2743 947 2775 Gellius
982 2744 1054 2783 Vl,
1090 2745 1112 2776 3
1146 2745 1221 2777 und
1254 2746 1285 2778 sl.
1342 2745 1470 2779 Livius
1504 2742 1573 2782 IV,
1608 2744 1664 2777 23.
