1742 3006
591 52 904 98 EPISTOLA
935 52 1079 115 CXL.
1338 42 1340 44 ’
1471 47 1563 96 437

87 168 202 208 runt.
260 166 411 217 Quare
440 163 553 208 facis
582 167 631 206 tu
652 164 833 220 quidem
856 163 1071 216 fraterne,
1099 162 1218 219 quod
1247 175 1318 204 me
1346 160 1559 213 hortaris,

87 223 169 264 sed
208 222 464 264 mehercule
504 226 757 262 currentem
795 233 912 261 nunc
950 220 1157 273 quidem,
1206 222 1256 260 ut
1285 218 1435 260 omnia
1461 230 1561 258 mea

88 278 240 320 studia
267 279 313 318 in
343 278 478 318 istum
507 289 639 317 unum
669 274 910 325 conferam.
975 275 1076 329 Ego
1113 288 1221 316 vero
1255 274 1432 315 ardenti
1463 272 1582 326 qui-⁴

87 334 191 374 dem
219 333 370 375 studio
400 331 488 372 hoc
516 331 708 372 fortasse
740 330 956 382 efficiam,
985 329 1107 384 quod
1135 343 1267 383 saepe
1296 329 1561 379 viatoribus,

121 402 223 429 uum
251 391 507 442 properant,
536 387 709 428 evenitz
758 391 831 439 ut,
860 387 900 428 si
929 386 1098 438 serius,
1146 398 1278 438 quam
1307 386 1561 434 voluerunt,

87 403 206 485 iiorte
235 443 531 494 surrexerint,
560 442 865 497 properando,
910 442 1046 483 etiam
1075 440 1235 492 citius,
1277 454 1409 494 quam
1437 440 1476 481 si
1506 438 1562 479 de

88 503 219 540 nocte
246 499 534 552 vigilassent,
565 498 852 551 perveniant,
882 510 970 551 quo
998 496 1167 538 velint:
1196 496 1264 536 sic
1291 510 1390 549 ego,
1419 508 1558 550 quon·

88 556 178 596 iam
216 554 263 594 in
304 555 391 594 isto
431 552 613 594 homine
642 553 834 594 colendo
863 556 955 593 tam
984 551 1227 592 indormivi
1257 551 1360 603 diu,
1400 554 1444 592 te
1473 563 1563 591 me-

87 609 270 651 hercule
298 622 429 664 saepe
459 609 703 660 excitante,
733 622 865 649 cursu
895 608 1118 661 corrigam
1147 606 1432 659 tarditatem,
1470 609 1564 646 tum

88 665 231 720 equiS,
262 669 356 706 tum
385 678 493 706 vero
522 686 576 693 —
605 664 815 719 quoniam
835 663 995 704 scribis
1018 664 1175 716 poema
1197 663 1251 703 ab
1281 676 1333 703 eo
1364 665 1564 703 nostrum

87 721 270 775 probari
298 743 352 749 —
381 719 615 775 quadrigis
644 720 850 774 poeticis.
918 719 1057 760 Modo
1096 717 1210 758 mihi
1249 717 1354 759 date
1383 717 1563 758 Britan-

87 777 224 828 niam,
266 788 398 829 quam
428 776 609 830 pingam
638 775 864 816 coloribus
894 775 999 826 tuis,
1029 774 1245 827 penicillo
1275 787 1388 814 meo.
1473 770 1565 813 Sed

86 831 196 886 quid
225 831 335 885 ago?
365 830 485 885 quod
514 829 630 871 mihi
658 834 855 884 tempus,
890 829 1063 871 Romae
1092 829 1374 883 praesertim,
1400 830 1452 869 ut
1479 828 1566 868 iste

86 901 160 928 me
197 889 350 941 rogat,
408 885 630 936 manenti,
686 898 874 926 vacuum
923 884 1198 926 ostenditur?
1255 883 1346 926 Sed
1393 882 1566 925 videro.

85 944 299 986 Fortasse
328 940 460 994 enim,
495 944 546 982 ut
573 939 643 992 fit,
670 940 824 982 vincet
851 944 953 981 tuus
983 953 1109 981 amor
1137 953 1288 981 omnes
1318 937 1567 979 difficulta-

88 1003 171 1040 tes.
231 997 496 1039 Trebatium
525 996 645 1051 quod
674 995 731 1037 ad
761 1009 808 1037 se
837 995 1063 1048 miserim,
1109 995 1307 1049 persalse
1337 998 1383 1035 et
1411 993 1566 1034 huma-

85 1054 207 1096 niter
236 1053 371 1094 etiam
400 1052 570 1107 gratias
598 1050 714 1092 mihi
742 1051 851 1105 agit.
909 1050 1057 1105 Negat
1078 1051 1197 1091 enim
1225 1050 1273 1091 in
1301 1052 1427 1091 tanta
1454 1049 1568 1089 mul-

87 1108 284 1150 titudine
314 1121 491 1160 eorum,
540 1107 618 1161 qui
647 1120 736 1148 una
764 1109 942 1159 essent,
985 1119 1252 1160 quemquam
1279 1104 1446 1158 fuisse,
1491 1104 1570 1159 qui

88 1164 396 1207 vadimonium
436 1164 674 1217 concipere
723 1165 886 1216 posset.
966 1161 1030 1203 M.
1083 1162 1245 1202 Curtio
1293 1162 1569 1202 tribunatum

89 1221 144 1262 ab
174 1234 226 1262 eo
256 1219 422 1274 petivi,
460 1241 516 1248 —
543 1231 645 1258 nam
675 1217 903 1258 Domitius
942 1229 989 1257 se
1020 1216 1222 1257 derideri
1251 1220 1474 1270 putasset,
1530 1216 1569 1256 si

89 1279 209 1318 esset
237 1289 264 1316 a
292 1288 361 1315 me
392 1277 596 1327 rogatus:
647 1272 735 1314 hoc
764 1274 882 1313 enim
920 1276 988 1313 est
1017 1273 1113 1313 eius
1143 1272 1475 1326 quotidianum,
1522 1284 1569 1311 se

91 1345 148 1374 ne
177 1331 403 1372 tribunum
431 1329 629 1371 militum
657 1328 839 1384 quidem
869 1327 1044 1372 faceret
1075 1328 1211 1371 etiam
1240 1328 1288 1369 in
1317 1330 1474 1369 senatu
1503 1326 1570 1367 lu-

188 1488 224 1522 2.
250 1486 313 1520 sed
336 1511 344 1519 .
371 1511 380 1520 .
407 1511 416 1520 .
443 1490 646 1520 currentem
669 1494 761 1518 nunc
786 1485 938 1529 quidem,
965 1484 1083 1528 mich,
1113 1485 1182 1518 der
1205 1486 1271 1519 ich
1297 1486 1438 1520 iedoch
1456 1485 1570 1520 sehon

94 1535 147 1569 im
173 1536 298 1568 vollen
323 1534 442 1568 Lause
467 1546 559 1572 war!
582 1534 660 1566 also
687 1534 821 1567 Deines
849 1535 999 1569 Zurufs:
1036 1533 1153 1567 Lause
1179 1533 1298 1568 doch!
1324 1535 1434 1568 nicht
1459 1533 1570 1568 mehr

93 1583 281 1617 bedun-ste.
306 1601 353 1608 —
387 1583 431 1616 de
453 1586 574 1624 nocte,
616 1581 716 1614 noch
742 1582 803 1615 bei
827 1582 967 1616 Nacht.
1018 1582 1053 1615 S.
1077 1581 1232 1616 Ramsh.
1258 1583 1292 1625 §.
1319 1584 1397 1621 147,
1424 1583 1458 1617 2.
1507 1581 1571 1615 Sic

93 1631 178 1667 Md.
213 1632 331 1665 Oxon.
374 1632 407 1666 2.
447 1630 535 1663 Cdd.
577 1630 735 1674 Malasp.
770 1636 806 1662 et
844 1633 948 1663 Bent.
983 1630 1082 1662 vict.
1120 1632 1151 1664 1.
1184 1632 1217 1664 2.
1252 1631 1294 1663 de
1323 1632 1437 1664 multa
1469 1635 1571 1662 nocte

93 1681 232 1722 (Oxou.
269 1677 346 1722 1.?)
380 1680 479 1713 Crat.
513 1679 615 1712 Man.
650 1678 779 1712 Lamb.
813 1678 899 1711 Ern.
936 1678 1026 1715 Sch.
1050 1679 1150 1712 Li’m.
1175 1678 1370 1711 ORELLI.
1403 1696 1447 1702 —-
1473 1677 1571 1720 vigi-

96 1730 240 1762 lassent.
274 1726 403 1760 Lamb.
441 1726 678 1769 evigilassem
710 1725 757 1758 de
788 1724 966 1773 Stephan.
1000 1737 1096 1771 susp.
1130 1726 1237 1771 prob.
1278 1727 1483 1760 Burmann.
1525 1725 1570 1758 ad

99 1777 241 1812 Sueton,
273 1776 373 1817 Aug.
409 1785 438 1808 c.
467 1777 523 1809 78.
559 1772 752 1808 ORELLI.
787 1793 828 1799 -
871 1774 1037 1818 quoniam
1063 1799 1072 1808 .
1101 1798 1109 1806 .
1137 1798 1145 1807 .
1175 1777 1248 1807 tam
1275 1774 1466 1809 indormivi
1499 1773 1570 1813 diu,

96 1824 182 1857 weil
212 1823 274 1856 ich
307 1834 347 1856 so
377 1822 471 1856 viele
505 1821 823 1866 Gelegenheiten,
873 1822 980 1855 mich
1024 1832 1085 1856 um
1118 1821 1245 1855 diesen
1280 1822 1569 1856 vortrefflichen

97 1874 214 1906 Mann
248 1871 424 1905 verdient
457 1881 502 1903 zu
533 1870 714 1911 machon,
748 1870 982 1903 verschlafen
1007 1869 1116 1903 habe.
1141 1888 1188 1894 —-
1225 1874 1259 1902 te
1286 1896 1294 1904 .
1323 1896 1330 1904 .
1359 1893 1368 1903 .
1394 1870 1575 1903 excitante

100 1935 147 1952 z
173 1920 344 1966 quamvis
368 1925 408 1953 tu
436 1930 497 1951 me
522 1919 728 1961 excitares,
754 1918 925 1962 obgleich
952 1918 1014 1952 bei
1040 1918 1152 1952 Gott!
1190 1918 1251 1951 Du
1276 1917 1381 1951 mich
1409 1919 1465 1951 oft
1491 1919 1572 1950 auf-

99 1968 302 2002 riitteltest.
330 1986 370 1991 —
425 1967 619 2009 corrigere
644 1976 750 1999 cursu
777 1967 893 2006 tard.,
922 1966 982 2001 die
1010 1967 1252 2011 Verspiitung
1278 1966 1396 1999 durch
1423 1965 1574 1999 rasche-

99 2028 164 2049 ren
195 2016 295 2050 Lauf
326 2014 571 2059 einbringen‚
613 2014 672 2048 die
698 2014 952 2047 Versaumniss
977 2015 1199 2048 nachholen.
1227 2032 1270 2038 -
1301 2017 1439 2057 po‘e‘ma.
1490 2014 1572 2058 Vgl.

100 2075 157 2110 ep.
192 2064 282 2097 CVI.
318 2074 354 2096 u.
390 2062 463 2096 bes.
492 2059 666 2105 CXLVI,
699 2064 754 2096 11.
782 2074 817 2097 u.
845 2063 984 2097 CLVII
1007 2074 1046 2099 u.
1078 2062 1202 2096 cle.
1263 2062 1465 2095 Vielleicht
1499 2073 1573 2095 war

103 2124 141 2145 es
175 2112 240 2144 das
271 2111 369 2143 &fter
405 2110 595 2143 erwahnte
628 2109 795 2143 Gedicht
826 2109 872 2144 de
903 2110 1138 2155 temporibus
1162 2108 1250 2144 suis.
1300 2108 1336 2145 S.
1363 2122 1419 2155 ep.
1445 2110 1573 2153 XXIV,

103 2163 158 2195 10.
191 2158 307 2193 XLIX
342 2170 400 2191 am
434 2158 554 2192 Ende.
595 2157 746 2192 CXVII.
773 2176 816 2182 —
848 2158 1106 2200 Britanniam,
1140 2169 1200 2190 res
1227 2169 1248 2190 a
1273 2158 1429 2193 Caesare
1454 2166 1574 2203 gestas

101 2209 140 2241 in
167 2207 368 2242 Britannia.
394 2224 440 2230 -—
465 2207 579 2240 color.
607 2206 698 2246 tuis,
723 2206 937 2239 narratione
964 2215 1023 2239 tua
1049 2206 1093 2238 de
1119 2206 1286 2239 Caesaris
1310 2207 1422 2240 rebus
1448 2208 1574 2252 gestis,

103 2268 197 2301 quae
223 2256 294 2289 erit
317 2254 502 2300 poematis
527 2255 693 2288 materia.
719 2255 829 2289 8011.
854 2273 897 2279 —
925 2258 1003 2288 tuus
1028 2265 1141 2296 conor,
1166 2266 1270 2287 amor
1296 2255 1363 2289 tui.

195 2329 233 2364 3.
267 2326 487 2360 Trebatium.
535 2325 570 2361 S.
611 2337 673 2371 ep.
708 2326 909 2359 CXXXIII.
946 2327 1120 2361 CXXXV.
1156 2327 1347 2359 CXXXVI.
1385 2327 1574 2363 CXXXIX.

102 2395 142 2402 —
172 2375 354 2420 persalse,
390 2375 454 2407 auf
479 2373 562 2407 eine
586 2374 784 2408 drollichte
808 2373 887 2407 Art.
914 2393 961 2398 —-
994 2385 1086 2416 una,
1121 2385 1184 2407 um
1209 2375 1296 2416 ihn,
1323 2374 1384 2407 hei
1409 2375 1501 2409 ihm.
1532 2394 1568 2399 ——

106 2425 166 2467 qui
190 2424 270 2457 rad.
297 2433 325 2455 c.
351 2423 485 2466 possit,
531 2422 596 2455 der
631 2423 695 2455 das
721 2423 916 2456 leichteste
942 2422 1193 2467 gerichtliche
1219 2422 1417 2455 Formular
1441 2423 1570 2455 auszu*

104 2479 230 2505 setzen
256 2470 489 2504 vermeschte.
514 2471 754 2503 vadimonium
780 2471 987 2514 eigentlich
1014 2470 1074 2502 die
1100 2470 1217 2503 durch
1236 2470 1467 2514 Burgschart
1492 2473 1569 2516 (peu

106 2519 217 2552 vades
250 2519 339 2552 oder
374 2518 470 2551 datis
502 2518 678 2559 vadibus)
710 2519 899 2551 bewahrte
925 2518 1223 2564 Versichemng‚
1256 2528 1321 2551 vor
1348 2518 1506 2552 Gericht
1531 2531 1575 2552 zu

107 2567 348 2606 “schamem
384 2567 459 2599 also
485 2567 563 2599 vad.
590 2576 687 2599 conc.
714 2567 798 2599 eine
824 2566 954 2600 solche
980 2566 1225 2609 Angelobung
1250 2566 1469 2600 sclnristlich
1496 2569 1574 2600 aus—

106 2620 242 2653 semen,
270 2615 328 2646 ein
354 2614 551 2647 Fon-mular
576 2614 642 2647 der
667 2615 734 2646 Art
760 2616 933 2651 macheu,
963 2633 1004 2638 --
1040 2615 1094 2647 JW.
1123 2613 1250 2646 Curtio
1278 2613 1489 2655 (Postumo).
1541 2617 1573 2648 S.

106 2675 165 2707 ep.
190 2661 354 2701 CXLVI,
379 2663 402 2696 3
428 2674 460 2694 u.
485 2663 594 2695 efter.
627 2662 812 2703 tribunat„
840 2663 900 2696 dio
926 2663 1037 2696 sicne
1064 2662 1166 2694 cinos
1190 2661 1374 2693 Tribunus
1400 2664 1562 2696 militum

107 2728 151 2735 -——
178 2709 363 2744 Domitius
411 2709 679 2744 Ahenobarbus
730 2713 870 2751 consul,
922 2710 1087 2746 Caesaris
1136 2708 1377 2743 adversarius.
1415 2730 1460 2735 ——
1507 2713 1577 2755 son
