1742 3006
578 45 893 89 EPISTOLA
923 46 1026 90 LII.
1449 49 1542 97 225

51 160 341 205 vantissimus
382 161 428 201 et
466 159 535 200 sui
576 159 691 201 iuris
732 159 1062 215 dignitatisque
1102 159 1301 202 retinens
1344 175 1391 203 se
1423 163 1539 217 apud

33 223 96 269 *te
127 232 269 273 neque
300 216 502 258 amicitia
531 229 615 257 nec
644 217 741 256 iure
771 215 994 257 valuisse:
1047 222 1105 269 et,
1151 222 1200 258 ut
1230 219 1404 273 opinor,
1436 221 1541 260 Fla-

49 275 116 316 vii
145 273 390 329 aliquando
428 285 522 313 rem
561 277 607 313 et
637 272 882 327 Pompeius
913 277 959 313 et
990 272 1158 313 Caesar
1194 274 1277 315 tibi
1318 288 1541 316 commen-

50 331 237 372 darunt:
286 334 332 371 et
370 330 467 383 ipse
513 328 570 369 ad
615 333 659 370 te
702 330 947 383 scripserat
977 328 1163 369 Flavius
1203 336 1248 371 et
1287 344 1370 386 ego
1402 337 1539 373 certe.

50 387 204 437 Quare
241 386 280 426 si
320 385 417 425 ulla
457 397 527 424 res
557 389 648 436 est,
700 398 832 439 quam
862 385 945 425 tibi
975 397 1046 424 me
1077 383 1331 427 faciendam
1362 393 1541 442 petente

51 449 206 497 putes,
236 441 350 482 haec
380 453 433 482 ea
461 440 533 481 sit.
593 439 642 481 Si
672 455 742 481 ine
774 454 921 493 amas,
952 452 1085 492 cura,
1117 441 1323 495 elabora,
1354 444 1540 497 perfice,

50 504 100 540 ut
129 498 315 540 Flavius
356 500 402 537 et
441 497 528 537 tibi
568 500 615 538 et
652 497 767 537 mihi
807 501 939 552 quam
968 497 1190 537 maximas
1221 500 1391 551 gratias
1423 506 1538 551 agat.

50 554 153 596 Hoc
191 559 234 595 te
272 553 339 593 ita
378 566 514 607 rogo,
566 557 615 594 ut
645 555 816 594 maiore
857 552 1009 594 studio
1042 565 1201 607 rogare
1242 568 1327 594 non
1360 557 1539 608 possim.

160 608 242 650 IV.
275 608 410 658 Quod
441 608 497 649 ad
529 622 598 650 me
630 609 685 649 de
718 610 907 651 Hermia
936 609 1113 661 scribis,
1143 609 1258 649 mihi
1281 611 1608 657 mehercule12

47 665 181 707 valde
211 665 449 706 molestum
480 664 582 707 suit.
641 666 822 706 Literas
847 666 901 706 ad
929 670 973 706 te
1006 679 1161 719 parum
1195 666 1394 707 fraterne
1429 671 1540 709 scri-

46 735 245 777 pseram:
277 734 385 776 quas
408 723 612 762 oratione
630 722 838 772 Diodoti,
870 722 1055 762 Luculli
1082 722 1249 769 liberti,
1278 731 1541 776 commotus,

45 778 103 819 de
142 778 352 832 pactione
393 778 549 818 statim
591 778 713 832 quod
755 778 1014 829 audieram,
1054 778 1316 820 iracundius
1348 782 1541 835 scripse-

46 848 143 875 ram
165 839 210 874 et
238 846 449 874 revocare
471 835 716 888 cupiebam.
758 834 879 874 Huic
899 839 946 875 tu
968 834 1188 889 epistolae
1221 849 1308 875 non
1341 837 1540 878 fraterne

46 891 244 944 scriptae
267 889 465 930 fraterne
487 890 622 930 debes
644 891 890 943 ignoscere.
942 890 1013 931 De
1036 890 1300 943 Censorium
1326 893 1538 945 Antonio,
1558 898 1609 938 13

45 945 480 998 Cassiis,Scaevola,
505 952 548 987 te
572 948 625 987 ab
649 947 705 987 iis
725 946 928 1001 diligi—
950 947 1544 990 utscribis——wehementer

45 1002 232 1056 gaudeo.
284 1002 449 1042 Cetera
474 1001 656 1042 fuerunt.
678 1003 725 1043 in
748 1004 906 1044 eadem
930 1002 1124 1056 epistola
1154 1005 1379 1056 graviora,
1412 1019 1542 1059 quani

44 1058 231 1101 vellem:
260 1056 393 1107 ὀρθάν
419 1060 495 1098 τάν
520 1063 617 1099 ναῦν
644 1063 689 1100 et
718 1058 825 1102 ἅπαξ
852 1063 1005 1098 θανεῖν.
1069 1057 1248 1100 Maiora
1279 1061 1369 1102 ista
1399 1066 1544 1103 erunt.

45 1215 161 1250 tione.
192 1215 389 1250 ORELLI.
422 1234 468 1241 —
518 1217 575 1249 sui
600 1216 695 1249 iuris
721 1216 983 1260 dignitatisque
1008 1217 1178 1258 retinens,
1207 1215 1273 1249 der
1298 1216 1426 1249 seharf
1453 1218 1547 1251 iiber

44 1265 164 1298 seiner
197 1265 343 1299 Wiirde
376 1277 412 1298 u.
449 1265 543 1298 iiber
578 1266 716 1298 seinem
755 1266 903 1299 Rechte
941 1266 1032 1298 halt.
1091 1266 1127 1299 S.
1154 1265 1311 1298 Ramsh.
1345 1267 1372 1307 ξ).
1405 1268 1482 1306 107,
1510 1268 1543 1300 4.

45 1313 196 1347 Grotef.
224 1313 256 1356 ᾖ.
285 1314 366 1354 244,
384 1314 474 1346 4.-
496 1323 561 1345 nec
585 1314 678 1354 iure,
706 1313 808 1346 noch
837 1324 909 1346 von
938 1313 1223 1357 Rechtswegen.
1253 1331 1297 1335 —
1326 1323 1396 1353 ego
1432 1319 1543 1356 certe,

43 1361 106 1394 ich
135 1360 200 1393 auf
224 1361 333 1407 ieden
362 1361 453 1399 Fall,
480 1361 560 1394 dess
587 1361 652 1394 bin
678 1362 740 1394 ich
768 1361 911 1406 gewisc.
941 1381 986 1386 -
1013 1373 1069 1394 me
1097 1387 1104 1396 .
1135 1386 1142 1394 .
1169 1364 1322 1404 petente,
1350 1361 1416 1393 anf
1440 1363 1542 1395 mein

44 1409 183 1444 Bitten.
236 1403 339 1444 Uber
372 1409 444 1442 den
480 1409 594 1444 ablat.
635 1408 749 1443 absol.
784 1420 811 1443 s.
848 1411 1002 1443 Rarnsh.
1030 1412 1059 1454 §.
1087 1412 1174 1451 171,
1203 1409 1263 1446 11,
1290 1411 1334 1445 Β.
1388 1410 1541 1444 Grotef.

44 1459 66 1502 ἕ
142 1507 203 1539 lv,
240 1506 293 1540 12.
330 1504 485 1538 Hermia
523 1515 550 1538 s.
588 1505 758 1538 Hermias
793 1518 918 1539 servus
953 1505 1162 1540 Ciceronis.
1214 1525 1258 1530 -—
1309 1506 1544 1550 scripseram,

44 1554 150 1587 Crat.
178 1554 311 1587 Lamb.
340 1553 638 1594 conscripseram.
667 1574 708 1578 —
737 1555 985 1598 depactione.
1037 1555 1110 1586 Dio
1128 1554 1264 1593 Sat-he,
1293 1566 1425 1588 wovon
1456 1556 1541 1588 hier

45 1602 202 1646 geredet
229 1600 346 1640 wird,
393 1601 442 1634 ist
476 1601 706 1636 unbekannt.
741 1621 785 1627 ——
820 1604 938 1636 statim
975 1603 1143 1646 qnod:
1178 1602 1343 1646 sogleich
1380 1605 1440 1637 als.
1493 1605 1540 1638 So

43 1652 198 1683 Terent.
218 1651 352 1684 Heaut.
372 1649 404 1690 I,
434 1653 466 1690 l,
494 1650 535 1683 2.·
561 1649 654 1691 inde,
684 1652 786 1694 quod,
813 1663 884 1683 von
915 1651 982 1683 der
1009 1652 1104 1689 Zeit,
1132 1651 1233 1691 dass3
1261 1651 1418 1684 seitdem
1443 1653 1540 1686 dass.

43 1694 164 1732 P‘laut.
198 1698 335 1743 Amph.
365 1698 395 1741 1,
424 1701 456 1737 1,
489 1698 575 1732 146:
611 1699 671 1731 (liu
698 1703 768 1738 est,
800 1700 894 1742 qnod
926 1701 1067 1733 victum
1105 1710 1175 1731 non
1205 1699 1314 1732 datis.
1343 1701 1440 1734 Plin.
1468 1701 1540 1745 Ep,

44 1748 111 1790 lV,
140 1749 203 1783 27:
241 1747 375 1780 tertius
408 1746 486 1781 dies
522 1755 602 1786 est,
628 1748 736 1790 quod,
765 1748 937 1781 seitdem.
993 1748 1074 1791 Vgl.
1102 1747 1253 1781 Ranish.
1284 1747 1316 1790 ς.
1351 1750 1426 1783 152.
1453 1751 1540 1782 Not.

46 1798 79 1837 1,
106 1807 139 1830 e.
176 1814 218 1819 —
270 1805 443 1828 revocare
475 1794 672 1828 tabellario
699 1796 776 1829 iam
803 1797 924 1840 datas,
960 1807 1006 1830 ne
1032 1796 1102 1829 tibi
1130 1796 1167 1829 in
1197 1808 1328 1829 manus
1354 1799 1541 1835 venirent.

44 1861 91 1870 —
118 1843 274 1877 Luculli.
327 1844 362 1877 S.
390 1854 447 1888 ep.
475 1843 519 1880 X.
551 1844 584 1876 5.

144 1894 196 1926 13.
225 1892 282 1925 De
306 1905 355 1922 Ξ
383 1903 454 1924 was
480 1893 642 1934 anlangt,
677 1891 833 1925 betrifft.
894 1893 944 1926 Es
974 1892 1106 1941 folgen
1134 1893 1276 1926 Namen
1303 1905 1374 1925 von
1398 1896 1539 1927 Freun-

45 1940 118 1973 den
146 1940 209 1973 des
235 1939 404 1982 Quintus.
433 1957 473 1963 —
511 1940 662 1973 Cassiis.
716 1940 778 1974 Sic
812 1940 894 1975 Md.
924 1941 1043 1974 Oxon.
1073 1944 1103 1975 ,1.
1129 1943 1194 1982 (2).
1222 1942 1320 1975 Vict.
1348 1943 1380 1975 2.
1411 1942 1540 1975 Cassio

46 1989 142 2023 Cett.
180 2008 223 2013 —
275 1989 460 2023 Scaevola.
487 1989 530 2034 Q.
557 1988 705 2023 Mucius
731 1989 910 2023 Scaevola
938 1990 982 2035 Q.
1010 1991 1050 2023 F.
1079 1990 1122 2035 Q.
1150 1991 1194 2023 N.
1222 1996 1276 2023 est
1303 1990 1399 2034 apud
1432 1991 1542 2024 Cice-

43 2048 178 2070 ronem
201 2037 239 2069 in
267 2037 471 2082 provincia.
525 2056 568 2061 --
620 2037 658 2070 in
691 2039 816 2071 eadem
850 2038 1026 2082 epistola,
1055 2050 1127 2082 qua
1156 2039 1314 2083 Quintus
1341 2050 1377 2071 se
1404 2041 1539 2073 IWarco

43 2086 157 2118 fratri
184 2092 372 2131 purgarat.
399 2104 444 2109 —
469 2086 662 2127 grarima,
692 2097 796 2129 quam
824 2087 965 2119 vellem.
1025 2088 1086 2119 Ait
1125 2086 1242 2133 igitur
1270 2087 1404 2121 Cicero
1431 2089 1540 2122 illum

44 2135 195 2178 aegrius
233 2134 509 2178 obiurgationes
548 2145 630 2166 suas
664 2135 791 2167 tulisse
825 2146 961 2180 easque
994 2135 1236 2179 gravioribus
1277 2136 1401 2170 verbis
1435 2143 1540 2170 retu-

45 2181 152 2221 disse,
180 2194 291 2227 quani
318 2182 441 2217 vellet.
493 2182 649 2227 Quintus
676 2183 778 2216 enim
805 2183 965 2217 Graecis
990 2184 1066 2217 iuis
1093 2182 1294 2225 versiculis,
1323 2197 1412 2230 quas
1432 2187 1539 2219 Mar-

45 2241 113 2265 cus
138 2237 288 2264 tantum
315 2242 393 2264 nou
421 2231 591 2275 attingit,
631 2231 668 2263 iu
701 2231 766 2265 illa
800 2231 961 2278 epistola
988 2243 1074 2265 usus
1102 2232 1384 2277 obiurgationes
1410 2234 1541 2267 fratris

45 2279 118 2313 sibi
144 2278 423 2313 molestissimas
449 2280 566 2313 fuisse
594 2280 822 2314 ostenderat.
853 2299 894 2303 —
923 2277 1077 2326 ὀρθὰν
1102 2278 1178 2314 τάν
1203 2279 1328 2315 ναῦν.
1379 2283 1538 2315 Desum-

44 2333 108 2373 pta
133 2334 222 2362 sunt
248 2327 343 2362 haec
368 2328 482 2361 verba
507 2339 550 2360 ex
578 2328 725 2373 Graeca
761 2329 946 2363 sententia
977 2329 1136 2369 (veteris
1164 2330 1361 2375 scriptoris
1395 2331 1539 2364 Teletis

44 2387 103 2420 ap.
138 2376 339 2410 stobaeum
374 2388 407 2410 c.
443 2377 539 2419 106.)
574 2375 613 2409 εὐ
639 2376 748 2418 ἴσθι,
792 2374 998 2418 Ποσειδᾶν,
1035 2374 1088 2411 ὅτι
1113 2374 1239 2423 ὀρθὰν
1265 2377 1328 2412 τὰν
1356 2376 1446 2412 ναῦν
1472 2391 1538 2411 κα-

44 2420 213 2465 ταδώσω,
255 2436 347 2470 quae
373 2426 507 2458 Latine
534 2425 668 2470 legitur
693 2426 792 2472 apud
819 2425 1001 2459 Senecam
1030 2438 1088 2472 ep.
1125 2427 1186 2461 85:
1238 2428 1414 2470 Neptune,
1448 2438 1539 2460 nun-

46 2481 151 2514 quam
175 2471 266 2505 lianc
292 2484 415 2507 navem
441 2472 515 2507 nisi
540 2478 688 2507 rectam.
740 2475 900 2508 Scilicet
925 2482 1008 2508 sunt
1036 2475 1129 2508 boni
1157 2476 1442 2520 gubernatoris,
1476 2478 1538 2521 qni

45 2520 217 2564 Neptuno
241 2520 438 2555 denuntiat
464 2533 501 2555 se
527 2523 584 2555 vel
611 2523 772 2556 maxima
800 2530 1022 2570 tempestate
1061 2534 1194 2557 navem
1222 2530 1326 2556 recte
1352 2524 1539 2568 guberna-

44 2573 185 2601 turum.
238 2570 317 2603 Hoe
353 2571 458 2604 dicto
493 2569 649 2612 Quintus
684 2583 765 2605 usus
799 2579 899 2613 erat,
934 2579 994 2615 ut,
1023 2573 1205 2617 quicquid
1232 2571 1278 2603 de
1305 2583 1341 2603 se
1367 2573 1539 2607 malevoli

46 2616 291 2655 mentiantur,
334 2629 372 2652 se
406 2625 529 2651 tamen
568 2620 800 2663 provinciam
833 2627 936 2654 recte
962 2621 1311 2653 administraturum
1338 2622 1537 2665 profitere-

47 2670 117 2701 tur.
152 2657 369 2699 SCHUTZ.
409 2666 674 2703 uv‘JELAND.
712 2687 756 2694 -
805 2664 922 2708 ἅπαξ
955 2669 1129 2703 θανεῖν
1170 2679 1213 2701 ex
1239 2668 1419 2715 Aeschyli
1446 2673 1537 2705 Pro-

45 2712 161 2746 meth.
188 2714 315 2746 vincto
338 2726 367 2746 v.
393 2717 484 2749 749:

111 2793 173 2818 cic.
191 2792 293 2819 nriete
314 2801 342 2819 v.
362 2792 486 2819 muerh.
507 2795 531 2818 ι.
1081 2770 1138 2812 15
