1742 3006
160 80 254 128 538
443 80 503 121 Μ.
534 82 589 122 T.
623 77 961 121 ClCERONIS
992 77 1362 122 E'PISTOLAE.

161 194 281 235 facta
309 192 550 243 diceretur,
582 191 753 244 prolata
782 203 808 230 a
828 190 1038 231 Memmio
1064 193 1130 231 est
1150 190 1394 230 nominibus
1426 188 1629 239 inductis,

160 254 340 291 auctore
378 247 607 300 Pompeio.
689 246 778 287 Hic
815 246 981 301 Appius
1021 250 1115 286 erat
1152 246 1282 286 idem.
1365 243 1489 285 Nihil
1528 256 1631 285 sane

160 306 366 347 iacturae.
443 303 683 344 Corruerat
733 302 865 355 alter,
914 306 960 343 et
997 301 1149 356 plane,
1198 301 1399 355 inquam,
1446 299 1645 341 iacebat..

160 360 396 403 Memmius
425 363 595 410 autem,
626 358 846 412 dirempta
874 357 1065 398 coitione
1094 357 1232 398 invito
1262 356 1472 407 Calvino,
1501 356 1631 410 plane

160 417 420 463 refrixerat3
469 420 512 456 et
552 428 603 456 eo
643 415 781 468 magis
818 426 933 454 nunc
971 413 1167 467 cogitare
1213 413 1500 458 dictaturam,
1537 415 1628 451 tum

161 485 290 515 ruere
319 471 487 512 iustitio
519 475 561 511 et
591 471 781 511 omnium
810 482 956 509 rerum
986 469 1176 509 licentia.
1244 468 1455 522 Perspice
1482 466 1630 520 aequi-

160 533 295 569 tatem
325 528 461 568 animi
498 527 583 566 mci
622 531 665 566 et
702 524 851 566 ludum
889 529 932 565 et
972 525 1340 577 contemptionem
1385 522 1631 563 Selicianae

161 583 316 625 unciae.
345 587 389 624 et
418 582 666 623 mehercule
697 595 796 622 cum
825 581 1014 623 Caesare
1034 581 1335 622 suavissimam
1360 579 1631 619 coniunctio-

160 701 300 735 sulibus
323 701 444 734 erat.“
472 699 699 733 ERNESTI.
726 718 773 724 —
799 700 931 734 nomin.
957 698 1132 739 inductis,
1160 709 1180 730 e
1199 697 1330 731 codice
1349 696 1492 731 deletis.
1520 697 1631 731 COR-

158 749 283 784 RAD.
310 759 351 783 so
377 749 475 792 legte
500 748 699 782 Memmius
724 748 793 780 den
820 747 1082 781 schriftlichen
1110 748 1267 790 Vertrag
1293 746 1362 778 mit
1386 746 1481 778 allen
1506 746 1632 778 seinen

160 798 319 844 Belegen
345 796 429 830 dem
455 797 587 829 Senate
614 807 689 828 vor.
721 796 984 830 WIELAND.
1011 814 1054 820 --
1081 798 1228 827 auctore
1256 793 1315 836 P.,
1348 792 1445 827 Alles
1470 794 1537 826 auf
1561 795 1632 826 An-

162 846 292 880 stiften
319 844 381 877 des
408 844 617 889 Pompeius.
646 862 688 868 —
724 843 795 877 Hic
830 844 978 888 Appius
1010 847 1088 876 erat
1118 843 1224 883 idem,
1259 841 1418 886 Appius,
1451 841 1517 874 der
1551 841 1633 873 eine

162 894 322 935 Consul,
350 892 449 926 blieb
475 893 581 925 dabei
610 892 676 925 der
701 892 792 935 alte,
826 892 891 925 der
917 891 1047 939 vorige
1073 891 1106 923 d.
1132 892 1159 925 i.
1186 902 1226 922 er
1252 902 1330 923 war
1354 889 1473 923 sehon
1498 889 1632 922 vorlier

161 943 339 976 verrufen
364 941 439 974 und
464 940 694 973 verachtlich
726 951 865 985 genug3
901 940 1005 973 hatte
1039 939 1115 972 also
1149 938 1257 971 dabei
1291 950 1334 970 an
1370 938 1469 972 Elire
1502 937 1633 971 Nichts

160 991 268 1026 mehr
292 1001 337 1023 zu
363 989 559 1022 verliereu.
608 990 753 1023 Manut.
782 988 927 1022 erkla'rt
951 999 1023 1021 non
1050 987 1356 1020 commovebatur
1370 987 1496 1019 animo
1523 997 1564 1018 ex
1591 996 1634 1018 ea

159 1038 410 1085 turpitudine,
437 1036 498 1069 die
523 1036 829 1070 Schandlichkeit
853 1036 916 1069 des
944 1037 1121 1080 Vertrags
1146 1035 1277 1068 riihrte
1302 1035 1364 1066 ihn
1391 1034 1517 1074 nicht,
1550 1033 1635 1066 weil

161 1099 202 1121 er
228 1086 338 1119 dabei
363 1085 494 1119 Nichts
522 1097 567 1118 zu
594 1086 779 1118 verlieren
807 1084 913 1117 hatte
938 1083 1012 1116 und
1040 1095 1083 1116 an
1110 1082 1240 1116 solche
1255 1081 1634 1116 Abscheulichkeiten

162 1134 339 1183 gewohnt
365 1145 452 1167 war.
477 1151 525 1156 —
557 1133 656 1166 alter
679 1132 869 1166 Domitius
893 1131 1162 1166 Ahenobarbus
1193 1130 1378 1164 iacturam
1410 1130 1528 1164 omnis
1561 1129 1633 1162 exi-

161 1181 384 1218 stimationis
408 1180 587 1216 faciebat.
615 1180 846 1214 ERNESTI.

256 1250 291 1284 3.
316 1247 497 1292 dirempta
518 1246 694 1288 coitione,
731 1247 831 1291 quod
856 1247 965 1281 istam
991 1246 1194 1281 coitionem
1221 1246 1338 1280 invito
1365 1245 1439 1282 Gn.
1466 1244 1636 1279 Domitio

163 1297 318 1332 Calvino
343 1294 592 1340 competitore
618 1294 839 1337 diremerat,
867 1307 982 1339 quum
1006 1296 1191 1340 prolatam
1206 1294 1419 1340 pactionem
1443 1294 1482 1327 in
1508 1299 1637 1327 senatu

161 1345 367 1380 recitasset.
394 1343 503 1377 SGH.
530 1343 569 1378 S.
596 1353 654 1388 ep.
681 1344 841 1382 CXLVI,
869 1345 925 1378 16.
951 1362 996 1368 —-
1030 1343 1199 1386 cogitare
1223 1342 1462 1384 dictaturam,
1493 1352 1567 1374 non
1593 1347 1637 1374 ut

162 1394 243 1440 ipse
267 1392 476 1437 acciperet,
504 1391 565 1425 sed
591 1397 632 1424 ut
652 1391 868 1437 Pompeius,
894 1402 969 1435 quo
994 1397 1146 1425 auctore
1164 1390 1377 1436 pactionem
1402 1390 1635 1423 enuntiaret:

161 1453 249 1475 nam
274 1440 500 1474 dictaturam
527 1439 651 1472 animo
677 1440 833 1487 agitasse
859 1439 1081 1486 Pompeium
1107 1451 1218 1484 supra
1244 1439 1385 1472 dictum
1411 1439 1551 1471 famam
1576 1443 1636 1470 tu-

162 1490 261 1523 lisse.
288 1487 405 1522 ERN.
433 1487 469 1522 S.
496 1498 552 1532 ep.
582 1488 662 1522 158.
688 1489 769 1529 149,
797 1490 853 1522 ll.
884 1489 961 1528 155,
988 1490 1021 1523 2.
1048 1499 1085 1520 u.
1115 1500 1141 1520 s.
1168 1487 1195 1520 f.
1222 1505 1266 1512 ——
1300 1496 1404 1520 ruere
1436 1484 1575 1519 iustitio
1602 1487 1636 1516 ct

164 1547 258 1571 omn.
286 1547 358 1570 rer.
385 1535 553 1578 licentia,
589 1535 804 1576 „iibereilte
832 1536 932 1579 sich,
966 1535 1144 1568 handelte
1170 1535 1244 1568 und
1270 1534 1397 1568 redete
1422 1533 1490 1566 in's
1515 1533 1637 1578 Gelag

163 1585 296 1619 hinein
333 1583 395 1617 bei
432 1584 517 1618 dem
550 1584 858 1631 gegenw'artigen
884 1584 1100 1617 Stillstande
1126 1584 1222 1616 aller
1246 1582 1360 1615 lustiz
1384 1581 1460 1615 und
1486 1581 1545 1614 bei
1571 1581 1638 1613 der

162 1631 405 1668 Erlaubtheit
430 1632 524 1666 aller
546 1632 721 1665 Frevel.“
769 1633 826 1665 Zu
851 1632 936 1665 dem
962 1631 1171 1665 bildlichen
1187 1629 1405 1664 Gebrauche
1431 1640 1501 1663 von
1527 1638 1638 1662 ruere

162 1681 284 1729 vergi.
309 1680 354 1713 ad
378 1680 490 1714 Attio.
516 1680 605 1719 vn,
631 1682 686 1715 21.
714 1686 807 1714 extr.
835 1680 996 1714 daselbst
1021 1680 1071 1720 11,
1101 1680 1156 1714 14.
1182 1679 1265 1720 VII,
1292 1680 1323 1713 7.
1352 1679 1450 1712 Orat.
1477 1677 1575 1710 Sext.
1602 1687 1635 1709 c.

163 1730 222 1766 64.
253 1739 309 1773 pr.
343 1729 466 1761 Domo
500 1738 533 1761 c.
567 1727 623 1762 55.
657 1728 768 1765 Rosc.
799 1729 928 1775 Amen.
963 1739 997 1761 c.
1024 1729 1082 1762 32.
1109 1728 1154 1760 de
1181 1726 1327 1760 Finibb.
1352 1726 1404 1768 11,
1429 1727 1461 1761 6.
1487 1725 1636 1758 Terent.

164 1777 298 1811 Heaut.
326 1775 378 1818 11,
403 1776 440 1816 3,
468 1777 549 1812 128.
574 1775 658 1810 Liv.
687 1776 757 1817 111,
786 1778 842 1810 11.
900 1776 1003 1811 Uber
1027 1776 1086 1809 die
1113 1774 1249 1808 infinit.
1275 1774 1406 1807 histor.
1433 1786 1460 1806 s.
1486 1771 1635 1806 Ramsh.

165 1824 195 1867 ᾗ.
222 1825 303 1865 168,
329 1824 365 1858 5.
392 1823 542 1856 Grotef.
577 1824 611 1866 ς.
641 1825 722 1859 170,
774 1823 860 1866 „Sic
891 1823 1024 1869 scripsi
1059 1824 1156 1857 coni.
1181 1822 1317 1864 fruere
1348 1821 1427 1855 Md.
1456 1821 1572 1855 Oxon.
1602 1822 1636 1856 l.

166 1871 259 1907 Cod.
294 1871 472 1904 Tornaes.
502 1871 638 1913 furere
670 1871 772 1904 Vict.
806 1874 842 1909 2,
871 1872 991 1910 fluere
1025 1872 1089 1906 Cd.
1127 1869 1427 1911 decurt.savere
1453 1869 1576 1902 Oxou.
1599 1869 1636 1903 2.

165 1922 249 1954 Asc.
279 1921 312 1953 1.
339 1917 439 1952 Vict.
468 1921 499 1953 l.
528 1918 681 1958 Lamb.;
714 1920 814 1963 quod
849 1918 922 1952 hoc
955 1920 1038 1952 loco
1071 1918 1191 1962 friget
1224 1923 1261 1949 et
1286 1917 1324 1949 in
1351 1928 1459 1950 causa
1485 1921 1561 1955 est,
1597 1921 1639 1948 ut

166 1973 303 2002 contra
333 1967 429 2002 cdd.
462 1972 568 2000 notos
601 1966 786 2000 scribatur
819 1966 997 1999 licentiae.
1034 1985 1076 1990 —
1112 1970 1181 1998 inm
1205 1965 1343 2007 favere
1379 1965 1514 1998 Graev.
1542 1965 1636 1997 Ern.

166 2014 255 2050 sch.
281 2016 379 2051 Liin.
405 2015 495 2058 (tum
521 2013 698 2048 remansit
724 2025 743 2047 e
770 2014 865 2047 coni.
893 2014 1050 2056 Bosii).“
1075 2013 1272 2049 ORELLI.
1300 2030 1342 2038 —
1369 2012 1538 2056 Perspice
1562 2012 1637 2045 iam

166 2063 285 2097 animi
317 2062 391 2096 mei
425 2062 673 2106 aequitatem,
712 2063 777 2106 qui
809 2062 875 2096 ista
901 2063 979 2095 sine
1006 2062 1197 2095 stomacho
1223 2062 1325 2094 ferre
1351 2061 1501 2105 possim.
1527 2060 1636 2094 SC'H.

166 2112 258 2158 Vgl.
285 2121 341 2156 ep.
368 2111 527 2154 CXLIX,
556 2112 610 2144 10.
642 2128 686 2134 —
723 2111 861 2151 ludum,
894 2110 963 2143 wie
996 2109 1059 2143 ich
1086 2110 1161 2143 mir
1185 2121 1249 2142 aus
1275 2109 1424 2142 Diesem
1451 2109 1549 2141 allen
1576 2108 1637 2140 ein

165 2159 271 2205 Spiel
296 2158 442 2192 macha.
465 2178 509 2183 —
534 2158 740 2192 Selicianae
766 2160 900 2191 unciae.
951 2157 1012 2191 Sic
1034 2158 1166 2201 Margo
1193 2160 1292 2191 Crat.
1317 2156 1356 2189 id
1382 2163 1455 2197 est,
1481 2156 1637 2188 liberam

166 2207 486 2251 contemptionem
513 2206 767 2251 corruptionis
792 2207 1016 2240 iudiciorum
1035 2211 1071 2238 et
1088 2205 1355 2251 suffragiorum
1369 2230 1379 2247 ,
1405 2204 1523 2248 qualis
1540 2215 1638 2236 nunc

166 2260 364 2289 exercetur
389 2255 434 2287 ab
460 2254 659 2288 ambitiosis
686 2255 780 2292 illis,
819 2255 883 2299 qui
908 2253 1083 2300 pecunias
1110 2260 1254 2286 mutuas
1280 2260 1429 2286 sumunt
1455 2263 1475 2284 a
1500 2251 1638 2284 Selicio

166 2304 406 2343 (feneratore.
442 2302 528 2337 Vid.
562 2303 632 2347 Ep.
670 2302 771 2341 XVI,
806 2305 838 2336 l.
866 2302 998 2343 XCVI,
1023 2302 1056 2342 3,
1084 2302 1118 2335 4.
1148 2301 1276 2340 CXLI,
1303 2301 1354 2342 4.)
1379 2300 1637 2343 eiusmodique

168 2350 251 2384 aliis
278 2349 562 2383 feneratoribus.
612 2350 819 2384 Selicianae
842 2349 1050 2393 provinciae
1076 2360 1094 2381 e
1122 2350 1193 2382 suis
1221 2348 1308 2382 Cdd.
1330 2349 1467 2382 Bosius.
1518 2348 1638 2382 Seleu-

169 2399 297 2432 cianae
317 2397 531 2442 provinciae
557 2398 635 2431 Md.
663 2400 784 2433 Oxou.
814 2401 845 2432 1.
872 2401 902 2433 2.
930 2398 1010 2431 Asc.
1034 2409 1090 2443 pr.
1120 2399 1218 2432 Crat.
1256 2396 1352 2431 Vict.
1382 2398 1410 2430 1.
1437 2397 1469 2429 2.
1509 2395 1637 2430 hamb.

170 2449 305 2481 Graev.
331 2446 424 2482 Ern.
452 2444 540 2478 Sch.
568 2447 664 2479 L'un.
716 2446 857 2479 Neutra
884 2447 997 2479 lectio
1017 2445 1198 2489 explicari
1214 2450 1343 2490 potest.
1371 2445 1424 2483 (et
1450 2444 1529 2476 lude
1555 2454 1637 2475 cou-

171 2494 392 2537 temptionem
423 2492 508 2526 Sch.
544 2505 639 2538 susp.
691 2493 761 2526 Sed
797 2495 898 2527 ludus
925 2495 962 2526 h.
994 2494 1020 2526 l.
1048 2494 1146 2526 idem
1172 2495 1276 2531 fere,
1305 2491 1404 2535 quod
1432 2503 1539 2536 supra
1570 2491 1634 2533 Ep.

174 2544 229 2582 16,
263 2543 321 2575 10:
348 2541 461 2573 mulla
486 2540 574 2573 mihi
600 2542 685 2573 dant
711 2543 857 2575 solatia.
886 2541 1081 2575 ORELLI.
1133 2541 1215 2574 Sch.
1242 2539 1380 2572 erklart
1418 2538 1515 2572 seine
1546 2540 1637 2570 Ver-

171 2589 375 2637 inuthung:
416 2588 558 2622 Atticus
583 2589 681 2621 enim
707 2591 881 2623 Ciceroni
911 2591 1064 2623 fortasse
1093 2589 1235 2634 saepius
1260 2598 1327 2631 peu·
1354 2587 1475 2619 iocum
1503 2597 1638 2630 expro—

173 2637 366 2676 braverat,
394 2637 493 2680 quod
520 2643 601 2681 post
627 2638 861 2671 consulatum
890 2637 927 2669 in
954 2637 1187 2681 provinciam
1214 2635 1268 2668 ire
1296 2635 1482 2667 noluisset.
1534 2635 1638 2668 Eun—

173 2685 257 2717 dem
291 2690 431 2717 certum
466 2690 518 2718 est
552 2684 743 2719 Ciceronis
777 2697 860 2718 cum
898 2687 1052 2720 Caesare
1088 2683 1389 2717 coniunctionem
1425 2681 1522 2714 haud
1556 2682 1639 2713 satis

174 2732 358 2777 probasse.
407 2733 537 2776 ltaque
568 2744 677 2777 supra
712 2733 755 2766 acl
790 2744 875 2766 eum
915 2733 1113 2777 scripserat
1156 2732 1224 2776 Ep.
1255 2731 1333 2773 1¹19,
1361 2731 1395 2774 ξ.
1424 2732 1480 2763 lt:
1518 2730 1636 2771 „cae-
