<?xml version="1.0" encoding="UTF-8"?>
<!DOCTYPE html PUBLIC "-//W3C//DTD XHTML 1.0 Transitional//EN"
    "http://www.w3.org/TR/xhtml1/DTD/xhtml1-transitional.dtd">
<html xmlns="http://www.w3.org/1999/xhtml" xml:lang="en" lang="en">
 <head>
  <title>
</title>
<meta http-equiv="Content-Type" content="text/html;charset=utf-8" />
  <meta name='ocr-system' content='tesseract 3.04.00' />
  <meta name='ocr-capabilities' content='ocr_page ocr_carea ocr_par ocr_line ocrx_word'/>
</head>
<body>
  <div class='ocr_page' id='page_1' title='image "./epistolaeadattic00ciceuoft_0404.png"; bbox 0 0 1742 3006; ppageno 0'>
   <div class='ocr_carea' id='block_1_1' title="bbox 196 99 1414 155">
    <p class='ocr_par' dir='ltr' id='par_1_1' title="bbox 196 99 1414 155">
     <span class='ocr_line' id='line_1_1' title="bbox 196 99 1414 155; baseline -0.01 0"><span class='ocrx_word' id='word_1_1' title='bbox 196 103 292 155; x_wconf 84' lang='grc'>386</span> <span class='ocrx_word' id='word_1_2' title='bbox 484 105 544 147; x_wconf 88' lang='grc' dir='ltr'>Μ.</span> <span class='ocrx_word' id='word_1_3' title='bbox 577 104 633 146; x_wconf 90' lang='grc' dir='ltr'>Τ.</span> <span class='ocrx_word' id='word_1_4' title='bbox 666 99 1009 146; x_wconf 86' lang='lat' dir='ltr'><strong>CICERONIS</strong></span> <span class='ocrx_word' id='word_1_5' title='bbox 1038 99 1414 144; x_wconf 82' lang='lat' dir='ltr'>EPISTOLAE.</span> 
     </span>
    </p>
   </div>
   <div class='ocr_carea' id='block_1_2' title="bbox 127 210 1692 276">
    <p class='ocr_par' dir='ltr' id='par_1_2' title="bbox 127 210 1692 276">
     <span class='ocr_line' id='line_1_2' title="bbox 127 210 1692 276; baseline -0.004 -14"><span class='ocrx_word' id='word_1_6' title='bbox 127 267 129 269; x_wconf 43' lang='grc'>,</span> <span class='ocrx_word' id='word_1_7' title='bbox 197 218 383 276; x_wconf 81' lang='lat' dir='ltr'>Syriam</span> <span class='ocrx_word' id='word_1_8' title='bbox 423 227 661 270; x_wconf 81' lang='lat' dir='ltr'>spernens,</span> <span class='ocrx_word' id='word_1_9' title='bbox 710 213 980 269; x_wconf 86' lang='lat' dir='ltr'>Hispaniam</span> <span class='ocrx_word' id='word_1_10' title='bbox 1027 213 1222 255; x_wconf 79' lang='lat' dir='ltr'>iactans:</span> <span class='ocrx_word' id='word_1_11' title='bbox 1278 210 1357 253; x_wconf 86' lang='lat' dir='ltr'>hic</span> <span class='ocrx_word' id='word_1_12' title='bbox 1393 225 1592 268; x_wconf 82' lang='lat' dir='ltr'>quoque,</span> <span class='ocrx_word' id='word_1_13' title='bbox 1641 217 1692 256; x_wconf 82' lang='lat' dir='ltr'>ut</span> 
     </span>
    </p>
   </div>
   <div class='ocr_carea' id='block_1_3' title="bbox 194 267 1691 941">
    <p class='ocr_par' dir='ltr' id='par_1_3' title="bbox 194 267 1691 941">
     <span class='ocr_line' id='line_1_3' title="bbox 197 267 1690 330; baseline -0.004 -13"><span class='ocrx_word' id='word_1_14' title='bbox 197 274 488 330; x_wconf 77' lang='lat' dir='ltr'>loquebatur3</span> <span class='ocrx_word' id='word_1_15' title='bbox 532 275 578 313; x_wconf 85' lang='lat' dir='ltr'>et</span> <span class='ocrx_word' id='word_1_16' title='bbox 607 271 791 326; x_wconf 88' lang='lat' dir='ltr'>opinor,</span> <span class='ocrx_word' id='word_1_17' title='bbox 821 281 1168 323; x_wconf 82' lang='lat' dir='ltr'>usquequaque,</span> <span class='ocrx_word' id='word_1_18' title='bbox 1197 269 1254 310; x_wconf 85' lang='lat' dir='ltr'>de</span> <span class='ocrx_word' id='word_1_19' title='bbox 1285 267 1375 309; x_wconf 92' lang='lat' dir='ltr'>hoc</span> <span class='ocrx_word' id='word_1_20' title='bbox 1405 282 1542 323; x_wconf 90' lang='lat' dir='ltr'>quum</span> <span class='ocrx_word' id='word_1_21' title='bbox 1571 267 1690 311; x_wconf 89' lang='lat' dir='ltr'>dice-</span> 
     </span>
     <span class='ocr_line' id='line_1_4' title="bbox 197 324 1690 384; baseline -0.003 -14"><span class='ocrx_word' id='word_1_22' title='bbox 197 345 318 384; x_wconf 89' lang='lat' dir='ltr'>mus,</span> <span class='ocrx_word' id='word_1_23' title='bbox 347 329 409 370; x_wconf 86' lang='lat' dir='ltr'>sit</span> <span class='ocrx_word' id='word_1_24' title='bbox 438 327 528 369; x_wconf 92' lang='lat' dir='ltr'>hoc</span> <span class='ocrx_word' id='word_1_25' title='bbox 557 328 711 382; x_wconf 85' lang='lat' dir='ltr'><strong>quasi,</strong></span> <span class='ocrx_word' id='word_1_26' title='bbox 769 328 835 365; x_wconf 71' lang='lat' dir='ltr'>mu*</span> <span class='ocrx_word' id='word_1_27' title='bbox 864 324 954 364; x_wconf 83' lang='grc' dir='ltr'><em>τόδε</em></span> <span class='ocrx_word' id='word_1_28' title='bbox 983 327 1221 364; x_wconf 81' lang='grc' dir='ltr'><strong><em>Φωκυλίδου.</em></strong></span> <span class='ocrx_word' id='word_1_29' title='bbox 1280 324 1392 366; x_wconf 87' lang='lat' dir='ltr'>Tibi</span> <span class='ocrx_word' id='word_1_30' title='bbox 1422 325 1559 366; x_wconf 82' lang='lat' dir='ltr'>etiam</span> <span class='ocrx_word' id='word_1_31' title='bbox 1589 338 1690 380; x_wconf 86' lang='lat' dir='ltr'>gra-</span> 
     </span>
     <span class='ocr_line' id='line_1_5' title="bbox 196 379 1689 440; baseline -0.003 -11"><span class='ocrx_word' id='word_1_32' title='bbox 196 388 285 429; x_wconf 86' lang='lat' dir='ltr'>tias</span> <span class='ocrx_word' id='word_1_33' title='bbox 314 385 501 440; x_wconf 83' lang='lat' dir='ltr'>agebat,</span> <span class='ocrx_word' id='word_1_34' title='bbox 540 384 663 439; x_wconf 90' lang='lat' dir='ltr'>quod</span> <span class='ocrx_word' id='word_1_35' title='bbox 691 383 822 437; x_wconf 86' lang='lat' dir='ltr'>signa</span> <span class='ocrx_word' id='word_1_36' title='bbox 851 379 1159 435; x_wconf 89' lang='lat' dir='ltr'>componenda</span> <span class='ocrx_word' id='word_1_37' title='bbox 1188 381 1490 436; x_wconf 80' lang='lat' dir='ltr'>suscepisses5</span> <span class='ocrx_word' id='word_1_38' title='bbox 1531 381 1581 422; x_wconf 89' lang='lat' dir='ltr'>in</span> <span class='ocrx_word' id='word_1_39' title='bbox 1609 395 1689 424; x_wconf 85' lang='lat' dir='ltr'>nos</span> 
     </span>
     <span class='ocr_line' id='line_1_6' title="bbox 196 436 1689 485; baseline -0.004 -1"><span class='ocrx_word' id='word_1_40' title='bbox 196 455 305 485; x_wconf 88' lang='lat' dir='ltr'>vero</span> <span class='ocrx_word' id='word_1_41' title='bbox 334 439 601 482; x_wconf 82' lang='lat' dir='ltr'>suavissime</span> <span class='ocrx_word' id='word_1_42' title='bbox 641 438 828 480; x_wconf 81' lang='lat' dir='ltr'>hercule</span> <span class='ocrx_word' id='word_1_43' title='bbox 869 437 1050 479; x_wconf 71' lang='lat' dir='ltr'>effusus.</span> <span class='ocrx_word' id='word_1_44' title='bbox 1115 437 1260 479; x_wconf 84' lang='lat' dir='ltr'>Venit</span> <span class='ocrx_word' id='word_1_45' title='bbox 1290 438 1427 478; x_wconf 86' lang='lat' dir='ltr'>etiam</span> <span class='ocrx_word' id='word_1_46' title='bbox 1456 436 1516 479; x_wconf 89' lang='lat' dir='ltr'>ad</span> <span class='ocrx_word' id='word_1_47' title='bbox 1543 451 1614 478; x_wconf 89' lang='lat' dir='ltr'>me</span> <span class='ocrx_word' id='word_1_48' title='bbox 1644 438 1689 479; x_wconf 92' lang='lat' dir='ltr'>in</span> 
     </span>
     <span class='ocr_line' id='line_1_7' title="bbox 197 492 1690 549; baseline -0.002 -10"><span class='ocrx_word' id='word_1_49' title='bbox 197 499 447 540; x_wconf 86' lang='lat' dir='ltr'>Cumanum</span> <span class='ocrx_word' id='word_1_50' title='bbox 475 509 502 536; x_wconf 85' lang='lat' dir='ltr'><strong>a</strong></span> <span class='ocrx_word' id='word_1_51' title='bbox 530 509 592 537; x_wconf 88' lang='lat' dir='ltr'>se.</span> <span class='ocrx_word' id='word_1_52' title='bbox 650 495 784 537; x_wconf 86' lang='lat' dir='ltr'>Nihil</span> <span class='ocrx_word' id='word_1_53' title='bbox 815 493 960 534; x_wconf 87' lang='lat' dir='ltr'>minus</span> <span class='ocrx_word' id='word_1_54' title='bbox 989 493 1110 535; x_wconf 88' lang='lat' dir='ltr'>velle</span> <span class='ocrx_word' id='word_1_55' title='bbox 1140 492 1255 534; x_wconf 90' lang='lat' dir='ltr'>mihi</span> <span class='ocrx_word' id='word_1_56' title='bbox 1275 494 1400 536; x_wconf 85' lang='lat' dir='ltr'>visus</span> <span class='ocrx_word' id='word_1_57' title='bbox 1431 497 1526 546; x_wconf 82' lang='lat' dir='ltr'>est,</span> <span class='ocrx_word' id='word_1_58' title='bbox 1556 505 1690 549; x_wconf 85' lang='lat' dir='ltr'>quam</span> 
     </span>
     <span class='ocr_line' id='line_1_8' title="bbox 196 548 1689 604; baseline -0.002 -10"><span class='ocrx_word' id='word_1_59' title='bbox 196 552 442 594; x_wconf 83' lang='lat' dir='ltr'><strong>Messalam</strong></span> <span class='ocrx_word' id='word_1_60' title='bbox 481 551 764 593; x_wconf 84' lang='lat' dir='ltr'>consulatum</span> <span class='ocrx_word' id='word_1_61' title='bbox 804 553 977 603; x_wconf 74' lang='lat' dir='ltr'>petere:</span> <span class='ocrx_word' id='word_1_62' title='bbox 1019 549 1075 590; x_wconf 91' lang='lat' dir='ltr'>de</span> <span class='ocrx_word' id='word_1_63' title='bbox 1114 563 1201 604; x_wconf 92' lang='lat' dir='ltr'>quo</span> <span class='ocrx_word' id='word_1_64' title='bbox 1241 550 1341 604; x_wconf 91' lang='lat' dir='ltr'>ipso</span> <span class='ocrx_word' id='word_1_65' title='bbox 1371 549 1412 591; x_wconf 88' lang='lat' dir='ltr'>si</span> <span class='ocrx_word' id='word_1_66' title='bbox 1442 548 1554 604; x_wconf 92' lang='lat' dir='ltr'>quid</span> <span class='ocrx_word' id='word_1_67' title='bbox 1583 550 1689 603; x_wconf 88' lang='lat' dir='ltr'>scis,</span> 
     </span>
     <span class='ocr_line' id='line_1_9' title="bbox 196 605 1689 660; baseline -0.004 -8"><span class='ocrx_word' id='word_1_68' title='bbox 196 610 335 652; x_wconf 84' lang='lat' dir='ltr'>velim</span> <span class='ocrx_word' id='word_1_69' title='bbox 365 609 498 650; x_wconf 87' lang='lat' dir='ltr'>scire.</span> <span class='ocrx_word' id='word_1_70' title='bbox 567 607 701 657; x_wconf 83' lang='lat' dir='ltr'>Quod</span> <span class='ocrx_word' id='word_1_71' title='bbox 731 605 932 647; x_wconf 83' lang='lat' dir='ltr'>Lucceio</span> <span class='ocrx_word' id='word_1_72' title='bbox 973 606 1135 646; x_wconf 89' lang='lat' dir='ltr'>scribis</span> <span class='ocrx_word' id='word_1_73' title='bbox 1173 609 1218 646; x_wconf 85' lang='lat' dir='ltr'>te</span> <span class='ocrx_word' id='word_1_74' title='bbox 1257 610 1457 647; x_wconf 81' lang='lat' dir='ltr'>nostram</span> <span class='ocrx_word' id='word_1_75' title='bbox 1495 606 1689 660; x_wconf 84' lang='lat' dir='ltr'><strong>gloriam</strong></span> 
     </span>
     <span class='ocr_line' id='line_1_10' title="bbox 197 660 1688 717; baseline -0.003 -10"><span class='ocrx_word' id='word_1_76' title='bbox 197 664 638 715; x_wconf 80' lang='lat' dir='ltr'>commendaturum,</span> <span class='ocrx_word' id='word_1_77' title='bbox 681 665 728 703; x_wconf 81' lang='lat' dir='ltr'>et</span> <span class='ocrx_word' id='word_1_78' title='bbox 757 660 1015 702; x_wconf 86' lang='lat' dir='ltr'>aedificium</span> <span class='ocrx_word' id='word_1_79' title='bbox 1043 665 1248 703; x_wconf 84' lang='lat' dir='ltr'>nostrum</span> <span class='ocrx_word' id='word_1_80' title='bbox 1279 662 1402 717; x_wconf 88' lang='lat' dir='ltr'>quod</span> <span class='ocrx_word' id='word_1_81' title='bbox 1431 663 1589 703; x_wconf 87' lang='lat' dir='ltr'>crebro</span> <span class='ocrx_word' id='word_1_82' title='bbox 1621 662 1688 702; x_wconf 89' lang='lat' dir='ltr'>in-</span> 
     </span>
     <span class='ocr_line' id='line_1_11' title="bbox 194 715 1689 775; baseline -0.003 -12"><span class='ocrx_word' id='word_1_83' title='bbox 194 723 334 774; x_wconf 80' lang='lat' dir='ltr'>visis,</span> <span class='ocrx_word' id='word_1_84' title='bbox 364 724 552 775; x_wconf 79' lang='lat' dir='ltr'>gratum.</span> <span class='ocrx_word' id='word_1_85' title='bbox 621 718 817 769; x_wconf 81' lang='lat' dir='ltr'>Quintus</span> <span class='ocrx_word' id='word_1_86' title='bbox 848 715 992 758; x_wconf 82' lang='lat' dir='ltr'>frater</span> <span class='ocrx_word' id='word_1_87' title='bbox 1018 717 1076 758; x_wconf 88' lang='lat' dir='ltr'>ad</span> <span class='ocrx_word' id='word_1_88' title='bbox 1105 730 1177 758; x_wconf 91' lang='lat' dir='ltr'>me</span> <span class='ocrx_word' id='word_1_89' title='bbox 1207 718 1414 772; x_wconf 84' lang='lat' dir='ltr'>scripsit,</span> <span class='ocrx_word' id='word_1_90' title='bbox 1444 731 1517 771; x_wconf 86' lang='lat' dir='ltr'>se,</span> <span class='ocrx_word' id='word_1_91' title='bbox 1548 731 1689 772; x_wconf 90' lang='lat' dir='ltr'>quon-</span> 
     </span>
     <span class='ocr_line' id='line_1_12' title="bbox 196 772 1690 825; baseline -0.003 -6"><span class='ocrx_word' id='word_1_92' title='bbox 196 779 287 819; x_wconf 89' lang='lat' dir='ltr'>iam</span> <span class='ocrx_word' id='word_1_93' title='bbox 327 777 597 818; x_wconf 81' lang='lat' dir='ltr'>Ciceronem</span> <span class='ocrx_word' id='word_1_94' title='bbox 636 774 952 816; x_wconf 84' lang='lat' dir='ltr'>suavissimum</span> <span class='ocrx_word' id='word_1_95' title='bbox 993 787 1143 815; x_wconf 90' lang='lat' dir='ltr'>secum</span> <span class='ocrx_word' id='word_1_96' title='bbox 1184 772 1394 825; x_wconf 81' lang='lat' dir='ltr'>haberet,</span> <span class='ocrx_word' id='word_1_97' title='bbox 1434 773 1490 814; x_wconf 88' lang='lat' dir='ltr'>ad</span> <span class='ocrx_word' id='word_1_98' title='bbox 1522 777 1566 816; x_wconf 81' lang='lat' dir='ltr'>tc</span> <span class='ocrx_word' id='word_1_99' title='bbox 1595 773 1690 815; x_wconf 88' lang='lat' dir='ltr'>No-</span> 
     </span>
     <span class='ocr_line' id='line_1_13' title="bbox 196 830 1691 883; baseline -0.003 -9"><span class='ocrx_word' id='word_1_100' title='bbox 196 834 268 874; x_wconf 90' lang='lat' dir='ltr'>nis</span> <span class='ocrx_word' id='word_1_101' title='bbox 291 831 404 873; x_wconf 82' lang='lat' dir='ltr'>Mai.</span> <span class='ocrx_word' id='word_1_102' title='bbox 430 834 678 873; x_wconf 79' lang='lat' dir='ltr'>venturum.</span> <span class='ocrx_word' id='word_1_103' title='bbox 738 830 839 883; x_wconf 85' lang='lat' dir='ltr'>Ego</span> <span class='ocrx_word' id='word_1_104' title='bbox 868 843 939 871; x_wconf 88' lang='lat' dir='ltr'>me</span> <span class='ocrx_word' id='word_1_105' title='bbox 970 830 1026 870; x_wconf 89' lang='lat' dir='ltr'>de</span> <span class='ocrx_word' id='word_1_106' title='bbox 1051 830 1253 871; x_wconf 88' lang='lat' dir='ltr'>Cumano</span> <span class='ocrx_word' id='word_1_107' title='bbox 1283 830 1406 870; x_wconf 83' lang='lat' dir='ltr'>movi</span> <span class='ocrx_word' id='word_1_108' title='bbox 1436 833 1539 870; x_wconf 86' lang='lat' dir='ltr'>ante</span> <span class='ocrx_word' id='word_1_109' title='bbox 1570 830 1691 870; x_wconf 90' lang='lat' dir='ltr'>diem</span> 
     </span>
     <span class='ocr_line' id='line_1_14' title="bbox 197 885 1690 941; baseline -0.003 -11"><span class='ocrx_word' id='word_1_110' title='bbox 197 888 257 932; x_wconf 90' lang='lat' dir='ltr'>V.</span> <span class='ocrx_word' id='word_1_111' title='bbox 290 888 397 930; x_wconf 84' lang='lat' dir='ltr'>Kal.</span> <span class='ocrx_word' id='word_1_112' title='bbox 428 886 588 929; x_wconf 85' lang='lat' dir='ltr'>Maias.</span> <span class='ocrx_word' id='word_1_113' title='bbox 656 887 728 928; x_wconf 92' lang='lat' dir='ltr'>Eo</span> <span class='ocrx_word' id='word_1_114' title='bbox 761 886 835 927; x_wconf 90' lang='lat' dir='ltr'>die</span> <span class='ocrx_word' id='word_1_115' title='bbox 865 885 1060 941; x_wconf 83' lang='lat' dir='ltr'>Neapoli</span> <span class='ocrx_word' id='word_1_116' title='bbox 1092 885 1207 940; x_wconf 88' lang='lat' dir='ltr'>apud</span> <span class='ocrx_word' id='word_1_117' title='bbox 1250 886 1305 927; x_wconf 92' lang='lat' dir='ltr'>L.</span> <span class='ocrx_word' id='word_1_118' title='bbox 1336 885 1549 938; x_wconf 82' lang='lat' dir='ltr'>Paetum,</span> <span class='ocrx_word' id='word_1_119' title='bbox 1588 889 1690 927; x_wconf 84' lang='lat' dir='ltr'>ante</span> 
     </span>
    </p>
   </div>
   <div class='ocr_carea' id='block_1_4' title="bbox 197 965 387 970">
    <p class='ocr_par' dir='ltr' id='par_1_4' title="bbox 197 965 387 970">
     <span class='ocr_line' id='line_1_15' title="bbox 197 965 387 970; baseline 0 0"><span class='ocrx_word' id='word_1_120' title='bbox 197 965 387 970; x_wconf 95' lang='lat' dir='ltr'> </span> 
     </span>
    </p>
   </div>
   <div class='ocr_carea' id='block_1_5' title="bbox 196 989 1692 1857">
    <p class='ocr_par' dir='ltr' id='par_1_5' title="bbox 196 989 1692 1857">
     <span class='ocr_line' id='line_1_16' title="bbox 196 989 1690 1040; baseline -0.003 -11"><span class='ocrx_word' id='word_1_121' title='bbox 196 993 381 1040; x_wconf 84' lang='lat' dir='ltr'>Spanien‚</span> <span class='ocrx_word' id='word_1_122' title='bbox 408 992 538 1028; x_wconf 86' lang='lat' dir='ltr'>wohin</span> <span class='ocrx_word' id='word_1_123' title='bbox 564 1002 607 1027; x_wconf 82' lang='lat' dir='ltr'>er</span> <span class='ocrx_word' id='word_1_124' title='bbox 631 992 769 1027; x_wconf 84' lang='lat' dir='ltr'>iedoch</span> <span class='ocrx_word' id='word_1_125' title='bbox 797 1003 843 1024; x_wconf 89' lang='lat' dir='ltr'>zu</span> <span class='ocrx_word' id='word_1_126' title='bbox 868 992 963 1026; x_wconf 85' lang='lat' dir='ltr'>Rom</span> <span class='ocrx_word' id='word_1_127' title='bbox 990 991 1169 1025; x_wconf 85' lang='lat' dir='ltr'>bleibend</span> <span class='ocrx_word' id='word_1_128' title='bbox 1195 990 1268 1024; x_wconf 84' lang='lat' dir='ltr'>den</span> <span class='ocrx_word' id='word_1_129' title='bbox 1293 989 1492 1033; x_wconf 77' lang='lat' dir='ltr'>Afranius,</span> <span class='ocrx_word' id='word_1_130' title='bbox 1519 991 1690 1025; x_wconf 75' lang='lat' dir='ltr'>Petreius</span> 
     </span>
     <span class='ocr_line' id='line_1_17' title="bbox 197 1038 1691 1086; baseline -0.002 -10"><span class='ocrx_word' id='word_1_131' title='bbox 197 1055 238 1078; x_wconf 85' lang='lat' dir='ltr'>u.</span> <span class='ocrx_word' id='word_1_132' title='bbox 264 1043 389 1076; x_wconf 84' lang='lat' dir='ltr'>Varro</span> <span class='ocrx_word' id='word_1_133' title='bbox 415 1043 469 1075; x_wconf 87' lang='lat' dir='ltr'>als</span> <span class='ocrx_word' id='word_1_134' title='bbox 496 1042 664 1086; x_wconf 74' lang='lat' dir='ltr'>Legaten</span> <span class='ocrx_word' id='word_1_135' title='bbox 690 1038 886 1080; x_wconf 79' lang='lat' dir='ltr'>schickte3</span> <span class='ocrx_word' id='word_1_136' title='bbox 913 1039 1067 1074; x_wconf 83' lang='lat' dir='ltr'>Crassus</span> <span class='ocrx_word' id='word_1_137' title='bbox 1093 1039 1183 1073; x_wconf 83' lang='lat' dir='ltr'>aber</span> <span class='ocrx_word' id='word_1_138' title='bbox 1209 1039 1269 1073; x_wconf 84' lang='lat' dir='ltr'>die</span> <span class='ocrx_word' id='word_1_139' title='bbox 1295 1038 1492 1075; x_wconf 83' lang='lat' dir='ltr'>Statthalt.</span> <span class='ocrx_word' id='word_1_140' title='bbox 1516 1049 1591 1073; x_wconf 87' lang='lat' dir='ltr'>von</span> <span class='ocrx_word' id='word_1_141' title='bbox 1623 1039 1691 1085; x_wconf 85' lang='lat' dir='ltr'>Sy-</span> 
     </span>
     <span class='ocr_line' id='line_1_18' title="bbox 200 1086 1688 1133; baseline -0.003 -9"><span class='ocrx_word' id='word_1_142' title='bbox 200 1091 306 1133; x_wconf 85' lang='lat' dir='ltr'>rien,</span> <span class='ocrx_word' id='word_1_143' title='bbox 343 1089 453 1124; x_wconf 86' lang='lat' dir='ltr'>beide</span> <span class='ocrx_word' id='word_1_144' title='bbox 486 1090 555 1122; x_wconf 83' lang='lat' dir='ltr'>auf</span> <span class='ocrx_word' id='word_1_145' title='bbox 584 1089 606 1123; x_wconf 89' lang='lat'>5</span> <span class='ocrx_word' id='word_1_146' title='bbox 642 1086 767 1122; x_wconf 86' lang='lat' dir='ltr'>Iahre.</span> <span class='ocrx_word' id='word_1_147' title='bbox 812 1089 848 1121; x_wconf 91' lang='lat' dir='ltr'>S.</span> <span class='ocrx_word' id='word_1_148' title='bbox 882 1086 983 1120; x_wconf 84' lang='lat' dir='ltr'>Suet.</span> <span class='ocrx_word' id='word_1_149' title='bbox 1015 1088 1072 1122; x_wconf 74' lang='lat'>24.</span> <span class='ocrx_word' id='word_1_150' title='bbox 1108 1087 1204 1133; x_wconf 87' lang='lat' dir='ltr'><strong>App.</strong></span> <span class='ocrx_word' id='word_1_151' title='bbox 1240 1088 1274 1128; x_wconf 86' lang='lat'>2,</span> <span class='ocrx_word' id='word_1_152' title='bbox 1317 1089 1372 1122; x_wconf 90' lang='lat'>17.</span> <span class='ocrx_word' id='word_1_153' title='bbox 1414 1086 1608 1121; x_wconf 82' lang='lat' dir='ltr'>Plutarch.</span> <span class='ocrx_word' id='word_1_154' title='bbox 1646 1106 1688 1113; x_wconf 97' lang='lat'>—</span> 
     </span>
     <span class='ocr_line' id='line_1_19' title="bbox 199 1135 1690 1183; baseline -0.003 -10"><span class='ocrx_word' id='word_1_155' title='bbox 199 1138 442 1183; x_wconf 79' lang='lat' dir='ltr'>Hispaniam,</span> <span class='ocrx_word' id='word_1_156' title='bbox 470 1136 597 1170; x_wconf 76' lang='lat' dir='ltr'>bamb.</span> <span class='ocrx_word' id='word_1_157' title='bbox 627 1135 842 1179; x_wconf 75' lang='lat' dir='ltr'>Hispanias.</span> <span class='ocrx_word' id='word_1_158' title='bbox 870 1154 915 1160; x_wconf 90' lang='lat'>--</span> <span class='ocrx_word' id='word_1_159' title='bbox 941 1135 1106 1176; x_wconf 73' lang='lat' dir='ltr'>iactans,</span> <span class='ocrx_word' id='word_1_160' title='bbox 1143 1135 1419 1179; x_wconf 68' lang='lat' dir='ltr'>wegweffeml,</span> <span class='ocrx_word' id='word_1_161' title='bbox 1454 1135 1561 1180; x_wconf 88' lang='lat' dir='ltr'>quasi</span> <span class='ocrx_word' id='word_1_162' title='bbox 1585 1135 1690 1169; x_wconf 84' lang='lat' dir='ltr'>fasti-</span> 
     </span>
     <span class='ocr_line' id='line_1_20' title="bbox 199 1181 1689 1230; baseline -0.002 -9"><span class='ocrx_word' id='word_1_163' title='bbox 199 1187 320 1225; x_wconf 80' lang='lat' dir='ltr'>diens,</span> <span class='ocrx_word' id='word_1_164' title='bbox 350 1187 427 1220; x_wconf 84' lang='lat' dir='ltr'>also</span> <span class='ocrx_word' id='word_1_165' title='bbox 454 1185 534 1218; x_wconf 85' lang='lat' dir='ltr'>sich</span> <span class='ocrx_word' id='word_1_166' title='bbox 560 1185 631 1218; x_wconf 89' lang='lat' dir='ltr'>den</span> <span class='ocrx_word' id='word_1_167' title='bbox 658 1184 795 1218; x_wconf 86' lang='lat' dir='ltr'>Schein</span> <span class='ocrx_word' id='word_1_168' title='bbox 831 1183 1001 1230; x_wconf 83' lang='lat' dir='ltr'>gebend,</span> <span class='ocrx_word' id='word_1_169' title='bbox 1035 1184 1088 1218; x_wconf 80' lang='lat' dir='ltr'>als</span> <span class='ocrx_word' id='word_1_170' title='bbox 1125 1181 1176 1217; x_wconf 70' lang='lat' dir='ltr'>sei</span> <span class='ocrx_word' id='word_1_171' title='bbox 1211 1195 1254 1218; x_wconf 91' lang='lat' dir='ltr'>er</span> <span class='ocrx_word' id='word_1_172' title='bbox 1286 1183 1396 1218; x_wconf 88' lang='lat' dir='ltr'>nicht</span> <span class='ocrx_word' id='word_1_173' title='bbox 1429 1183 1520 1225; x_wconf 86' lang='lat' dir='ltr'>(wie</span> <span class='ocrx_word' id='word_1_174' title='bbox 1555 1184 1689 1225; x_wconf 68' lang='lat' dir='ltr'>casar)</span> 
     </span>
     <span class='ocr_line' id='line_1_21' title="bbox 201 1231 1691 1276; baseline -0.002 -7"><span class='ocrx_word' id='word_1_175' title='bbox 201 1234 301 1269; x_wconf 86' lang='lat' dir='ltr'>nach</span> <span class='ocrx_word' id='word_1_176' title='bbox 327 1232 734 1276; x_wconf 83' lang='lat' dir='ltr'>Provinzverwaltung</span> <span class='ocrx_word' id='word_1_177' title='bbox 761 1232 915 1266; x_wconf 79' lang='lat' dir='ltr'>liistern.</span> <span class='ocrx_word' id='word_1_178' title='bbox 946 1250 984 1257; x_wconf 87' lang='lat'><em>-</em></span> <span class='ocrx_word' id='word_1_179' title='bbox 1015 1231 1076 1266; x_wconf 76' lang='lat' dir='ltr'>hic</span> <span class='ocrx_word' id='word_1_180' title='bbox 1101 1242 1260 1276; x_wconf 81' lang='lat' dir='ltr'>quoque,</span> <span class='ocrx_word' id='word_1_181' title='bbox 1285 1236 1324 1265; x_wconf 78' lang='lat' dir='ltr'>ut</span> <span class='ocrx_word' id='word_1_182' title='bbox 1352 1233 1444 1275; x_wconf 82' lang='lat' dir='ltr'>loq.‚</span> <span class='ocrx_word' id='word_1_183' title='bbox 1481 1231 1581 1266; x_wconf 84' lang='lat' dir='ltr'>auch</span> <span class='ocrx_word' id='word_1_184' title='bbox 1607 1231 1691 1266; x_wconf 83' lang='lat' dir='ltr'>hier</span> 
     </span>
     <span class='ocr_line' id='line_1_22' title="bbox 198 1279 1690 1325; baseline -0.001 -9"><span class='ocrx_word' id='word_1_185' title='bbox 198 1295 298 1316; x_wconf 70' lang='lat' dir='ltr'>muse</span> <span class='ocrx_word' id='word_1_186' title='bbox 323 1293 413 1315; x_wconf 85' lang='lat' dir='ltr'>man</span> <span class='ocrx_word' id='word_1_187' title='bbox 438 1281 702 1314; x_wconf 81' lang='lat' dir='ltr'>hinzusetzen:</span> <span class='ocrx_word' id='word_1_188' title='bbox 736 1279 822 1313; x_wconf 83' lang='lat' dir='ltr'>wie</span> <span class='ocrx_word' id='word_1_189' title='bbox 849 1290 896 1313; x_wconf 87' lang='lat' dir='ltr'>er</span> <span class='ocrx_word' id='word_1_190' title='bbox 924 1285 1065 1324; x_wconf 78' lang='lat' dir='ltr'>sagte.</span> <span class='ocrx_word' id='word_1_191' title='bbox 1090 1298 1137 1304; x_wconf 90' lang='lat'>—-</span> <span class='ocrx_word' id='word_1_192' title='bbox 1170 1280 1214 1313; x_wconf 82' lang='lat' dir='ltr'>de</span> <span class='ocrx_word' id='word_1_193' title='bbox 1239 1279 1306 1313; x_wconf 81' lang='grc' dir='ltr'><em>Ιιοε</em></span> <span class='ocrx_word' id='word_1_194' title='bbox 1331 1280 1524 1325; x_wconf 87' lang='lat' dir='ltr'>Pompeio.</span> <span class='ocrx_word' id='word_1_195' title='bbox 1559 1298 1607 1305; x_wconf 89' lang='lat'>—</span> <span class='ocrx_word' id='word_1_196' title='bbox 1640 1281 1690 1314; x_wconf 71' lang='lat' dir='ltr'>sit</span> 
     </span>
     <span class='ocr_line' id='line_1_23' title="bbox 198 1325 1691 1376; baseline -0.002 -11"><span class='ocrx_word' id='word_1_197' title='bbox 198 1330 266 1376; x_wconf 56' lang='lat'>2¹:⁰⁶</span> <span class='ocrx_word' id='word_1_198' title='bbox 293 1329 415 1375; x_wconf 82' lang='lat' dir='ltr'>quasi,</span> <span class='ocrx_word' id='word_1_199' title='bbox 450 1327 512 1362; x_wconf 78' lang='grc' dir='ltr'>καὶ</span> <span class='ocrx_word' id='word_1_200' title='bbox 535 1325 616 1361; x_wconf 83' lang='grc' dir='ltr'><strong>τόδε</strong></span> <span class='ocrx_word' id='word_1_201' title='bbox 646 1332 709 1362; x_wconf 90' lang='grc' dir='ltr'>Φω</span> <span class='ocrx_word' id='word_1_202' title='bbox 721 1339 751 1360; x_wconf 83' lang='grc' dir='ltr'>κ.</span> <span class='ocrx_word' id='word_1_203' title='bbox 767 1350 776 1366; x_wconf 91' lang='grc'>,</span> <span class='ocrx_word' id='word_1_204' title='bbox 816 1327 955 1361; x_wconf 83' lang='lat' dir='ltr'>immex·</span> <span class='ocrx_word' id='word_1_205' title='bbox 980 1330 1122 1370; x_wconf 75' lang='lat' dir='ltr'>iniisse,</span> <span class='ocrx_word' id='word_1_206' title='bbox 1157 1338 1272 1361; x_wconf 88' lang='lat' dir='ltr'>wenn</span> <span class='ocrx_word' id='word_1_207' title='bbox 1297 1327 1370 1361; x_wconf 86' lang='lat' dir='ltr'>wir</span> <span class='ocrx_word' id='word_1_208' title='bbox 1394 1338 1470 1362; x_wconf 86' lang='lat' dir='ltr'>von</span> <span class='ocrx_word' id='word_1_209' title='bbox 1496 1328 1691 1374; x_wconf 79' lang='lat' dir='ltr'>Pompeius</span> 
     </span>
     <span class='ocr_line' id='line_1_24' title="bbox 200 1375 1690 1423; baseline -0.001 -11"><span class='ocrx_word' id='word_1_210' title='bbox 200 1380 466 1422; x_wconf 83' lang='lat' dir='ltr'>Ausserungen</span> <span class='ocrx_word' id='word_1_211' title='bbox 493 1375 700 1421; x_wconf 76' lang='lat' dir='ltr'>sprechen,</span> <span class='ocrx_word' id='word_1_212' title='bbox 728 1376 791 1409; x_wconf 83' lang='lat' dir='ltr'>das</span> <span class='ocrx_word' id='word_1_213' title='bbox 816 1378 854 1408; x_wconf 79' lang='lat' dir='ltr'>ut</span> <span class='ocrx_word' id='word_1_214' title='bbox 882 1375 1094 1419; x_wconf 77' lang='lat' dir='ltr'>loquebatur</span> <span class='ocrx_word' id='word_1_215' title='bbox 1118 1375 1385 1423; x_wconf 79' lang='lat' dir='ltr'>hinzugesetzt</span> <span class='ocrx_word' id='word_1_216' title='bbox 1410 1375 1589 1416; x_wconf 85' lang='lat' dir='ltr'>werden,</span> <span class='ocrx_word' id='word_1_217' title='bbox 1617 1377 1690 1410; x_wconf 88' lang='lat' dir='ltr'>wie</span> 
     </span>
     <span class='ocr_line' id='line_1_25' title="bbox 200 1423 1692 1471; baseline -0.001 -12"><span class='ocrx_word' id='word_1_218' title='bbox 200 1426 441 1471; x_wconf 82' lang='lat' dir='ltr'>Phocylides‚</span> <span class='ocrx_word' id='word_1_219' title='bbox 470 1425 579 1458; x_wconf 86' lang='lat' dir='ltr'>iener</span> <span class='ocrx_word' id='word_1_220' title='bbox 605 1423 828 1471; x_wconf 82' lang='lat' dir='ltr'>gnomische</span> <span class='ocrx_word' id='word_1_221' title='bbox 847 1424 1008 1458; x_wconf 85' lang='lat' dir='ltr'>Dichter</span> <span class='ocrx_word' id='word_1_222' title='bbox 1031 1434 1107 1459; x_wconf 85' lang='lat' dir='ltr'>von</span> <span class='ocrx_word' id='word_1_223' title='bbox 1135 1424 1293 1458; x_wconf 86' lang='lat' dir='ltr'>Miletus</span> <span class='ocrx_word' id='word_1_224' title='bbox 1318 1424 1491 1470; x_wconf 85' lang='lat' dir='ltr'>(Olymp.</span> <span class='ocrx_word' id='word_1_225' title='bbox 1517 1425 1596 1467; x_wconf 84' lang='lat'>60),</span> <span class='ocrx_word' id='word_1_226' title='bbox 1621 1423 1692 1457; x_wconf 77' lang='lat' dir='ltr'>sei·</span> 
     </span>
     <span class='ocr_line' id='line_1_26' title="bbox 200 1470 1690 1519; baseline -0.002 -10"><span class='ocrx_word' id='word_1_227' title='bbox 200 1485 274 1509; x_wconf 88' lang='lat' dir='ltr'>nen</span> <span class='ocrx_word' id='word_1_228' title='bbox 307 1472 605 1519; x_wconf 81' lang='lat' dir='ltr'>Lehrspriichen</span> <span class='ocrx_word' id='word_1_229' title='bbox 640 1473 766 1506; x_wconf 81' lang='lat' dir='ltr'>diesen</span> <span class='ocrx_word' id='word_1_230' title='bbox 799 1472 936 1505; x_wconf 82' lang='lat' dir='ltr'>halben</span> <span class='ocrx_word' id='word_1_231' title='bbox 976 1470 1089 1506; x_wconf 86' lang='lat' dir='ltr'>Vers:</span> <span class='ocrx_word' id='word_1_232' title='bbox 1132 1471 1254 1505; x_wconf 86' lang='lat' dir='ltr'>auch</span> <span class='ocrx_word' id='word_1_233' title='bbox 1290 1472 1417 1506; x_wconf 86' lang='lat' dir='ltr'>diess</span> <span class='ocrx_word' id='word_1_234' title='bbox 1451 1478 1561 1519; x_wconf 80' lang='lat' dir='ltr'>sagt</span> <span class='ocrx_word' id='word_1_235' title='bbox 1592 1471 1690 1514; x_wconf 84' lang='lat' dir='ltr'>Ph.‚</span> 
     </span>
     <span class='ocr_line' id='line_1_27' title="bbox 201 1519 1692 1568; baseline -0.003 -11"><span class='ocrx_word' id='word_1_236' title='bbox 201 1528 445 1558; x_wconf 85' lang='lat' dir='ltr'>vorzusetzen</span> <span class='ocrx_word' id='word_1_237' title='bbox 471 1522 632 1568; x_wconf 80' lang='lat' dir='ltr'>pflegte,</span> <span class='ocrx_word' id='word_1_238' title='bbox 666 1533 741 1563; x_wconf 73' lang='lat' dir='ltr'>was</span> <span class='ocrx_word' id='word_1_239' title='bbox 776 1520 874 1554; x_wconf 84' lang='lat' dir='ltr'>dann</span> <span class='ocrx_word' id='word_1_240' title='bbox 900 1520 1001 1553; x_wconf 83' lang='lat' dir='ltr'>seine</span> <span class='ocrx_word' id='word_1_241' title='bbox 1029 1519 1305 1555; x_wconf 86' lang='lat' dir='ltr'>Griechischen</span> <span class='ocrx_word' id='word_1_242' title='bbox 1332 1521 1446 1555; x_wconf 82' lang='lat' dir='ltr'>Leser</span> <span class='ocrx_word' id='word_1_243' title='bbox 1469 1519 1551 1554; x_wconf 83' lang='lat' dir='ltr'>ihm</span> <span class='ocrx_word' id='word_1_244' title='bbox 1577 1519 1692 1553; x_wconf 85' lang='lat' dir='ltr'>nach-</span> 
     </span>
     <span class='ocr_line' id='line_1_28' title="bbox 201 1568 1692 1614; baseline -0.003 -9"><span class='ocrx_word' id='word_1_245' title='bbox 201 1570 392 1605; x_wconf 82' lang='lat' dir='ltr'>machten.</span> <span class='ocrx_word' id='word_1_246' title='bbox 421 1569 457 1604; x_wconf 91' lang='lat' dir='ltr'>S.</span> <span class='ocrx_word' id='word_1_247' title='bbox 485 1569 666 1603; x_wconf 79' lang='lat' dir='ltr'>Stobaeus</span> <span class='ocrx_word' id='word_1_248' title='bbox 693 1581 725 1603; x_wconf 87' lang='lat' dir='ltr'>c.</span> <span class='ocrx_word' id='word_1_249' title='bbox 753 1571 808 1604; x_wconf 88' lang='lat'>71.</span> <span class='ocrx_word' id='word_1_250' title='bbox 827 1581 862 1601; x_wconf 88' lang='lat' dir='ltr'>u.</span> <span class='ocrx_word' id='word_1_251' title='bbox 884 1569 963 1604; x_wconf 76' lang='lat'>855.</span> <span class='ocrx_word' id='word_1_252' title='bbox 992 1569 1064 1603; x_wconf 89' lang='lat' dir='ltr'>Dio</span> <span class='ocrx_word' id='word_1_253' title='bbox 1092 1568 1284 1604; x_wconf 85' lang='lat' dir='ltr'>Chrosost.</span> <span class='ocrx_word' id='word_1_254' title='bbox 1305 1568 1343 1602; x_wconf 89' lang='lat' dir='ltr'>in</span> <span class='ocrx_word' id='word_1_255' title='bbox 1361 1570 1461 1604; x_wconf 88' lang='lat' dir='ltr'>Orat.</span> <span class='ocrx_word' id='word_1_256' title='bbox 1488 1568 1692 1614; x_wconf 77' lang='lat' dir='ltr'>Borysthe-</span> 
     </span>
     <span class='ocr_line' id='line_1_29' title="bbox 200 1616 1690 1665; baseline -0.003 -12"><span class='ocrx_word' id='word_1_257' title='bbox 200 1619 320 1653; x_wconf 86' lang='lat' dir='ltr'>nitica</span> <span class='ocrx_word' id='word_1_258' title='bbox 345 1631 382 1652; x_wconf 84' lang='lat' dir='ltr'>u.</span> <span class='ocrx_word' id='word_1_259' title='bbox 411 1618 543 1652; x_wconf 80' lang='lat' dir='ltr'>Strabo</span> <span class='ocrx_word' id='word_1_260' title='bbox 570 1618 622 1651; x_wconf 84' lang='lat' dir='ltr'>im</span> <span class='ocrx_word' id='word_1_261' title='bbox 648 1617 690 1651; x_wconf 89' lang='lat' dir='ltr'>X.</span> <span class='ocrx_word' id='word_1_262' title='bbox 717 1618 758 1651; x_wconf 91' lang='grc' dir='ltr'>Β.</span> <span class='ocrx_word' id='word_1_263' title='bbox 809 1617 866 1650; x_wconf 89' lang='lat' dir='ltr'>Er</span> <span class='ocrx_word' id='word_1_264' title='bbox 899 1628 980 1650; x_wconf 84' lang='lat' dir='ltr'>war</span> <span class='ocrx_word' id='word_1_265' title='bbox 1014 1617 1075 1649; x_wconf 89' lang='lat' dir='ltr'>ein</span> <span class='ocrx_word' id='word_1_266' title='bbox 1109 1616 1353 1664; x_wconf 81' lang='lat' dir='ltr'>Zeitgenosse</span> <span class='ocrx_word' id='word_1_267' title='bbox 1388 1617 1451 1650; x_wconf 85' lang='lat' dir='ltr'>des</span> <span class='ocrx_word' id='word_1_268' title='bbox 1485 1616 1690 1665; x_wconf 82' lang='lat' dir='ltr'>Theognis.</span> 
     </span>
     <span class='ocr_line' id='line_1_30' title="bbox 201 1665 1692 1710; baseline -0.001 -10"><span class='ocrx_word' id='word_1_269' title='bbox 201 1686 249 1693; x_wconf 93' lang='lat'>--</span> <span class='ocrx_word' id='word_1_270' title='bbox 273 1668 383 1710; x_wconf 80' lang='lat' dir='ltr'>signa</span> <span class='ocrx_word' id='word_1_271' title='bbox 416 1676 591 1709; x_wconf 82' lang='lat' dir='ltr'>compon.‚</span> <span class='ocrx_word' id='word_1_272' title='bbox 629 1666 689 1699; x_wconf 85' lang='lat' dir='ltr'>die</span> <span class='ocrx_word' id='word_1_273' title='bbox 722 1665 954 1710; x_wconf 82' lang='lat' dir='ltr'>Anordnung</span> <span class='ocrx_word' id='word_1_274' title='bbox 991 1665 1059 1699; x_wconf 86' lang='lat' dir='ltr'>der</span> <span class='ocrx_word' id='word_1_275' title='bbox 1090 1665 1308 1699; x_wconf 73' lang='lat' dir='ltr'>Bildsa&#39;ulen</span> <span class='ocrx_word' id='word_1_276' title='bbox 1340 1666 1413 1710; x_wconf 46' lang='lat'>³¹¹5.</span> <span class='ocrx_word' id='word_1_277' title='bbox 1439 1665 1581 1698; x_wconf 85' lang='lat' dir='ltr'>seinern</span> <span class='ocrx_word' id='word_1_278' title='bbox 1620 1674 1692 1698; x_wconf 87' lang='lat' dir='ltr'>neu</span> 
     </span>
     <span class='ocr_line' id='line_1_31' title="bbox 201 1713 1691 1759; baseline -0.003 -10"><span class='ocrx_word' id='word_1_279' title='bbox 201 1715 385 1750; x_wconf 78' lang='lat' dir='ltr'>erbauten</span> <span class='ocrx_word' id='word_1_280' title='bbox 418 1713 721 1759; x_wconf 80' lang='lat' dir='ltr'>Amphitheater.</span> <span class='ocrx_word' id='word_1_281' title='bbox 758 1714 803 1746; x_wconf 82' lang='lat' dir='ltr'>ad</span> <span class='ocrx_word' id='word_1_282' title='bbox 839 1713 929 1747; x_wconf 88' lang='lat' dir='ltr'>Div.</span> <span class='ocrx_word' id='word_1_283' title='bbox 966 1714 1053 1753; x_wconf 88' lang='lat' dir='ltr'>VII,</span> <span class='ocrx_word' id='word_1_284' title='bbox 1083 1716 1114 1747; x_wconf 91' lang='lat' dir='ltr'>l.</span> <span class='ocrx_word' id='word_1_285' title='bbox 1142 1713 1335 1756; x_wconf 86' lang='lat' dir='ltr'>(CXXVI.)</span> <span class='ocrx_word' id='word_1_286' title='bbox 1385 1713 1488 1746; x_wconf 86' lang='lat' dir='ltr'>Uber</span> <span class='ocrx_word' id='word_1_287' title='bbox 1522 1713 1584 1746; x_wconf 86' lang='lat' dir='ltr'>das</span> <span class='ocrx_word' id='word_1_288' title='bbox 1618 1713 1691 1745; x_wconf 90' lang='lat' dir='ltr'>Ge-</span> 
     </span>
     <span class='ocr_line' id='line_1_32' title="bbox 201 1760 1692 1806; baseline -0.003 -9"><span class='ocrx_word' id='word_1_289' title='bbox 201 1763 352 1797; x_wconf 84' lang='lat' dir='ltr'>rundiv.</span> <span class='ocrx_word' id='word_1_290' title='bbox 380 1775 405 1795; x_wconf 79' lang='lat' dir='ltr'>s.</span> <span class='ocrx_word' id='word_1_291' title='bbox 432 1760 583 1796; x_wconf 84' lang='lat' dir='ltr'>Ramsh.</span> <span class='ocrx_word' id='word_1_292' title='bbox 610 1762 642 1806; x_wconf 64' lang='grc' dir='ltr'>ἕ.</span> <span class='ocrx_word' id='word_1_293' title='bbox 673 1763 751 1798; x_wconf 88' lang='grc'>169.</span> <span class='ocrx_word' id='word_1_294' title='bbox 778 1762 814 1803; x_wconf 90' lang='grc'>4,</span> <span class='ocrx_word' id='word_1_295' title='bbox 840 1761 877 1799; x_wconf 71' lang='lat' dir='ltr'>b.</span> <span class='ocrx_word' id='word_1_296' title='bbox 907 1762 1056 1795; x_wconf 85' lang='lat' dir='ltr'>Grotef.</span> <span class='ocrx_word' id='word_1_297' title='bbox 1084 1761 1113 1804; x_wconf 86' lang='lat'>§.</span> <span class='ocrx_word' id='word_1_298' title='bbox 1139 1762 1221 1796; x_wconf 75' lang='lat'>318.</span> <span class='ocrx_word' id='word_1_299' title='bbox 1248 1780 1290 1787; x_wconf 90' lang='lat'>--</span> <span class='ocrx_word' id='word_1_300' title='bbox 1319 1762 1357 1794; x_wconf 79' lang='lat' dir='ltr'>in</span> <span class='ocrx_word' id='word_1_301' title='bbox 1383 1772 1452 1794; x_wconf 76' lang='lat' dir='ltr'>nos</span> <span class='ocrx_word' id='word_1_302' title='bbox 1475 1772 1574 1795; x_wconf 78' lang='lat' dir='ltr'>suav.</span> <span class='ocrx_word' id='word_1_303' title='bbox 1602 1760 1692 1804; x_wconf 83' lang='lat' dir='ltr'>effu-</span> 
     </span>
     <span class='ocr_line' id='line_1_33' title="bbox 202 1808 1692 1857; baseline -0.003 -11"><span class='ocrx_word' id='word_1_304' title='bbox 202 1822 280 1853; x_wconf 79' lang='lat' dir='ltr'>sus,</span> <span class='ocrx_word' id='word_1_305' title='bbox 307 1809 411 1844; x_wconf 85' lang='lat' dir='ltr'>mich</span> <span class='ocrx_word' id='word_1_306' title='bbox 438 1810 616 1854; x_wconf 81' lang='lat' dir='ltr'>iibergoss</span> <span class='ocrx_word' id='word_1_307' title='bbox 642 1820 686 1844; x_wconf 84' lang='lat' dir='ltr'>er</span> <span class='ocrx_word' id='word_1_308' title='bbox 711 1810 804 1844; x_wconf 81' lang='lat' dir='ltr'>iiber</span> <span class='ocrx_word' id='word_1_309' title='bbox 828 1810 905 1843; x_wconf 86' lang='lat' dir='ltr'>und</span> <span class='ocrx_word' id='word_1_310' title='bbox 930 1810 1024 1843; x_wconf 74' lang='lat' dir='ltr'>iiber</span> <span class='ocrx_word' id='word_1_311' title='bbox 1049 1810 1121 1843; x_wconf 86' lang='lat' dir='ltr'>mit</span> <span class='ocrx_word' id='word_1_312' title='bbox 1145 1808 1447 1857; x_wconf 82' lang='lat' dir='ltr'>Liebkosungen.</span> <span class='ocrx_word' id='word_1_313' title='bbox 1474 1828 1518 1834; x_wconf 93' lang='lat'>—</span> <span class='ocrx_word' id='word_1_314' title='bbox 1555 1809 1594 1842; x_wconf 72' lang='lat' dir='ltr'>‘in</span> <span class='ocrx_word' id='word_1_315' title='bbox 1621 1808 1692 1842; x_wconf 86' lang='lat' dir='ltr'>Cu-</span> 
     </span>
    </p>
   </div>
   <div class='ocr_carea' id='block_1_6' title="bbox 204 1857 1690 1956">
    <p class='ocr_par' dir='ltr' id='par_1_6' title="bbox 204 1857 1690 1956">
     <span class='ocr_line' id='line_1_34' title="bbox 204 1857 1689 1906; baseline 0 -14"><span class='ocrx_word' id='word_1_316' title='bbox 204 1869 344 1893; x_wconf 84' lang='lat' dir='ltr'>manum</span> <span class='ocrx_word' id='word_1_317' title='bbox 377 1868 503 1891; x_wconf 84' lang='lat' dir='ltr'>meum</span> <span class='ocrx_word' id='word_1_318' title='bbox 538 1869 561 1891; x_wconf 88' lang='lat' dir='ltr'><em>a</em></span> <span class='ocrx_word' id='word_1_319' title='bbox 585 1868 624 1891; x_wconf 78' lang='lat' dir='ltr'>se</span> <span class='ocrx_word' id='word_1_320' title='bbox 650 1858 676 1895; x_wconf 66' lang='lat' dir='ltr'>i.</span> <span class='ocrx_word' id='word_1_321' title='bbox 705 1869 735 1892; x_wconf 85' lang='lat' dir='ltr'>e.</span> <span class='ocrx_word' id='word_1_322' title='bbox 763 1868 782 1891; x_wconf 88' lang='lat' dir='ltr'>e</span> <span class='ocrx_word' id='word_1_323' title='bbox 808 1858 897 1892; x_wconf 88' lang='lat' dir='ltr'>villa</span> <span class='ocrx_word' id='word_1_324' title='bbox 925 1870 988 1892; x_wconf 89' lang='lat' dir='ltr'>sua</span> <span class='ocrx_word' id='word_1_325' title='bbox 1014 1859 1183 1891; x_wconf 85' lang='lat' dir='ltr'>Cumana</span> <span class='ocrx_word' id='word_1_326' title='bbox 1208 1857 1262 1890; x_wconf 87' lang='lat' dir='ltr'>im</span> <span class='ocrx_word' id='word_1_327' title='bbox 1289 1858 1383 1906; x_wconf 77' lang='lat' dir='ltr'>Geg.</span> <span class='ocrx_word' id='word_1_328' title='bbox 1410 1868 1486 1892; x_wconf 84' lang='lat' dir='ltr'>von</span> <span class='ocrx_word' id='word_1_329' title='bbox 1519 1857 1618 1902; x_wconf 80' lang='lat' dir='ltr'>apud</span> <span class='ocrx_word' id='word_1_330' title='bbox 1640 1867 1689 1892; x_wconf 80' lang='lat' dir='ltr'>se.</span> 
     </span>
     <span class='ocr_line' id='line_1_35' title="bbox 204 1904 1690 1956; baseline -0.002 -16"><span class='ocrx_word' id='word_1_331' title='bbox 204 1909 292 1956; x_wconf 83' lang='lat' dir='ltr'>Vgl.</span> <span class='ocrx_word' id='word_1_332' title='bbox 320 1917 378 1952; x_wconf 84' lang='lat' dir='ltr'>ep.</span> <span class='ocrx_word' id='word_1_333' title='bbox 407 1904 580 1946; x_wconf 85' lang='lat' dir='ltr'>CXVIII,</span> <span class='ocrx_word' id='word_1_334' title='bbox 611 1908 648 1939; x_wconf 92' lang='lat'>1:</span> <span class='ocrx_word' id='word_1_335' title='bbox 678 1905 776 1952; x_wconf 84' lang='lat' dir='ltr'>apud</span> <span class='ocrx_word' id='word_1_336' title='bbox 801 1912 850 1939; x_wconf 87' lang='lat' dir='ltr'>te.</span> <span class='ocrx_word' id='word_1_337' title='bbox 887 1925 932 1930; x_wconf 91' lang='lat'>—-—</span> <span class='ocrx_word' id='word_1_338' title='bbox 966 1907 1079 1946; x_wconf 80' lang='lat' dir='ltr'>velle,</span> <span class='ocrx_word' id='word_1_339' title='bbox 1113 1915 1230 1953; x_wconf 79' lang='lat' dir='ltr'>gerne</span> <span class='ocrx_word' id='word_1_340' title='bbox 1257 1917 1305 1938; x_wconf 89' lang='lat' dir='ltr'>zu</span> <span class='ocrx_word' id='word_1_341' title='bbox 1330 1905 1456 1939; x_wconf 82' lang='lat' dir='ltr'>sehen.</span> <span class='ocrx_word' id='word_1_342' title='bbox 1497 1925 1538 1931; x_wconf 89' lang='lat'>--</span> <span class='ocrx_word' id='word_1_343' title='bbox 1576 1905 1690 1939; x_wconf 65' lang='lat' dir='ltr'>Iness.</span> 
     </span>
    </p>
   </div>
   <div class='ocr_carea' id='block_1_7' title="bbox 203 1952 1717 2814">
    <p class='ocr_par' dir='ltr' id='par_1_7' title="bbox 205 1952 1717 2285">
     <span class='ocr_line' id='line_1_36' title="bbox 205 1952 1690 2000; baseline -0.002 -11"><span class='ocrx_word' id='word_1_344' title='bbox 205 1967 236 1989; x_wconf 89' lang='lat' dir='ltr'>c.</span> <span class='ocrx_word' id='word_1_345' title='bbox 259 1959 356 2000; x_wconf 51' lang='lat' dir='ltr'>pet„</span> <span class='ocrx_word' id='word_1_346' title='bbox 384 1954 469 1987; x_wconf 74' lang='lat' dir='ltr'>dem</span> <span class='ocrx_word' id='word_1_347' title='bbox 498 1954 694 1999; x_wconf 81' lang='lat' dir='ltr'>Pompeius</span> <span class='ocrx_word' id='word_1_348' title='bbox 721 1955 774 1987; x_wconf 86' lang='lat' dir='ltr'>als</span> <span class='ocrx_word' id='word_1_349' title='bbox 801 1954 923 1987; x_wconf 81' lang='lat' dir='ltr'>einem</span> <span class='ocrx_word' id='word_1_350' title='bbox 951 1953 1158 2000; x_wconf 62' lang='lat' dir='ltr'>Anhang-er</span> <span class='ocrx_word' id='word_1_351' title='bbox 1183 1953 1249 1986; x_wconf 86' lang='lat' dir='ltr'>der</span> <span class='ocrx_word' id='word_1_352' title='bbox 1276 1952 1579 1999; x_wconf 69' lang='lat' dir='ltr'>Optimatisohen</span> <span class='ocrx_word' id='word_1_353' title='bbox 1606 1954 1690 1986; x_wconf 85' lang='lat' dir='ltr'>Par-</span> 
     </span>
     <span class='ocr_line' id='line_1_37' title="bbox 205 2001 1691 2048; baseline -0.002 -10"><span class='ocrx_word' id='word_1_354' title='bbox 205 2003 257 2038; x_wconf 87' lang='lat' dir='ltr'>tei</span> <span class='ocrx_word' id='word_1_355' title='bbox 283 2003 354 2037; x_wconf 83' lang='lat' dir='ltr'>alle</span> <span class='ocrx_word' id='word_1_356' title='bbox 380 2001 601 2047; x_wconf 67' lang='lat' dir='ltr'>rn&#39;dglichen</span> <span class='ocrx_word' id='word_1_357' title='bbox 627 2002 869 2036; x_wconf 84' lang='lat' dir='ltr'>Hindernisse</span> <span class='ocrx_word' id='word_1_358' title='bbox 896 2002 934 2034; x_wconf 87' lang='lat' dir='ltr'>in</span> <span class='ocrx_word' id='word_1_359' title='bbox 961 2002 1032 2034; x_wconf 90' lang='lat' dir='ltr'>den</span> <span class='ocrx_word' id='word_1_360' title='bbox 1059 2002 1172 2048; x_wconf 80' lang='lat' dir='ltr'>Weg</span> <span class='ocrx_word' id='word_1_361' title='bbox 1197 2002 1313 2046; x_wconf 76' lang='lat' dir='ltr'>leg-te.</span> <span class='ocrx_word' id='word_1_362' title='bbox 1378 2002 1434 2035; x_wconf 88' lang='lat' dir='ltr'>Er</span> <span class='ocrx_word' id='word_1_363' title='bbox 1467 2002 1597 2035; x_wconf 87' lang='lat' dir='ltr'>wollte</span> <span class='ocrx_word' id='word_1_364' title='bbox 1623 2001 1691 2035; x_wconf 85' lang='lat' dir='ltr'>lie·</span> 
     </span>
     <span class='ocr_line' id='line_1_38' title="bbox 206 2048 1690 2092; baseline -0.002 -7"><span class='ocrx_word' id='word_1_365' title='bbox 206 2052 272 2086; x_wconf 85' lang='lat' dir='ltr'>ber</span> <span class='ocrx_word' id='word_1_366' title='bbox 296 2051 368 2085; x_wconf 87' lang='lat' dir='ltr'>den</span> <span class='ocrx_word' id='word_1_367' title='bbox 396 2050 553 2084; x_wconf 84' lang='lat' dir='ltr'>Amilius</span> <span class='ocrx_word' id='word_1_368' title='bbox 579 2052 740 2084; x_wconf 87' lang='lat' dir='ltr'>Scaurus</span> <span class='ocrx_word' id='word_1_369' title='bbox 767 2061 853 2082; x_wconf 84' lang='lat' dir='ltr'>zum</span> <span class='ocrx_word' id='word_1_370' title='bbox 880 2050 1020 2085; x_wconf 84' lang='lat' dir='ltr'>Consul</span> <span class='ocrx_word' id='word_1_371' title='bbox 1051 2048 1174 2082; x_wconf 83' lang='lat' dir='ltr'>haben</span> <span class='ocrx_word' id='word_1_372' title='bbox 1202 2049 1294 2092; x_wconf 87' lang='lat' dir='ltr'>(und</span> <span class='ocrx_word' id='word_1_373' title='bbox 1319 2049 1440 2083; x_wconf 87' lang='lat' dir='ltr'>Einer</span> <span class='ocrx_word' id='word_1_374' title='bbox 1464 2060 1541 2084; x_wconf 85' lang='lat' dir='ltr'>von</span> <span class='ocrx_word' id='word_1_375' title='bbox 1566 2049 1690 2084; x_wconf 85' lang='lat' dir='ltr'>diesen</span> 
     </span>
     <span class='ocr_line' id='line_1_39' title="bbox 206 2096 1692 2139; baseline -0.002 -6"><span class='ocrx_word' id='word_1_376' title='bbox 206 2099 346 2133; x_wconf 85' lang='lat' dir='ltr'>Beiden</span> <span class='ocrx_word' id='word_1_377' title='bbox 372 2103 510 2132; x_wconf 82' lang='lat' dir='ltr'>musste</span> <span class='ocrx_word' id='word_1_378' title='bbox 536 2096 800 2139; x_wconf 81' lang='lat' dir='ltr'>durchfallen3</span> <span class='ocrx_word' id='word_1_379' title='bbox 839 2097 936 2130; x_wconf 83' lang='lat' dir='ltr'>deun</span> <span class='ocrx_word' id='word_1_380' title='bbox 972 2099 1069 2131; x_wconf 84' lang='lat' dir='ltr'>zwei</span> <span class='ocrx_word' id='word_1_381' title='bbox 1096 2097 1278 2131; x_wconf 86' lang='lat' dir='ltr'>Patricier</span> <span class='ocrx_word' id='word_1_382' title='bbox 1311 2098 1478 2131; x_wconf 84' lang='lat' dir='ltr'>konnten</span> <span class='ocrx_word' id='word_1_383' title='bbox 1503 2097 1601 2131; x_wconf 87' lang='lat' dir='ltr'>nach</span> <span class='ocrx_word' id='word_1_384' title='bbox 1627 2097 1692 2131; x_wconf 86' lang='lat' dir='ltr'>der</span> 
     </span>
     <span class='ocr_line' id='line_1_40' title="bbox 206 2144 1692 2192; baseline -0.003 -10"><span class='ocrx_word' id='word_1_385' title='bbox 206 2149 270 2182; x_wconf 81' lang='lat' dir='ltr'>lex</span> <span class='ocrx_word' id='word_1_386' title='bbox 295 2147 443 2181; x_wconf 89' lang='lat' dir='ltr'>Licinia</span> <span class='ocrx_word' id='word_1_387' title='bbox 469 2146 578 2180; x_wconf 85' lang='lat' dir='ltr'>nicht</span> <span class='ocrx_word' id='word_1_388' title='bbox 602 2145 781 2190; x_wconf 84' lang='lat' dir='ltr'>zugleich</span> <span class='ocrx_word' id='word_1_389' title='bbox 808 2145 970 2192; x_wconf 73' lang='lat' dir='ltr'>Consuln</span> <span class='ocrx_word' id='word_1_390' title='bbox 995 2145 1176 2188; x_wconf 86' lang='lat' dir='ltr'>werden).</span> <span class='ocrx_word' id='word_1_391' title='bbox 1225 2144 1410 2179; x_wconf 85' lang='lat' dir='ltr'>Dennoch</span> <span class='ocrx_word' id='word_1_392' title='bbox 1435 2146 1566 2180; x_wconf 84' lang='lat' dir='ltr'>wurde</span> <span class='ocrx_word' id='word_1_393' title='bbox 1592 2146 1692 2180; x_wconf 77' lang='lat' dir='ltr'>Mes·</span> 
     </span>
     <span class='ocr_line' id='line_1_41' title="bbox 207 2192 1717 2239; baseline -0.001 -11"><span class='ocrx_word' id='word_1_394' title='bbox 207 2197 282 2230; x_wconf 82' lang='lat' dir='ltr'>sala</span> <span class='ocrx_word' id='word_1_395' title='bbox 308 2197 374 2230; x_wconf 77' lang='lat' dir='ltr'>fiir</span> <span class='ocrx_word' id='word_1_396' title='bbox 400 2195 464 2228; x_wconf 78' lang='lat' dir='ltr'>das</span> <span class='ocrx_word' id='word_1_397' title='bbox 489 2193 582 2229; x_wconf 83' lang='lat' dir='ltr'>Iahr</span> <span class='ocrx_word' id='word_1_398' title='bbox 608 2196 675 2230; x_wconf 84' lang='lat'>701</span> <span class='ocrx_word' id='word_1_399' title='bbox 708 2193 882 2228; x_wconf 65' lang='lat' dir='ltr'>erwahlt.</span> <span class='ocrx_word' id='word_1_400' title='bbox 943 2193 1045 2228; x_wconf 86' lang='lat' dir='ltr'>Uber</span> <span class='ocrx_word' id='word_1_401' title='bbox 1084 2192 1152 2226; x_wconf 86' lang='lat' dir='ltr'>ihn</span> <span class='ocrx_word' id='word_1_402' title='bbox 1186 2205 1213 2227; x_wconf 81' lang='lat' dir='ltr'>s.</span> <span class='ocrx_word' id='word_1_403' title='bbox 1242 2205 1302 2239; x_wconf 83' lang='lat' dir='ltr'>ep,</span> <span class='ocrx_word' id='word_1_404' title='bbox 1337 2193 1437 2230; x_wconf 87' lang='lat' dir='ltr'>XVI.</span> <span class='ocrx_word' id='word_1_405' title='bbox 1472 2205 1533 2227; x_wconf 90' lang='lat' dir='ltr'>am</span> <span class='ocrx_word' id='word_1_406' title='bbox 1565 2193 1717 2235; x_wconf 26' lang='lat' dir='ltr'>Ende57</span> 
     </span>
     <span class='ocr_line' id='line_1_42' title="bbox 206 2243 412 2285; baseline -0.005 -8"><span class='ocrx_word' id='word_1_407' title='bbox 206 2243 350 2285; x_wconf 85' lang='lat' dir='ltr'>XVIII,</span> <span class='ocrx_word' id='word_1_408' title='bbox 377 2243 412 2277; x_wconf 85' lang='lat'>3.</span> 
     </span>
    </p>

    <p class='ocr_par' dir='ltr' id='par_1_8' title="bbox 203 2288 1690 2671">
     <span class='ocr_line' id='line_1_43' title="bbox 302 2288 1689 2331; baseline -0.001 -8"><span class='ocrx_word' id='word_1_409' title='bbox 302 2293 334 2327; x_wconf 87' lang='lat'>2.</span> <span class='ocrx_word' id='word_1_410' title='bbox 362 2289 519 2323; x_wconf 84' lang='lat' dir='ltr'>Lucceio</span> <span class='ocrx_word' id='word_1_411' title='bbox 546 2314 553 2321; x_wconf 93' lang='lat'>.</span> <span class='ocrx_word' id='word_1_412' title='bbox 581 2315 589 2324; x_wconf 88' lang='lat'>.</span> <span class='ocrx_word' id='word_1_413' title='bbox 619 2315 627 2323; x_wconf 90' lang='lat'>.</span> <span class='ocrx_word' id='word_1_414' title='bbox 654 2300 796 2331; x_wconf 71' lang='lat' dir='ltr'>comm,</span> <span class='ocrx_word' id='word_1_415' title='bbox 824 2290 850 2326; x_wconf 84' lang='lat' dir='ltr'>i.</span> <span class='ocrx_word' id='word_1_416' title='bbox 878 2300 907 2323; x_wconf 92' lang='lat' dir='ltr'>e.</span> <span class='ocrx_word' id='word_1_417' title='bbox 935 2295 972 2323; x_wconf 87' lang='lat' dir='ltr'>te</span> <span class='ocrx_word' id='word_1_418' title='bbox 998 2300 1083 2323; x_wconf 87' lang='lat' dir='ltr'>eum</span> <span class='ocrx_word' id='word_1_419' title='bbox 1111 2288 1427 2330; x_wconf 83' lang='lat' dir='ltr'>exhortaturum‚</span> <span class='ocrx_word' id='word_1_420' title='bbox 1460 2295 1502 2324; x_wconf 87' lang='lat' dir='ltr'>ut</span> <span class='ocrx_word' id='word_1_421' title='bbox 1527 2289 1572 2323; x_wconf 84' lang='lat' dir='ltr'>de</span> <span class='ocrx_word' id='word_1_422' title='bbox 1597 2299 1689 2323; x_wconf 87' lang='lat' dir='ltr'>con-</span> 
     </span>
     <span class='ocr_line' id='line_1_44' title="bbox 206 2335 1690 2385; baseline -0.003 -11"><span class='ocrx_word' id='word_1_423' title='bbox 206 2340 330 2374; x_wconf 75' lang='lat' dir='ltr'>sulam</span> <span class='ocrx_word' id='word_1_424' title='bbox 356 2349 439 2372; x_wconf 87' lang='lat' dir='ltr'>meo</span> <span class='ocrx_word' id='word_1_425' title='bbox 465 2339 695 2385; x_wconf 83' lang='lat' dir='ltr'>singularem</span> <span class='ocrx_word' id='word_1_426' title='bbox 722 2339 892 2371; x_wconf 85' lang='lat' dir='ltr'>libellum</span> <span class='ocrx_word' id='word_1_427' title='bbox 920 2343 1132 2382; x_wconf 84' lang='lat' dir='ltr'>componat.</span> <span class='ocrx_word' id='word_1_428' title='bbox 1162 2340 1203 2370; x_wconf 82' lang='lat' dir='ltr'>V.</span> <span class='ocrx_word' id='word_1_429' title='bbox 1231 2350 1289 2385; x_wconf 81' lang='lat' dir='ltr'>ep.</span> <span class='ocrx_word' id='word_1_430' title='bbox 1318 2337 1456 2371; x_wconf 80' lang='lat' dir='ltr'>CVIII.</span> <span class='ocrx_word' id='word_1_431' title='bbox 1486 2357 1526 2364; x_wconf 90' lang='lat'>-</span> <span class='ocrx_word' id='word_1_432' title='bbox 1565 2335 1690 2377; x_wconf 82' lang='lat' dir='ltr'>aedifi-</span> 
     </span>
     <span class='ocr_line' id='line_1_45' title="bbox 204 2385 1688 2429; baseline -0.003 -7"><span class='ocrx_word' id='word_1_433' title='bbox 204 2388 299 2422; x_wconf 80' lang='lat' dir='ltr'>cium</span> <span class='ocrx_word' id='word_1_434' title='bbox 331 2386 354 2419; x_wconf 86' lang='lat' dir='ltr'>i.</span> <span class='ocrx_word' id='word_1_435' title='bbox 393 2397 424 2419; x_wconf 90' lang='lat' dir='ltr'>e.</span> <span class='ocrx_word' id='word_1_436' title='bbox 460 2386 761 2420; x_wconf 79' lang='lat' dir='ltr'>aedificationem</span> <span class='ocrx_word' id='word_1_437' title='bbox 803 2386 843 2419; x_wconf 88' lang='lat' dir='ltr'>in</span> <span class='ocrx_word' id='word_1_438' title='bbox 891 2386 1085 2419; x_wconf 82' lang='lat' dir='ltr'>Ciceronis</span> <span class='ocrx_word' id='word_1_439' title='bbox 1129 2385 1241 2420; x_wconf 84' lang='lat' dir='ltr'>domo</span> <span class='ocrx_word' id='word_1_440' title='bbox 1286 2386 1467 2421; x_wconf 71' lang='lat' dir='ltr'>Palatina.</span> <span class='ocrx_word' id='word_1_441' title='bbox 1507 2386 1594 2419; x_wconf 83' lang='lat' dir='ltr'>vid.</span> <span class='ocrx_word' id='word_1_442' title='bbox 1631 2395 1688 2429; x_wconf 86' lang='lat' dir='ltr'>ep.</span> 
     </span>
     <span class='ocr_line' id='line_1_46' title="bbox 203 2432 1689 2478; baseline -0.003 -9"><span class='ocrx_word' id='word_1_443' title='bbox 203 2435 378 2478; x_wconf 27' lang='lat' dir='ltr'>cixvnl,</span> <span class='ocrx_word' id='word_1_444' title='bbox 405 2436 445 2470; x_wconf 90' lang='lat'>2:</span> <span class='ocrx_word' id='word_1_445' title='bbox 476 2433 606 2478; x_wconf 80' lang='lat' dir='ltr'>Cyrea.</span> <span class='ocrx_word' id='word_1_446' title='bbox 634 2453 675 2458; x_wconf 92' lang='lat'>—</span> <span class='ocrx_word' id='word_1_447' title='bbox 703 2438 877 2477; x_wconf 78' lang='lat' dir='ltr'>gratum,</span> <span class='ocrx_word' id='word_1_448' title='bbox 905 2434 999 2468; x_wconf 87' lang='lat' dir='ltr'>Ern.</span> <span class='ocrx_word' id='word_1_449' title='bbox 1037 2445 1133 2478; x_wconf 86' lang='lat' dir='ltr'>susp.</span> <span class='ocrx_word' id='word_1_450' title='bbox 1163 2438 1217 2467; x_wconf 75' lang='lat' dir='ltr'>est</span> <span class='ocrx_word' id='word_1_451' title='bbox 1248 2439 1410 2477; x_wconf 79' lang='lat' dir='ltr'>gratum.</span> <span class='ocrx_word' id='word_1_452' title='bbox 1438 2433 1508 2467; x_wconf 85' lang='lat' dir='ltr'>Sed</span> <span class='ocrx_word' id='word_1_453' title='bbox 1534 2434 1605 2466; x_wconf 85' lang='lat' dir='ltr'>cfr.</span> <span class='ocrx_word' id='word_1_454' title='bbox 1633 2432 1689 2465; x_wconf 87' lang='lat' dir='ltr'>in-</span> 
     </span>
     <span class='ocr_line' id='line_1_47' title="bbox 205 2480 1687 2528; baseline -0.003 -11"><span class='ocrx_word' id='word_1_455' title='bbox 205 2484 266 2519; x_wconf 72' lang='lat' dir='ltr'>fra</span> <span class='ocrx_word' id='word_1_456' title='bbox 299 2483 370 2528; x_wconf 82' lang='lat' dir='ltr'>Ep.</span> <span class='ocrx_word' id='word_1_457' title='bbox 408 2482 466 2525; x_wconf 88' lang='lat'>15,</span> <span class='ocrx_word' id='word_1_458' title='bbox 499 2481 529 2524; x_wconf 67' lang='grc' dir='ltr'>ξ.</span> <span class='ocrx_word' id='word_1_459' title='bbox 568 2485 599 2517; x_wconf 87' lang='lat'>1.</span> <span class='ocrx_word' id='word_1_460' title='bbox 632 2483 816 2523; x_wconf 86' lang='lat' dir='ltr'>(CXLII.)</span> <span class='ocrx_word' id='word_1_461' title='bbox 857 2480 1052 2517; x_wconf 72' lang='lat' dir='ltr'>ORELLJ.</span> <span class='ocrx_word' id='word_1_462' title='bbox 1087 2500 1133 2506; x_wconf 89' lang='lat'>—</span> <span class='ocrx_word' id='word_1_463' title='bbox 1165 2493 1285 2516; x_wconf 80' lang='lat' dir='ltr'>secum</span> <span class='ocrx_word' id='word_1_464' title='bbox 1316 2481 1478 2515; x_wconf 79' lang='lat' dir='ltr'>haberet.</span> <span class='ocrx_word' id='word_1_465' title='bbox 1510 2481 1555 2514; x_wconf 88' lang='lat' dir='ltr'>de</span> <span class='ocrx_word' id='word_1_466' title='bbox 1587 2480 1687 2514; x_wconf 88' lang='lat' dir='ltr'>Man.</span> 
     </span>
     <span class='ocr_line' id='line_1_48' title="bbox 204 2528 1689 2577; baseline -0.004 -11"><span class='ocrx_word' id='word_1_467' title='bbox 204 2543 303 2577; x_wconf 72' lang='lat' dir='ltr'>susp.</span> <span class='ocrx_word' id='word_1_468' title='bbox 328 2530 458 2564; x_wconf 88' lang='lat' dir='ltr'>Lamb.</span> <span class='ocrx_word' id='word_1_469' title='bbox 485 2530 593 2575; x_wconf 82' lang='lat' dir='ltr'>prob.</span> <span class='ocrx_word' id='word_1_470' title='bbox 621 2531 714 2564; x_wconf 81' lang='lat' dir='ltr'>Lall.</span> <span class='ocrx_word' id='word_1_471' title='bbox 742 2535 855 2564; x_wconf 83' lang='lat' dir='ltr'>tecum</span> <span class='ocrx_word' id='word_1_472' title='bbox 881 2528 1043 2563; x_wconf 76' lang='lat' dir='ltr'>haberes.</span> <span class='ocrx_word' id='word_1_473' title='bbox 1071 2529 1271 2564; x_wconf 84' lang='lat' dir='ltr'>ORELLI.</span> <span class='ocrx_word' id='word_1_474' title='bbox 1299 2530 1396 2563; x_wconf 87' lang='lat' dir='ltr'>denn</span> <span class='ocrx_word' id='word_1_475' title='bbox 1419 2529 1600 2575; x_wconf 83' lang='lat' dir='ltr'>Quintus,</span> <span class='ocrx_word' id='word_1_476' title='bbox 1628 2528 1689 2561; x_wconf 73' lang='lat' dir='ltr'>de·</span> 
     </span>
     <span class='ocr_line' id='line_1_49' title="bbox 205 2576 1687 2625; baseline -0.003 -12"><span class='ocrx_word' id='word_1_477' title='bbox 205 2580 368 2625; x_wconf 79' lang='lat' dir='ltr'>Quintus</span> <span class='ocrx_word' id='word_1_478' title='bbox 394 2577 519 2619; x_wconf 89' lang='lat' dir='ltr'>Sohn‚</span> <span class='ocrx_word' id='word_1_479' title='bbox 558 2578 623 2611; x_wconf 78' lang='lat' dir='ltr'>des</span> <span class='ocrx_word' id='word_1_480' title='bbox 650 2579 801 2612; x_wconf 80' lang='lat' dir='ltr'>Marcus</span> <span class='ocrx_word' id='word_1_481' title='bbox 826 2576 957 2620; x_wconf 62' lang='lat' dir='ltr'>Nesse,</span> <span class='ocrx_word' id='word_1_482' title='bbox 995 2588 1076 2611; x_wconf 88' lang='lat' dir='ltr'>war</span> <span class='ocrx_word' id='word_1_483' title='bbox 1100 2577 1208 2611; x_wconf 88' lang='lat' dir='ltr'>nicht</span> <span class='ocrx_word' id='word_1_484' title='bbox 1234 2578 1331 2612; x_wconf 87' lang='lat' dir='ltr'>heim</span> <span class='ocrx_word' id='word_1_485' title='bbox 1358 2579 1495 2616; x_wconf 72' lang='lat' dir='ltr'>vater,</span> <span class='ocrx_word' id='word_1_486' title='bbox 1529 2577 1687 2610; x_wconf 83' lang='lat' dir='ltr'>sondern</span> 
     </span>
     <span class='ocr_line' id='line_1_50' title="bbox 203 2623 1687 2671; baseline -0.002 -10"><span class='ocrx_word' id='word_1_487' title='bbox 203 2626 268 2661; x_wconf 79' lang='lat' dir='ltr'>hei</span> <span class='ocrx_word' id='word_1_488' title='bbox 292 2626 455 2661; x_wconf 78' lang='lat' dir='ltr'>Attikus.</span> <span class='ocrx_word' id='word_1_489' title='bbox 482 2625 516 2660; x_wconf 86' lang='lat' dir='ltr'>S.</span> <span class='ocrx_word' id='word_1_490' title='bbox 541 2636 599 2671; x_wconf 84' lang='lat' dir='ltr'>ep.</span> <span class='ocrx_word' id='word_1_491' title='bbox 627 2627 703 2669; x_wconf 86' lang='lat' dir='ltr'>CX,</span> <span class='ocrx_word' id='word_1_492' title='bbox 730 2629 763 2662; x_wconf 88' lang='lat'>3.</span> <span class='ocrx_word' id='word_1_493' title='bbox 792 2645 832 2651; x_wconf 93' lang='lat'>——</span> <span class='ocrx_word' id='word_1_494' title='bbox 872 2625 968 2660; x_wconf 81' lang='lat' dir='ltr'>Non.</span> <span class='ocrx_word' id='word_1_495' title='bbox 995 2625 1116 2667; x_wconf 55' lang='lat' dir='ltr'>sslazl,</span> <span class='ocrx_word' id='word_1_496' title='bbox 1150 2627 1217 2658; x_wconf 79' lang='lat' dir='ltr'>auf</span> <span class='ocrx_word' id='word_1_497' title='bbox 1240 2627 1312 2660; x_wconf 87' lang='lat' dir='ltr'>den</span> <span class='ocrx_word' id='word_1_498' title='bbox 1338 2627 1371 2660; x_wconf 83' lang='lat'>6.</span> <span class='ocrx_word' id='word_1_499' title='bbox 1398 2627 1491 2660; x_wconf 89' lang='lat' dir='ltr'>Mai.</span> <span class='ocrx_word' id='word_1_500' title='bbox 1524 2643 1568 2649; x_wconf 91' lang='lat'>—-</span> <span class='ocrx_word' id='word_1_501' title='bbox 1605 2623 1687 2665; x_wconf 78' lang='lat' dir='ltr'>Ego</span> 
     </span>
    </p>

    <p class='ocr_par' dir='ltr' id='par_1_9' title="bbox 207 2672 1687 2814">
     <span class='ocr_line' id='line_1_51' title="bbox 244 2672 1687 2721; baseline -0.003 -13"><span class='ocrx_word' id='word_1_502' title='bbox 244 2700 252 2708; x_wconf 93' lang='lat'>.</span> <span class='ocrx_word' id='word_1_503' title='bbox 280 2701 287 2708; x_wconf 93' lang='lat'>.</span> <span class='ocrx_word' id='word_1_504' title='bbox 313 2675 430 2712; x_wconf 84' lang='lat' dir='ltr'>movi,</span> <span class='ocrx_word' id='word_1_505' title='bbox 459 2674 521 2707; x_wconf 90' lang='lat' dir='ltr'>ich</span> <span class='ocrx_word' id='word_1_506' title='bbox 549 2674 612 2707; x_wconf 88' lang='lat' dir='ltr'>bin</span> <span class='ocrx_word' id='word_1_507' title='bbox 638 2685 697 2707; x_wconf 86' lang='lat' dir='ltr'>am</span> <span class='ocrx_word' id='word_1_508' title='bbox 723 2676 781 2709; x_wconf 91' lang='grc'>27.</span> <span class='ocrx_word' id='word_1_509' title='bbox 809 2673 913 2719; x_wconf 82' lang='lat' dir='ltr'>April</span> <span class='ocrx_word' id='word_1_510' title='bbox 940 2683 1014 2707; x_wconf 81' lang='lat' dir='ltr'>von</span> <span class='ocrx_word' id='word_1_511' title='bbox 1040 2673 1205 2706; x_wconf 84' lang='lat' dir='ltr'>meinern</span> <span class='ocrx_word' id='word_1_512' title='bbox 1241 2675 1452 2709; x_wconf 82' lang='lat' dir='ltr'>Cumanum</span> <span class='ocrx_word' id='word_1_513' title='bbox 1485 2672 1687 2721; x_wconf 71' lang='lat' dir='ltr'>ausgebro-</span> 
     </span>
     <span class='ocr_line' id='line_1_52' title="bbox 208 2719 1686 2762; baseline -0.003 -6"><span class='ocrx_word' id='word_1_514' title='bbox 208 2724 317 2757; x_wconf 87' lang='lat' dir='ltr'>chen.</span> <span class='ocrx_word' id='word_1_515' title='bbox 352 2733 389 2755; x_wconf 74' lang='lat' dir='ltr'>se</span> <span class='ocrx_word' id='word_1_516' title='bbox 422 2733 560 2756; x_wconf 77' lang='lat' dir='ltr'>movere</span> <span class='ocrx_word' id='word_1_517' title='bbox 601 2722 774 2756; x_wconf 86' lang='lat' dir='ltr'>erinnert</span> <span class='ocrx_word' id='word_1_518' title='bbox 813 2733 860 2754; x_wconf 81' lang='lat' dir='ltr'>un</span> <span class='ocrx_word' id='word_1_519' title='bbox 908 2721 978 2755; x_wconf 82' lang='lat' dir='ltr'>das·</span> <span class='ocrx_word' id='word_1_520' title='bbox 1008 2720 1276 2755; x_wconf 76' lang='lat' dir='ltr'>militairische</span> <span class='ocrx_word' id='word_1_521' title='bbox 1310 2732 1455 2755; x_wconf 80' lang='lat' dir='ltr'>movere</span> <span class='ocrx_word' id='word_1_522' title='bbox 1486 2720 1601 2762; x_wconf 87' lang='lat' dir='ltr'>(ohne</span> <span class='ocrx_word' id='word_1_523' title='bbox 1634 2719 1686 2759; x_wconf 72' lang='lat' dir='ltr'>se)</span> 
     </span>
     <span class='ocr_line' id='line_1_53' title="bbox 207 2768 1686 2814; baseline -0.005 -8"><span class='ocrx_word' id='word_1_524' title='bbox 207 2771 354 2809; x_wconf 71' lang='lat' dir='ltr'>caetris,</span> <span class='ocrx_word' id='word_1_525' title='bbox 381 2781 401 2804; x_wconf 86' lang='lat' dir='ltr'>e</span> <span class='ocrx_word' id='word_1_526' title='bbox 428 2770 580 2812; x_wconf 75' lang='lat' dir='ltr'>castris,</span> <span class='ocrx_word' id='word_1_527' title='bbox 608 2781 654 2804; x_wconf 85' lang='lat' dir='ltr'>ex</span> <span class='ocrx_word' id='word_1_528' title='bbox 681 2769 848 2805; x_wconf 80' lang='lat' dir='ltr'>hibernis</span> <span class='ocrx_word' id='word_1_529' title='bbox 874 2782 911 2803; x_wconf 86' lang='lat' dir='ltr'>u.</span> <span class='ocrx_word' id='word_1_530' title='bbox 938 2782 963 2803; x_wconf 89' lang='lat' dir='ltr'>s.</span> <span class='ocrx_word' id='word_1_531' title='bbox 992 2771 1017 2803; x_wconf 84' lang='lat' dir='ltr'>f.</span> <span class='ocrx_word' id='word_1_532' title='bbox 1046 2789 1089 2795; x_wconf 90' lang='lat'>—-</span> <span class='ocrx_word' id='word_1_533' title='bbox 1122 2771 1218 2813; x_wconf 81' lang='lat' dir='ltr'>apud</span> <span class='ocrx_word' id='word_1_534' title='bbox 1244 2770 1284 2804; x_wconf 69' lang='lat' dir='ltr'>h.</span> <span class='ocrx_word' id='word_1_535' title='bbox 1313 2770 1506 2814; x_wconf 86' lang='lat' dir='ltr'>Papirium</span> <span class='ocrx_word' id='word_1_536' title='bbox 1540 2768 1686 2803; x_wconf 74' lang='lat' dir='ltr'>Paetum</span> 
     </span>
    </p>
   </div>
  </div>
 </body>
</html>
