1742 3006
340 87 658 132 EPISTOLA
705 87 982 131 CXXXIV.
1015 87 1267 131 CXXXV.
1458 87 1552 137 429

70 201 132 243 ris
161 200 376 243 Philisto.
434 200 526 243 Sed
555 199 676 255 quod
706 199 944 253 adscribis,
974 201 1294 256 aggrederisne
1322 200 1380 242 ad
1408 200 1551 243 histo-

68 258 208 299 riam?
275 257 350 299 Me
381 260 563 299 auctore
594 260 733 311 potes.
809 256 886 308 Et,
917 259 1126 310 quoniam
1157 258 1420 299 tabellarios
1450 259 1551 298 sub-

2 337 6 341 -
69 313 313 365 ministras,
344 312 556 354 hodierni
586 313 680 353 diei
711 325 782 353 res
811 315 961 367 gestas
990 313 1318 367 Lupercalibus
1348 312 1549 355 habebis.

70 369 264 411 Oblecta
293 375 337 410 te
367 382 467 410 cum
498 367 719 409 Cicerone
749 373 905 409 nostro
935 381 1067 425 quam
1098 370 1358 416 bellissime.

264 569 579 613 EPISTOLA
611 569 856 611 CXXXV.
917 569 994 619 (ad
1024 569 1128 612 Div.
1159 569 1268 612 Vll.
1300 571 1359 620 6.)

233 645 312 680 Ser.
339 648 484 681 Romae
509 657 633 680 mense
659 645 803 679 Martio
830 646 869 679 A.
898 645 941 677 u.
969 646 1007 680 c.
1037 647 1118 681 700.
1170 647 1218 689 (a.
1248 649 1289 680 e.
1315 647 1394 688 54.)

71 712 302 755 Trebatium,
330 726 441 759 quem
466 713 514 747 ad
543 715 739 747 Caesarem
764 714 804 746 in
832 712 997 746 Galliam
1025 713 1204 757 miserat,
1233 713 1459 749 desiderium
1487 716 1557 750 Ur—

8 766 10 800 3'
69 760 124 794 bis
150 761 390 806 impatienter
417 764 602 796 ferentem
627 761 829 803 hortatur,
862 767 903 794 ut
928 761 966 794 in
993 762 1185 807 provincia
1212 770 1361 796 maneat
1385 770 1441 806 et,
1481 776 1556 810 quo

26 1917 29 1946 ἰ

26 1949 30 2046 ῃ

29 2132 32 2167 l

14 2168 30 2495 ἱ

136 810 295 844 consilio
319 812 513 857 profectus
540 810 601 852 sit,
628 811 667 844 id
693 809 912 843 assiduitate
937 816 974 843 et
998 810 1138 843 virtute
1161 819 1388 856 assequatur.
1421 814 1492 847 1-2.

498 897 684 931 CICERO
710 897 744 932 S.
772 896 816 929 D.
842 895 1114 931 TREBATIO.

180 966 232 1006 In
261 964 461 1006 omnibus
490 964 602 1004 meis
633 963 863 1017 epistolis,
894 975 1003 1016 quas
1034 964 1092 1004 ad
1123 964 1364 1006 Caesarem
1394 969 1472 1006 aut
1501 964 1558 1006 ad

70 1020 262 1062 Balbum
298 1021 454 1073 mitto,
510 1020 716 1075 legitima
745 1017 965 1074 quaedam
1004 1022 1073 1060 est
1102 1021 1304 1061 accessio
1335 1034 1559 1062 commen-

72 1076 269 1118 dationis
306 1080 408 1117 tuae
449 1088 533 1116 nec
574 1089 627 1116 ea
664 1075 890 1129 vulgaris,
947 1073 1028 1115 sed
1070 1088 1170 1116 cum
1208 1077 1362 1130 aliquo
1393 1077 1560 1130 insigni

13 1127 17 1155 ἶ
70 1132 242 1173 indicio
271 1145 396 1173 meae
427 1145 535 1186 erga
575 1135 619 1172 te
659 1130 1015 1172 benevolentiae.
1086 1131 1160 1172 Tu
1199 1133 1332 1174 modo
1364 1133 1562 1187 ineptias

14 1211 17 1219 ·
69 1188 181 1229 istas
221 1191 266 1229 et
304 1187 535 1228 desideria
572 1187 696 1228 urbis
727 1191 772 1228 et
801 1186 1073 1226 urbanitatis
1105 1187 1301 1242 depone:
1350 1192 1418 1241 et,
1468 1203 1559 1244 quo

15 1251 18 1283 ὲ
70 1244 262 1285 consilio
293 1242 522 1298 profectus
553 1257 614 1295 es,
645 1243 692 1283 id
724 1242 989 1296 assiduitate
1012 1246 1056 1282 et
1077 1244 1246 1285 virtute
1269 1257 1557 1299 consequere.

16 1294 19 1345 ξ
68 1300 173 1396 ἰίΙοο
210 1300 294 1340 tibi
332 1304 423 1340 tam
466 1300 748 1354 ignoscemus
788 1311 868 1339 nos
907 1298 1070 1352 amici,
1117 1313 1248 1354 quam
1288 1301 1559 1355 ignoverunt

18 1380 20 1410 3
125 1356 275 1408 edeae,

19 1499 22 1515 ὲ
72 1472 148 1506 und
174 1472 292 1505 durch
316 1472 497 1508 bekannt.
534 1489 576 1497 —
629 1472 722 1515 quod
747 1472 946 1511 adscribis,
974 1484 1047 1505 was
1072 1473 1194 1506 Deine
1220 1473 1462 1507 schriftliche
1487 1475 1561 1508 An-

18 1520 23 1547 ἒ
72 1522 183 1565 frage
210 1520 378 1554 betrifft:
425 1521 472 1553 ob
499 1521 559 1553 Du
585 1520 695 1553 nicht
720 1520 830 1553 selbst
857 1521 954 1554 Dieh
981 1532 1025 1554 an
1053 1521 1115 1554 die
1143 1522 1374 1555 Gesehichte
1400 1524 1560 1557 macheu

20 1564 23 1589 i
71 1568 224 1603 sollest?
265 1580 304 1601 so
331 1568 540 1601 erwiedere
567 1567 653 1600 ich:
703 1569 772 1602 mit
805 1569 948 1602 meiner
975 1569 1134 1603 Stimrne
1171 1570 1302 1603 kannst
1328 1573 1389 1604 Du
1416 1582 1467 1606 es.
1519 1571 1558 1605 S.

74 1629 130 1663 ep.
157 1617 322 1659 CXLIV,
349 1618 387 1654 4.
413 1616 497 1651 Md.
525 1616 646 1661 quoad
659 1617 801 1650 scribis.
826 1616 937 1651 Rom.
960 1620 1060 1651 Crat.
1080 1619 1172 1662 quod
1189 1619 1336 1654 scribis.
1364 1619 1561 1653 ORELLI.

72 1684 119 1691 --
153 1665 320 1708 quoniam
345 1679 395 1700 ..τε
420 1676 531 1710 quom
566 1665 641 1697 iam
674 1665 756 1698 hier
790 1664 935 1710 richtig
976 1666 1200 1711 gebraucht.
1267 1666 1303 1700 S.
1339 1668 1488 1701 Ramsh.
1523 1668 1558 1712 ᾗ.

76 1715 157 1755 187,
187 1715 219 1747 l.
250 1715 282 1748 2.
323 1730 371 1738 ·--
421 1713 690 1756 Lupercalibus
717 1713 796 1746 scil.
823 1715 950 1755 sacris,
979 1714 1065 1748 dem
1091 1715 1308 1748 bekannten
1334 1715 1561 1749 Romischen

78 1762 314 1803 Volksseste‚
366 1760 429 1794 das
461 1773 520 1794 am
552 1762 607 1797 15.
636 1761 745 1794 Febr.
780 1773 854 1795 von
882 1762 952 1794 den
979 1762 1158 1808 Lupercis
1186 1763 1272 1796 dem
1297 1764 1373 1796 Pan
1399 1765 1563 1809 gefeiert

74 1809 214 1844 wurde.
272 1810 306 1842 S.
335 1809 444 1843 Ovid.
472 1810 570 1843 Fast.
599 1809 656 1850 11,
683 1811 752 1845 267
779 1811 818 1844 ff.
857 1811 926 1846 284
952 1810 991 1843 ff.
1027 1812 1096 1846 425
1123 1812 1164 1844 ff.
1200 1812 1281 1846 Liv.
1310 1811 1340 1853 I,
1367 1813 1402 1846 5.
1431 1812 1558 1849 Valet.

75 1859 175 1892 Max.
209 1858 258 1899 11,
284 1859 316 1893 2.
344 1859 378 1892 9.
441 1857 576 1891 Dieser
609 1857 718 1890 Brief
740 1858 788 1890 ist
815 1858 890 1890 also
917 1870 976 1891 am
1005 1860 1059 1894 14.
1085 1860 1207 1906 Febr..
1225 1860 1485 1904 geschrieben.
1515 1881 1557 1888 --

73 1905 240 1948 habebis,
277 1906 463 1939 rescisces.
525 1905 608 1950 Vgl.
640 1916 696 1950 ep.
731 1906 901 1940 CXXXII
929 1919 989 1940 am
1014 1907 1130 1942 Ende.
1180 1909 1284 1942 Uber
1309 1908 1379 1941 den
1406 1908 1561 1944 Aufent-

76 1953 157 1988 halt
182 1954 244 1987 des
269 1954 428 2000 Quintus
455 1966 480 1988 s.
508 1964 565 1999 ep.
595 1953 718 1987 CXXX
742 1954 796 1988 im
820 1956 1001 2001 Anfange.

177 2021 447 2056 TREBATIO.
513 2022 553 2055 C.
589 2023 789 2056 Trebatius
823 2025 955 2066 Testa,
993 2023 1055 2056 ein
1082 2021 1444 2068 Rechtsgelehrter‚
1487 2037 1562 2059 war

77 2070 163 2104 dem
182 2070 295 2104 Gasar
321 2069 360 2102 in
381 2070 526 2103 Gallien
553 2081 639 2104 vom
658 2072 794 2104 Cicero
821 2071 1038 2119 empfohlen
1066 2071 1142 2104 und
1169 2072 1392 2115 zugesandt3
1419 2074 1509 2107 aber
1523 2087 1562 2107 ea

78 2118 205 2152 wollte
230 2118 308 2151 ihm
335 2117 421 2151 dort
447 2129 515 2164 gar
540 2119 650 2152 nicht
675 2120 850 2164 gefallen.
912 2120 949 2154 S.
977 2132 1033 2165 ep.
1063 2119 1268 2160 CXXXIII,
1297 2123 1317 2155 1
1345 2133 1377 2154 u.
1404 2123 1440 2158 2.
1467 2134 1501 2157 u.
1528 2123 1561 2157 3.

175 2168 211 2201 1.
250 2165 418 2208 legitima
445 2191 455 2201 .
483 2192 492 2200 .
522 2192 530 2201 .
558 2168 712 2201 accessio
740 2179 870 2205 comm.
897 2173 944 2211 t.,
989 2168 1108 2201 Deine
1133 2168 1392 2214 Empiehlung
1430 2169 1562 2204 macht

30 2219 33 2230 ¹
79 2216 190 2249 einen
217 2214 377 2257 eigenen
402 2214 604 2248 stehenden
632 2216 775 2249 Artikel
802 2229 877 2251 aus.
928 2218 964 2249 S.
994 2217 1147 2249 Ramsh.
1174 2216 1202 2259 §.
1229 2218 1312 2259 203,
1341 2221 1373 2256 7,
1401 2219 1439 2255 b.
1469 2222 1501 2253 1.
1529 2231 1559 2251 a.

82 2283 124 2289 -
151 2263 311 2306 ineptias
337 2287 345 2295 .
374 2288 382 2297 .
413 2288 420 2296 .
448 2263 580 2307 depone
614 2270 704 2297 statt
728 2265 853 2310 inepta
877 2265 949 2298 ista
975 2265 1160 2298 desideria
1186 2265 1282 2298 vitae
1310 2267 1472 2299 urbanae
1499 2266 1562 2299 de-

76 2321 195 2357 pone,
227 2311 289 2355 leg
314 2310 378 2343 das
404 2310 595 2344 thdrichte
632 2313 747 2358 ewige
771 2312 922 2346 Sehnen
955 2314 1055 2347 nach
1094 2313 1178 2346 dem
1205 2313 1351 2348 feinern
1371 2315 1499 2348 Leben
1526 2315 1564 2348 in

80 2360 148 2393 der
172 2358 419 2403 Hauptstadt,
464 2359 528 2392 das
554 2360 761 2402 Heimweh,
789 2361 849 2394 ab.
883 2362 1076 2394 urbanitas
1102 2362 1242 2395 driickt
1269 2363 1332 2396 das
1359 2363 1560 2396 Stadterle-

80 2409 152 2440 ben
177 2406 279 2440 nach
305 2408 426 2440 „einer
453 2407 624 2442 Feinheit
650 2410 702 2443 im
731 2410 875 2448 Cin-ten,
903 2421 933 2441 z.
961 2411 1002 2443 B.
1030 2410 1067 2442 in
1096 2409 1287 2456 Sprache,
1314 2411 1496 2453 Ausi-ede,
1523 2412 1560 2444 in

79 2457 194 2498 witz,
221 2456 272 2489 im
300 2456 489 2500 Umgange
515 2468 555 2490 u.
584 2469 612 2491 s.
641 2469 713 2497 w.;
752 2458 842 2492 aber
868 2456 965 2490 auch
992 2458 1043 2490 im
1071 2459 1201 2500 B'dsen,
1227 2459 1278 2491 im
1304 2460 1445 2503 Betrng
1471 2471 1504 2492 u.
1532 2472 1558 2493 s.

36 2511 37 2522 ³
81 2515 126 2539 w.
155 2515 228 2537 aus.
257 2521 301 2528 -
330 2504 474 2544 virtute,
502 2504 623 2538 durch
649 2506 882 2540 mannliches
907 2506 1101 2551 Betragen,
1130 2525 1178 2530 --
1202 2507 1284 2540 Hoc
1301 2507 1370 2539 tibi
1396 2533 1427 2540 ..
1455 2508 1563 2550 igno·

35 2554 39 2583 ἰ

38 2669 41 2696 ῐ

39 2723 42 2744 ι

80 2561 230 2593 scemus,
285 2553 406 2585 Deine
443 2553 683 2598 Entfernung
715 2566 786 2587 von
815 2554 881 2588 der
909 2552 1127 2587 Vaterstadt
1153 2555 1300 2587 werden
1329 2555 1394 2588 wit
1420 2557 1561 2589 Freun-

84 2599 130 2631 de
163 2599 232 2633 Dir
263 2600 356 2632 eben
391 2611 431 2632 so
470 2602 691 2641 verzeihen,
732 2603 803 2635 wie
837 2614 871 2636 u.
898 2614 929 2638 ι,
957 2615 1003 2638 w,
1031 2602 1067 2638 d.
1095 2603 1118 2635 i.
1146 2603 1205 2635 Du
1232 2603 1367 2636 kannst
1393 2603 1438 2636 da
1464 2605 1562 2637 Dein

37 2651 40 2656 ’
84 2647 212 2680 Gliick
238 2648 313 2680 und
340 2647 515 2692 zugleich
542 2650 682 2683 Deiner
709 2651 922 2684 Vaterstadt
948 2650 1049 2684 Dich
1075 2651 1161 2682 sehr
1187 2650 1356 2684 niitzlich
1382 2653 1560 2693 machem

38 2707 41 2717 ·
82 2706 154 2728 was
189 2695 259 2727 wir
289 2696 461 2728 Freunde
494 2697 602 2730 nicht
633 2698 847 2731 verkennen
879 2698 953 2731 und
997 2699 1068 2731 Dir
1108 2698 1216 2731 nicht
1258 2698 1345 2732 ubel
1386 2700 1561 2742 nehmeu,

22 2752 42 2790 ,ζ
82 2754 189 2776 wenn
215 2743 311 2777 auch
338 2744 482 2778 Andere
509 2746 574 2778 auf
600 2745 745 2780 Deiuen
771 2746 994 2779 Aufenthalt
1021 2747 1105 2779 sern
1133 2758 1201 2779 von
1229 2746 1342 2790 Rom,
1369 2748 1469 2782 beim
1490 2751 1560 2786 Gii-

25 2836 39 3006 1
