1742 3006
164 97 259 146 576
449 100 511 142 M.
542 100 599 144 T.
632 97 974 144 clennole
1005 79 1379 146 EPISTOLAE.

165 215 362 268 geretur,
403 215 454 254 ut
481 212 607 268 potui
636 211 971 254 accuratissime
1011 217 1056 253 te
1086 215 1295 268 tuamque
1326 224 1503 254 causam
1533 217 1648 256 tuta-

164 274 234 310 tus
274 281 392 310 sum:
435 273 481 309 et
519 267 742 322 proxime,
783 269 954 310 recenti
994 268 1186 310 adventu
1224 282 1340 321 meo,
1378 282 1514 322 quum
1555 284 1649 311 rem

165 324 299 366 aliter
336 323 589 365 institutam
630 323 934 376 offendissem,
974 336 1028 365 ac
1066 323 1180 364 mihi
1218 324 1477 378 placuisset,
1512 325 1552 367 si
1581 324 1649 367 af-

164 379 376 429 fuissem3
405 383 552 421 tamen
580 380 707 420 nulla
738 393 786 421 re
816 380 954 421 saluti
983 384 1085 420 tuae
1110 379 1250 421 defui.
1319 380 1557 435 Quumque
1596 395 1649 422 eo

164 440 363 490 tempore
403 434 581 477 invidia
618 449 818 477 annonae
859 435 1037 476 inimici
1074 448 1163 477 non
1192 436 1338 476 solum
1374 435 1458 488 tui,
1493 450 1650 478 verum

163 492 299 533 etiam
340 491 587 532 amicorum
625 494 819 543 tuorum,
858 491 1078 546 iniquitas
1117 492 1255 533 totius
1295 490 1458 532 iudicii
1487 493 1647 534 multa-

163 560 248 602 que
278 546 370 587 alia
398 546 465 588 rei
494 547 702 601 publicae
732 548 847 588 vitia
875 547 978 602 plus
1008 559 1141 601 quam
1171 560 1305 588 causa
1332 547 1431 602 ipsa
1458 549 1648 589 veritas-

163 616 247 657 que
275 602 546 644 ·valuissent:
593 603 759 644 Publio
800 607 878 643 tuo
917 616 1060 657 neque
1097 615 1234 657 opera
1270 616 1415 657 neque
1455 603 1649 645 consilio

163 671 308 714 neque
367 658 522 700 labore
578 671 722 712 neque
779 657 928 712 gratia
993 671 1135 712 neque
1194 657 1451 700 testimonio
1508 658 1648 700 defui.

162 714 479 767 Quamobrem,
517 713 723 756 omnibus
762 713 934 755 officiis
973 713 1201 754 amicitiae
1243 713 1488 768 diligenter
1524 729 1551 756 a
1578 728 1649 755 me

159 773 400 824 sancteque
430 770 638 822 servatis,
667 783 723 811 ne
753 768 843 810 hoc
872 769 1055 824 quidem
1084 769 1531 824 praetermittendum
1552 784 1649 811 esse

161 824 291 879 duxi,
334 830 378 866 te
416 830 466 866 ut
506 823 716 866 hortarer
756 839 1064 879 rogaremque,
1104 829 1154 866 ut
1192 830 1237 866 et
1275 824 1502 866 hominem
1531 829 1574 866 te
1605 831 1650 867 et

160 881 308 923 virum
326 894 423 923 esse
442 880 738 934 meminisses,
767 880 816 921 id
847 884 928 933 est,
958 885 1006 922 ut
1035 884 1079 922 et
1103 894 1379 922 communem
1407 880 1648 924 incertum-

161 951 248 993 que
290 950 455 990 casum,
498 951 630 992 quem
670 950 812 991 neque
853 937 1000 979 vitare
1042 937 1276 991 quisquam
1322 936 1527 979 nostrum
1566 950 1649 978 nec

193 997 388 1034 raestare
427 992 523 1034 ullo
563 996 693 1047 pacto
733 996 905 1047 potest,
952 992 1182 1046 sapienter
1228 991 1372 1034 serres
1412 997 1458 1033 et
1496 993 1648 1035 dolori

161 1007 346 1091 gortiter
375 1061 429 1090 ac
466 1048 673 1089 fortunae
704 1048 963 1098 resisteres;
1004 1048 1317 1103 cogitaresque
1347 1052 1392 1090 et
1421 1049 1467 1090 in
1497 1054 1649 1090 nostra

161 1104 347 1147 civitate
389 1108 434 1145 et
463 1103 511 1144 in
541 1103 730 1156 ceteris,
770 1117 883 1159 quae
924 1116 1071 1145 rerum
1111 1105 1280 1158 potitae
1319 1108 1445 1157 sunt,
1493 1105 1647 1147 multis

163 1159 427 1203 fortissimis
458 1163 590 1214 atque
622 1159 806 1215 optimis
847 1159 964 1202 viris
993 1159 1176 1201 iniustis
1204 1159 1390 1201 iudiciis
1429 1161 1543 1202 tales
1573 1170 1661 1201 ca-'

160 1329 270 1363 iener
294 1326 396 1362 Rode
435 1337 505 1375 gar
530 1325 639 1361 nicht
664 1326 853 1362 erw'aihnt.
905 1344 949 1351 ·—
999 1326 1133 1361 iudicio
1160 1336 1204 1361 ac
1226 1326 1394 1373 periculo
1426 1332 1471 1361 st.
1505 1326 1645 1361 iudicio

159 1376 400 1423 periculoso,
436 1375 661 1410 schlimmer
703 1375 1039 1410 Gerichtshandel.
1090 1375 1188 1408 Eine
1221 1374 1449 1419 Hendiadys.
1481 1394 1499 1402 -
1548 1378 1647 1408 tuum

160 1426 309 1459 crimen.
359 1423 423 1457 Sic
455 1423 529 1459 Md.
565 1424 668 1458 Crat.
701 1424 799 1458 Vict.
831 1427 860 1458 1.
887 1426 919 1459 2.
955 1423 1082 1457 Lamb.
1119 1423 1254 1457 Graev.
1288 1423 1428 1457 Bened.
1463 1423 1644 1468 nullaque

160 1473 266 1508 adest
290 1483 411 1513 causa,
450 1483 521 1506 cur
546 1471 592 1505 de
619 1471 793 1506 lectionis
818 1471 981 1506 veritate
1006 1471 1241 1513 dubitemu53
1273 1471 1348 1505 nisi
1382 1471 1483 1514 quod
1513 1470 1645 1505 haese-

161 1528 252 1556 runt
290 1519 425 1555 critici
460 1520 500 1553 in
532 1520 694 1565 repetito
730 1531 813 1554 voc.
855 1521 1002 1553 crimen.
1055 1521 1151 1553 Man.
1192 1530 1326 1552 nomen.
1378 1519 1471 1552 Ern.
1512 1519 1643 1553 crimen

160 1569 266 1603 uncis
294 1568 382 1602 incl.
409 1567 532 1602 delev.
559 1568 778 1616 Maru-Lag.
806 1568 893 1602 sch.
934 1568 1029 1605 Lim.
1074 1567 1271 1601 ORELLI.
1323 1586 1366 1593 —-
1411 1568 1581 1611 proxime
1606 1573 1644 1601 te

160 1623 301 1652 tutatus
337 1625 454 1657 sum,
473 1615 550 1649 und
583 1616 683 1651 noch
716 1628 788 1650 vor
820 1617 985 1650 Kurzem
1018 1615 1103 1650 hab’
1137 1615 1202 1648 ioh
1237 1613 1335 1650 Dich
1360 1615 1571 1663 geschiitzt.
1600 1632 1643 1638 —

161 1665 301 1699 recenti
330 1665 485 1698 adventu
516 1675 616 1705 meo,
649 1664 694 1698 da
728 1663 794 1698 ich
822 1675 862 1698 so
894 1665 987 1698 eben
1012 1676 1075 1698 aus
1101 1663 1264 1698 Cilicien
1296 1663 1444 1696 zuriick
1475 1663 1643 1711 gekehrt

160 1726 254 1755 war,
286 1714 367 1749 604.
420 1712 666 1747 Schwerlich
704 1712 806 1745 kann
840 1713 920 1746 adv.
953 1714 1020 1746 auf
1042 1712 1206 1746 Cicero's
1232 1710 1445 1750 Riickkehr·
1467 1724 1530 1744 aus
1557 1710 1643 1746 dem

160 1761 271 1796 Exsil
292 1760 480 1809 gedeutet,
506 1760 608 1794 noch
633 1760 760 1795 dieser
782 1761 894 1795 Brief
923 1761 963 1793 in
987 1761 1051 1794 das
1078 1759 1171 1793 Iahr
1195 1761 1263 1795 708
1297 1759 1446 1807 verlegt
1471 1759 1640 1799 werden,

160 1821 222 1845 wo
248 1809 383 1844 cicero
410 1820 476 1842 aus
503 1808 575 1842 dex·
599 1808 888 1842 Pharsalischen
913 1808 1098 1843 Schlacht
1123 1807 1269 1841 zuriick
1286 1807 1439 1841 kehrte.
1464 1826 1512 1833 -
1536 1819 1643 1852 quum

161 1869 237 1891 rem
263 1863 349 1900 etc„
374 1867 436 1890 wo
461 1855 526 1889 ich
551 1856 672 1890 Deine
688 1857 998 1903 Vertheidigung
1023 1868 1120 1904 ganz
1147 1855 1279 1889 anders
1307 1855 1529 1903 eingeleitet
1557 1867 1641 1889 vor-

161 1905 354 1956 gefunden
379 1904 497 1946 hatte,
523 1903 577 1937 als
603 1903 666 1937 ich
692 1905 823 1938 wiirde
850 1904 1069 1952 zugegeben
1095 1903 1228 1944 haben,
1261 1905 1362 1936 w'zire
1389 1902 1454 1936 ich
1480 1903 1519 1935 in
1545 1903 1641 1938 Rom

189 1951 429 2002 egenw'eirtig
453 1963 643 2000 gewesen.
695 1970 740 1975 —
789 1951 929 1986 invidi&
965 1961 1141 1993 annonae,
1177 1951 1238 1984 bei
1263 1951 1333 1984 der
1358 1949 1533 1984 falschen
1563 1951 1641 1985 An-

159 1967 288 2050 {lag-e,
313 2001 368 2035 als
395 2000 451 2034 sei
475 1999 545 2034 der
569 1999 856 2045 Getreidepreis
882 1998 1005 2033 durch
1031 1999 1151 2033 Deine
1179 1998 1326 2032 Schuld
1351 1998 1534 2033 w'zihrend
1552 2000 1641 2033 Dei-

160 2061 230 2084 ner
254 2048 501 2083 Aedilwiirde
526 2059 566 2082 so
591 2047 694 2081 hoch
720 2049 926 2096 gestiegen.
968 2066 1012 2072 —
1051 2047 1181 2081 Publio
1208 2051 1282 2088 tuo,
1309 2047 1468 2081 Deinem
1494 2047 1641 2090 Sohne;

160 2098 230 2133 der
257 2097 341 2131 sich
367 2097 431 2130 fiir
455 2096 529 2130 den
545 2108 632 2129 zum
649 2096 755 2130 Exsil
781 2095 1064 2130 vet-urtheilten
1082 2095 1196 2128 Vater
1219 2094 1382 2128 z'zirssich
1408 2095 1638 2130 verwandte.

162 2165 205 2170 —
233 2144 452 2179 testimonio.
504 2144 540 2178 S.
567 2156 615 2178 zu
641 2155 699 2189 ep.
727 2144 924 2186 CXLVIII,
951 2145 972 2178 <1
999 2143 1181 2177 laudm-im
1214 2143 1290 2176 und
1317 2155 1374 2189 ep.
1402 2142 1592 2187 CXXXIV,
1619 2146 1641 2180 2

162 2194 334 2228 laudatis.

255 2243 290 2277 3.
318 2251 553 2283 communem,
579 2239 639 2274 ein
666 2240 812 2281 Unsall‚
839 2239 908 2273 der
927 2239 1014 2274 Alle
1039 2239 1179 2273 treffen
1201 2239 1315 2281 kann,
1341 2238 1425 2273 dem
1444 2239 1534 2273 Alle
1559 2251 1639 2272 aus·

159 2295 306 2338 gesetzt
330 2288 426 2323 sind.
479 2288 526 2322 So
554 2289 599 2322 de
624 2286 772 2322 Seneet.
800 2299 830 2322 c.
859 2289 923 2323 19:
961 2287 1100 2328 „Omni
1125 2288 1237 2321 aetati
1263 2298 1363 2321 mors
1391 2294 1445 2321 est
1470 2298 1638 2321 commu-

160 2338 260 2372 nis.“
289 2358 330 2363 —
357 2338 544 2379 incertum,
569 2347 700 2369 wovor
725 2335 915 2370 Niemand
939 2335 1067 2370 sicher
1091 2335 1151 2369 ist.
1175 2354 1222 2360 —-
1248 2346 1310 2368 uec
1333 2339 1537 2379 praestare,
1562 2335 1639 2368 und

160 2387 288 2420 wofiir
315 2385 457 2419 Kciner
483 2383 682 2418 einstehen
705 2384 817 2421 kann,
845 2384 878 2417 d.
907 2384 931 2416 i.
958 2383 1146 2418 Niemand
1172 2383 1274 2416 kann
1300 2383 1383 2417 sich
1407 2383 1637 2431 vex-burgen,

165 2434 240 2467 §lass
268 2433 328 2467 ein
354 2431 509 2466 solcher
535 2431 668 2465 Unfall
694 2432 833 2465 Einmn
870 2431 978 2465 nicht
1003 2431 1199 2479 begegnen
1224 2432 1364 2466 werde.
1409 2448 1452 2454 —
1492 2432 1637 2473 cogita-

162 2493 302 2526 resque,
328 2481 420 2514 und
445 2492 573 2514 zwar
599 2479 680 2512 dass
705 2481 763 2514 Du
792 2480 985 2514 bedenkcn
1012 2480 1209 2513 mochtest.
1261 2479 1297 2513 S.
1326 2478 1474 2513 Ramsh.
1503 2479 1531 2521 ᾗ.
1556 2480 1636 2521 179,

160 2531 201 2570 Β,
226 2542 259 2569 a,
285 2531 318 2564 3.
344 2548 391 2553 —
427 2539 520 2573 quae
545 2538 664 2561 rerum
690 2529 826 2570 potitae
850 2532 933 2561 sant
959 2528 1197 2574 (Maru-Lag.
1224 2528 1331 2570 sint),
1358 2527 1419 2560 die
1444 2527 1558 2561 selbst
1583 2527 1637 2560 im

161 2578 304 2611 Besitze
338 2577 406 2611 der
440 2575 629 2609 hochsten
656 2575 807 2610 Gewalt
841 2576 874 2610 d.
903 2577 925 2608 i.
952 2575 1012 2609 die
1040 2575 1134 2609 sreie
1160 2568 1310 2610 Staaten
1335 2586 1513 2623 gewesen
1540 2574 1634 2607 sind.

161 2625 245 2672 vgl.
273 2625 371 2658 Orat.
406 2636 461 2669 pr.
498 2624 601 2658 Rosc.
631 2623 756 2658 Amer.
792 2635 823 2657 c.
861 2625 925 2659 25:
963 2623 1254 2657 Atheniensium
1290 2624 1434 2664 civitas,
1468 2622 1555 2656 dum
1594 2634 1635 2656 ea

162 2683 290 2706 rerum
317 2673 437 2717 potita
464 2678 529 2705 est.
581 2664 684 2706 Uber
708 2672 833 2716 potior
858 2684 888 2705 c.
912 2671 1024 2705 ablat.
1052 2679 1087 2705 et
1113 2671 1232 2720 genit.
1259 2684 1287 2704 s.
1316 2670 1466 2705 Ramsh.
1495 2670 1523 2711 ξ.
1554 2673 1634 2706 111.

160 2721 194 2753 4.
225 2722 303 2762 1⁴14,
331 2722 362 2754 Ι1.
391 2721 538 2754 Grotes.
565 2721 591 2761 §.
621 2720 701 2759 2⁴2,
729 2721 761 2753 4.
787 2721 867 2755 257.
898 2720 1040 2765 Zumpt
1066 2722 1094 2763 ἕ.
1123 2721 1204 2754 465.
1231 2720 1312 2755 466.
1350 2738 1392 2742 —
1429 2719 1549 2751 iniust.
1578 2719 1634 2750 iu-

161 2768 227 2801 dic.
256 2768 393 2814 Belege
420 2768 513 2802 dazu
539 2768 621 2814 gibt
648 2767 799 2803 Corncl.
829 2768 924 2814 Nep.
953 2786 994 2792 —
1022 2768 1192 2802 incidisse
1220 2779 1265 2796 ἶ
1294 2766 1467 2806 besallen,
1495 2766 1633 2813 begeg-
