1742 3006
188 86 282 135 490
474 90 534 131 Μ.
566 89 622 131 T.
655 85 996 133 01cERoN1s
1028 48 1400 132 ensi-omn

301 200 553 244 Cantatum
579 209 908 253 provocemus.-
937 200 981 242 si
1008 197 1223 242 laudabit
1250 198 1368 241 llaec

298 256 434 299 Illius
459 255 686 310 formam5
716 258 768 298 tu
794 255 935 298 huius
965 257 1158 308 contra5
1189 255 1394 308 denique

297 311 394 355 Par
419 324 508 366 pro
533 312 642 364 pari
669 311 870 370 referto,
901 309 1029 365 quod
1056 323 1155 354 eam
1182 310 1409 353 mordeat.

185 368 265 410 Sic
301 367 444 422 petivi
475 381 501 408 a
527 367 768 420 iudicibus,
808 372 872 420 ut,
916 365 1127 420 quoniam
1155 366 1339 422 quidam
1379 366 1553 408 nobiles
1584 367 1667 410 ho-

184 424 325 465 mines
355 428 400 466 et
429 423 487 464 de
523 437 594 465 me
624 424 799 478 optime
831 422 983 463 meriti
1022 421 1154 463 nimis
1194 425 1393 463 amarent
1434 422 1666 465 inimicum

183 493 329 521 mcum
367 493 526 534 meque
565 479 842 534 inspectante
869 491 1000 532 saepe
1030 492 1129 520 eum
1172 478 1220 519 in
1250 481 1406 519 senatu
1433 479 1566 520 modo
1596 493 1664 521 se-

180 548 288 576 vere
318 536 600 587 seducerent,
627 535 761 576 modo
792 533 1080 580 familiariter
1111 538 1242 588 atque
1266 534 1414 574 hilare
1435 535 1664 588 amplexa-

182 594 363 641 rentur3
406 591 704 647 quoniamque
733 591 808 631 illi
838 590 1054 630 haberent
1082 603 1208 631 suum
1237 589 1464 642 Publium,
1505 590 1664 638 darent

176 646 296 687 mihi
325 646 415 701 ipsi
445 647 583 687 alium
612 646 840 699 Publium,
878 645 926 685 in
956 659 1043 700 quo
1073 658 1248 700 possem
1278 645 1463 686 illorum
1493 645 1665 687 animos

178 703 476 744 mediocriter
503 702 741 744 lacessitus
781 700 946 743 leviter
985 715 1247 755 repungere.
1316 701 1473 755 Neque
1515 702 1661 742 solum

177 758 300 811 dixi,
329 759 411 799 sed
441 757 576 799 etiam
605 768 736 812 saepe
766 756 1021 810 facio„diis
1042 756 1384 811 hominibusque
1415 758 1660 811 approban-

111 814 313 856 2otibus.
380 815 532 855 Habes
570 814 628 855 de
673 814 885 855 Vatinio:
936 826 1156 867 cognosce
1196 813 1251 853 de
1289 813 1466 853 Crasso.
1544 813 1661 866 Ego,

177 884 316 926 quum
343 869 459 910 mihi
501 883 602 910 cum
638 869 723 911 illo
753 882 913 924 magna
941 868 1029 909 iam
1059 868 1205 923 gratia
1247 872 1377 920 esset,
1416 867 1536 921 quod
1565 868 1660 909 eius

176 939 329 967 omnes
369 925 657 981 gravissimas
699 925 887 966 iniurias
927 923 1173 965 communis
1215 923 1484 965 concordiae
1529 936 1663 964 causa

175 982 435 1024 voluntaria
484 981 676 1036 quadam
722 980 954 1022 oblivione
1000 979 1322 1033 contriveram,
1382 978 1660 1034 repentinam

177 1037 274 1079 eius
315 1036 624 1079 defensionem
665 1035 873 1088 Gabinii,
924 1050 1054 1090 quem
1093 1035 1315 1089 proximis
1355 1034 1660 1090 superioribus

175 1093 333 1134 diebus
373 1092 592 1134 acerrime
633 1095 945 1146 oppugnasset,
993 1096 1155 1143 tamen,
1207 1091 1247 1132 si
1287 1090 1383 1132 sine
1423 1091 1520 1131 ulla
1562 1102 1660 1130 mea

173 1148 450 1197 contumelia
477 1147 765 1202 suscepisset,
795 1147 1022 1188 tulissem:
1053 1147 1146 1199 sed,
1177 1161 1312 1202 quum
1341 1160 1411 1187 me
1432 1146 1657 1201 disputan-

171 1210 278 1258 tem,
308 1218 397 1245 non
427 1204 736 1255 lacessentem,
769 1202 989 1255 laesisset,
1029 1202 1198 1255 exarsi,
1239 1216 1328 1243 non
1358 1202 1501 1243 solum
1529 1215 1657 1256 prae-

169 1260 304 1313 senti,
335 1259 487 1311 credo,
517 1259 768 1309 iracundia,
798 1283 851 1288 —
882 1271 983 1298 nam
1013 1271 1066 1298 ea
1092 1262 1182 1298 tam
1204 1258 1444 1299 vehemens
1465 1257 1657 1299 sortasse

169 1405 274 1439 nabis
301 1417 327 1438 s.
354 1404 515 1440 nomina.
545 1425 587 1430 -—
618 1408 655 1437 tu
681 1403 783 1437 dices
809 1415 836 1437 S.
860 1402 931 1437 dic.
960 1423 1003 1428 —
1038 1404 1117 1438 Par
1138 1414 1208 1446 pro
1233 1404 1332 1447 pari.
1361 1403 1424 1438 Sic
1450 1402 1536 1445 Md„
1563 1409 1659 1436 teste

167 1454 355 1488 Victorio.
383 1455 464 1487 Mea
489 1452 645 1486 collatio
672 1452 710 1485 h.
739 1452 764 1485 1.
791 1458 901 1486 tacet.
930 1450 1025 1485 Sane
1050 1452 1105 1485 sic
1132 1452 1242 1485 Basil.
1270 1452 1358 1486 cdd.
1369 1452 1460 1495 aliq.
1471 1450 1657 1492 Terentii,

167 1501 267 1535 Vict.
297 1503 329 1536 2.
355 1501 492 1537 Bened.
520 1501 677 1534 Liinem.
727 1501 806 1534 Par
828 1500 917 1544 pari
943 1500 1008 1534 cd.
1036 1500 1177 1534 Bembi.
1207 1500 1306 1534 Crat.
1333 1500 1430 1534 Vict.
1460 1502 1489 1533 1.
1519 1498 1654 1532 Graev.

168 1550 263 1584 Ern.
309 1550 361 1583 Tu
385 1560 458 1592 par
482 1549 571 1592 pari
594 1548 722 1583 Lamb.
750 1549 970 1596 Mart-Lag.
997 1547 1086 1582 Sch.
1105 1569 1121 1576 -
1149 1548 1228 1582 Pccr
1254 1552 1290 1581 {u
1314 1549 1404 1592 pari
1427 1547 1551 1581 Bentl.
1581 1547 1654 1581 OR.

170 1615 215 1622 ν-
241 1597 417 1636 mordeat,
445 1594 585 1640 δάκνοι,
611 1597 744 1631 dolore
767 1596 919 1629 afficiat.
973 1614 1013 1620 —
1068 1606 1121 1629 me
1146 1622 1153 1629 .
1184 1621 1192 1629 .
1217 1597 1381 1640 inspect„
1407 1607 1478 1629 vor
1503 1595 1657 1628 meinen

169 1646 317 1693 Augen.
364 1664 406 1669 -
446 1656 571 1678 serere
595 1645 727 1688 seduc„
754 1645 826 1677 mit
853 1650 1002 1678 ernster
1028 1645 1162 1687 mione,
1190 1645 1259 1678 mit
1285 1644 1511 1691 wichtigem
1541 1643 1657 1676 Ernst

169 1693 374 1728 lemanden
399 1695 464 1727 auf
486 1693 546 1727 die
572 1692 676 1727 Seite
702 1693 852 1736 ziehen,
890 1693 943 1725 als
978 1691 1023 1726 ob
1056 1704 1142 1725 man
1168 1693 1298 1727 Etwas
1334 1691 1425 1725 sehr
1449 1690 1655 1738 wichtiges

168 1743 241 1776 mit
265 1741 346 1774 ihm
373 1753 420 1774 zu
445 1741 679 1786 bosprechen
704 1740 819 1774 h‘citte.
862 1760 898 1765 —
934 1751 1034 1774 suum
1060 1740 1241 1781 Publium,
1277 1739 1466 1774 Clodium.
1519 1739 1655 1772 Cicero

168 1795 266 1824 setzt
294 1800 444 1827 vorans,
483 1789 536 1822 sie
563 1788 694 1823 th'a'ten
721 1790 794 1823 Das
821 1788 923 1822 bloss
949 1801 1013 1822 um
1040 1788 1110 1822 ihu
1135 1801 1183 1822 zu
1210 1788 1394 1822 kr'dnken.
1445 1805 1487 1811 ——
1539 1787 1657 1820 alium

168 1837 340 1873 Publium
364 1837 405 1869 in
430 1837 499 1869 der
522 1837 660 1870 Person
686 1837 749 1871 des
776 1837 958 1870 Vatinius.
993 1856 1041 1861 —
1073 1837 1111 1869 in
1137 1848 1205 1880 quo
1229 1862 1236 1869 .
1268 1862 1275 1869 .
1305 1861 1311 1869 .
1340 1845 1555 1878 reputzgere,
1582 1834 1655 1868 den

165 1885 247 1928 ich,
272 1896 388 1920 wenn
413 1882 498 1925 iene
525 1884 629 1917 mich
656 1883 695 1916 in
721 1885 850 1918 Etwas
885 1885 1061 1923 rcitzten,
1102 1884 1196 1917 dazu
1228 1883 1470 1931 gebrauchen
1496 1883 1654 1924 kb'nnte,

165 1934 254 1967 ihre
295 1934 449 1966 Herzen
492 1943 562 1965 zur
602 1931 842 1979 Vergeltung
886 1931 1071 1965 ebenfalls
1118 1932 1180 1965 ein
1218 1931 1348 1979 wenig
1392 1931 1655 1964 anzuslechen.

166 1991 374 2027 repzmgere
397 1993 447 2009 Ξ
472 1979 620 2014 wieder
645 1979 812 2017 stechen,
847 1979 901 2012 als
929 1975 1025 2018 ἅπαξ
1050 1980 1125 2024 azy.

260 2031 320 2065 20.
371 2028 492 2062 Habes
525 2028 566 2061 de
601 2028 683 2062 Vat.
734 2026 809 2069 „So
834 2027 914 2060 viel
951 2038 1037 2060 vom
1064 2026 1252 2060 Vatinius!
1306 2027 1408 2061 Here
1435 2038 1512 2059 nun
1539 2026 1651 2063 auch.

164 2090 244 2112 was
270 2079 335 2110 fiir
362 2077 447 2111 eine
473 2075 732 2111 Bewandtniss
767 2087 803 2108 es
837 2076 908 2108 mit
940 2076 1103 2108 meincm
1130 2073 1391 2109 Verh'ziltnisse
1425 2088 1471 2108 zu
1498 2075 1653 2108 Crassus

164 2125 274 2160 hat.“
322 2124 458 2159 Cicero
492 2123 676 2158 schildert
709 2123 798 2156 hier
828 2123 888 2156 die
914 2124 1194 2170 Veranlassung
1227 2124 1354 2156 sciner
1385 2123 1530 2156 dritten
1555 2122 1651 2156 Ent-

164 2174 346 2221 zweiung·
371 2172 448 2205 und
473 2171 885 2219 WViedervers'o'hnung
909 2171 980 2205 mit
1006 2171 1167 2204 Crassus.
1206 2169 1243 2208 S,
1271 2184 1318 2205 zu
1344 2181 1401 2216 ep.
1430 2170 1590 2212 CXXXI,
1619 2173 1649 2204 l.

163 2241 209 2247 —-
244 2221 440 2255 communis
474 2221 640 2253 concord.
675 2231 718 2257 c.‚
760 2219 829 2252 dex·
863 2219 1120 2266 allgemeinen
1153 2218 1358 2253 Eintracht
1391 2230 1438 2252 zu
1479 2218 1568 2251 lieb.
1609 2236 1651 2241 -—
1706 2238 1711 2242 -

162 2269 347 2304 oblivione
373 2272 556 2301 conterere
580 2268 750 2305 iniurias,
793 2267 1094 2313 Beleidigungen
1128 2266 1249 2300 durch
1286 2265 1581 2314 Vergesscnheit
1612 2264 1652 2298 in
1703 2275 1711 2309 J

162 2319 308 2352 seinem
335 2315 605 2350 Gedachtnisse
643 2316 843 2362 austilgen‚
882 2329 930 2346 z
969 2315 1163 2349 oblivione
1199 2315 1341 2357 delere,
1376 2314 1429 2348 sie
1466 2313 1505 2346 in
1538 2316 1651 2361 g'a‘nz-
1724 2346 1729 2350 ,

164 2366 272 2400 liche
297 2364 592 2412 Vergessenheit
619 2364 770 2397 stollen.
798 2384 840 2389 —
879 2363 1128 2404 defensionem
1157 2363 1308 2397 Gabinii
1335 2363 1388 2395 im
1413 2362 1448 2395 J.
1475 2363 1557 2401 698,
1595 2361 1652 2394 als
1703 2375 1730 2392 :⁷

164 2414 227 2447 die
254 2412 376 2447 Sache
403 2412 472 2446 der
497 2411 630 2445 beiden
659 2411 899 2446 Proconsules
927 2411 1007 2444 Piso
1035 2411 1111 2444 und
1138 2411 1332 2449 Gabinius,
1375 2420 1499 2457 gegen
1537 2409 1653 2442 deren
1699 2409 1731 2445 ἶ.Ἰ

165 2459 418 2496 sch‘zindliche
454 2459 735 2506 Amtssiihrung
770 2459 872 2493 viele
907 2459 1187 2493 Beschwerden
1224 2458 1466 2506 eingelaufen
1508 2468 1652 2498 waren,
1699 2451 1707 2460 ⁸

164 2512 219 2543 im
245 2509 382 2544 Senate
412 2507 590 2541 debattirt
616 2508 745 2541 wurde
772 2507 849 2540 und
875 2506 1010 2541 Cicero
1046 2507 1117 2540 mit
1142 2507 1243 2540 aller
1268 2505 1552 2540 Beredsamkeit
1588 2504 1656 2537 auf

167 2557 517 2602 Zuriickberusung
542 2555 666 2588 dieser
691 2555 772 2588 ihm
800 2565 840 2589 so
866 2554 957 2588 sehr
982 2555 1202 2589 vcrhasstcn
1231 2556 1387 2588 lll'zinner
1411 2560 1560 2599 antrug.
1613 2551 1651 2586 S.
1702 2593 1709 2598 ῃ

166 2606 269 2639 Orat.
299 2605 344 2639 de
371 2614 478 2648 prov.
506 2603 649 2636 consul.
676 2615 706 2636 c.
735 2604 757 2637 4
784 2602 822 2636 ff.
867 2620 909 2626 —-
956 2607 1223 2647 oppugnasse&
1252 2602 1315 2635 sed
1343 2610 1605 2646 oppugnassent
1632 2611 1653 2632 e
1692 2595 1725 2649 (3¹¹

166 2653 258 2688 Cdd.
287 2653 386 2686 Crat.
414 2651 549 2685 Bencd.
580 2651 667 2685 sch.
697 2652 853 2685 Liinem.
880 2657 1010 2684 contra
1038 2652 1107 2684 Md.
1137 2650 1334 2685 ORELLI.
1381 2668 1422 2674 —
1473 2649 1549 2681 sine
1574 2648 1652 2681 ulla
1693 2663 1731 2809 l·

1720 1563 1742 1744 ‚laffi'ss'a'ffifn-
1719 1339 1742 1545 ‘sg-i-flffissaae
1736 1289 1742 1311 Γ

167 2712 245 2735 mea
273 2704 380 2741 cont„
408 2699 508 2733 ohne
537 2699 641 2732 mich
669 2699 775 2732 dabei
801 2699 940 2746 irgend
968 2712 1013 2734 zu
1040 2698 1306 2732 nnisshandeln.
1347 2716 1386 2722 —
1426 2707 1561 2740 suscep.
1589 2695 1652 2728 ‹le-
1702 2727 1704 2731 ,

167 2749 391 2784 sensionem.
419 2767 460 2772 -—
486 2748 668 2790 praesenti
695 2773 727 2780 ..
758 2746 964 2788 iracundia,
993 2759 1065 2782 von
1092 2746 1274 2781 Iachzorn
1302 2745 1364 2779 des
1392 2742 1652 2791 Augenblicks
1695 2755 1698 2758 ·

1697 2814 1742 3006 η
