1742 3006
498 96 818 143 EPISTOLA
848 96 948 142 CV.
980 96 1103 141 cvl.
1457 95 1548 146 351

73 227 271 272 pugnare
312 211 519 255 mirifice.
577 211 628 254 Si
666 212 815 254 locare
843 209 1079 264 voluisses,
1107 208 1275 252 duobus
1303 207 1374 250 his
1403 221 1552 252 mune-

73 274 194 314 ribus
223 272 471 313 liberasses.
530 267 620 310 Sed
647 267 757 310 haec
785 267 1019 322 posterius.
1091 266 1166 310 Tu
1196 266 1269 309 fac
1296 265 1468 310 venias:
1509 272 1554 309 et

74 329 131 371 de
159 327 373 380 librariis,
403 325 442 368 si
470 338 541 366 me
569 338 709 379 amas,
737 324 990 379 diligenter.

625 435 1015 443 q——ffl——QW—

376 549 694 594 EPISTOLA
728 549 854 593 CVI.
925 549 1040 602 (Ast.
1070 548 1155 592 IV.
1187 547 1246 600 5.)

215 626 296 661 ser.
322 625 361 659 in
387 626 529 660 Antiati
555 627 621 660 1v.
647 626 701 660 m.
728 625 816 672 Apr.
843 626 888 663 A.
915 626 960 660 U.
990 626 1028 659 e.
1057 626 1139 661 698.
1190 623 1241 665 (a.
1268 623 1312 660 c,
1337 624 1413 665 56.)

74 698 237 730 Excusat
261 695 399 728 librum
426 706 446 728 a
473 706 510 728 se
536 705 654 741 nuper
678 695 861 740 scriptum
887 693 988 739 prius
1014 692 1059 726 ad
1092 692 1204 725 alium
1240 702 1353 736 quam
1387 689 1435 723 ad
1460 689 1558 723 Atti-

74 756 161 778 cum
185 745 363 787 missum,
397 754 603 788 causasque
635 755 750 776 novae
784 754 872 776 cum
899 744 1054 775 Caesare
1080 740 1359 774 coniunctionis
1394 738 1560 787 exponit.

406 794 495 828 1—2.
530 792 708 837 Adiungit
734 791 917 837 quaedam
942 790 1159 824 domestica.
1186 791 1224 827 3.

585 878 771 914 CICERO
795 877 978 912 ATTICO
1005 876 1040 911 S.

188 947 287 988 Ain'
317 948 388 988 tu!
418 960 475 988 an
504 959 574 986 me
592 946 820 987 existimas
850 946 903 986 ab
932 946 1021 986 ullo
1051 945 1187 986 malle
1216 956 1316 985 mea
1344 943 1430 997 legi
1460 956 1562 997 pro-

78 1002 261 1058 barique
289 1016 418 1056 quam
447 1017 474 1044 a
501 1003 570 1043 te'?
625 1015 706 1042 cur
734 1002 872 1055 igitur
907 1002 1111 1055 cuiquam
1139 1001 1241 1040 misi
1269 999 1392 1054 prius
1406 999 1420 1040 ’ἱ
1479 999 1564 1039 Ur-

77 1060 216 1112 gebat·
255 1060 309 1100 ab
349 1073 424 1112 eo,
465 1059 522 1100 ad
552 1072 682 1112 quem
710 1058 841 1110 misi,
895 1061 938 1098 et
966 1071 1054 1098 non
1081 1056 1293 1098 habebam
1323 1054 1563 1109 exemplar.

79 1115 228 1164 Quid?
259 1115 393 1157 etiam
421 1139 476 1146 —-
505 1114 671 1154 dudum
700 1114 818 1155 enim
848 1112 1155 1166 circumrodo,
1197 1111 1316 1166 quod
1346 1111 1564 1153 devoran-

78 1171 183 1212 dum
223 1175 290 1212 est
333 1195 386 1202 —
425 1170 726 1225 subturpicula
767 1168 879 1210 mihi
922 1169 1156 1211 videbatur
1193 1182 1291 1209 esse
1333 1170 1566 1219 παλινῳδία.

79 1225 172 1268 Sed
200 1228 377 1269 valeant
405 1231 544 1279 recta,
575 1240 706 1280 vera,
736 1225 924 1267 honesta
952 1225 1151 1268 consilia.
1217 1223 1324 1266 Non
1365 1227 1434 1264 est
1471 1235 1566 1264 cre-

77 1357 176 1391 susp.
212 1346 360 1389 Lamb.)
395 1345 590 1378 ORELLI.
624 1363 668 1370 —
702 1354 870 1387 pugnare
903 1343 1086 1385 inludo,
1116 1344 1183 1377 ubi
1209 1343 1488 1377 exercebantur.
1522 1361 1567 1368 —

78 1393 120 1427 Si
153 1394 221 1427 loc.
254 1395 326 1427 vol.
355 1418 362 1426 .
391 1418 399 1426 .
429 1394 645 1435 liberasses,
686 1393 830 1426 hattest
861 1393 924 1426 Du
961 1392 1013 1425 sie
1044 1392 1285 1426 vermiethen
1319 1391 1476 1429 wollen,
1527 1402 1569 1424 so

78 1440 220 1474 hattest
254 1442 317 1475 Du
353 1442 502 1474 neulich
539 1442 578 1475 in
616 1441 687 1474 den
726 1441 817 1474 zwei
842 1440 1084 1478 offentlichen
1111 1439 1416 1486 Fechterspielen
1444 1439 1569 1473 Deine

79 1490 218 1523 Kosten
251 1490 369 1522 sehon
406 1489 546 1523 wieder
578 1490 772 1535 gewinnen
798 1489 873 1522 und
900 1489 960 1522 die
985 1487 1149 1522 Fechter
1173 1488 1274 1522 ohne
1300 1489 1444 1522 Deinen
1473 1486 1569 1521 Ver-

80 1537 155 1570 lust
188 1538 259 1570 mit
296 1539 364 1571 der
405 1538 576 1571 Freiheit
616 1537 853 1570 beschenken
896 1537 1060 1573 konnen,
1095 1536 1232 1570 duobus
1270 1536 1329 1570 Itis
1361 1536 1570 1570 muneribus

80 1584 333 1629 gladiatoriis,
359 1585 406 1618 ab
433 1586 545 1618 aedili
562 1587 635 1618 hoc
652 1598 752 1619 anno
776 1585 886 1621 datis.
912 1585 1020 1619 SCH.
1048 1603 1093 1610 —
1119 1585 1192 1620 Sed
1213 1584 1304 1619 llaec
1324 1588 1438 1628 post„
1467 1583 1569 1618 doch

81 1634 174 1666 dazu
197 1633 295 1667 wird
329 1645 366 1665 es
401 1633 440 1666 in
479 1634 545 1667 der
578 1634 696 1678 Folge
739 1645 786 1666 an
825 1633 1074 1678 Gelegenheit
1112 1634 1223 1666 nicht
1256 1633 1400 1666 fehlen.
1441 1652 1487 1658 —
1527 1633 1571 1666 de

81 1681 167 1715 libr.
193 1704 203 1715 .
234 1707 243 1714 .
269 1706 278 1714 .
306 1682 525 1724 diligenter,
553 1682 629 1716 und
659 1682 802 1727 vergiss
844 1681 905 1714 die
940 1681 1074 1714 beiden
1107 1681 1424 1716 Biichersklaven'
1444 1679 1570 1723 nicht,

83 1741 147 1763 um
185 1730 329 1763 welche
354 1730 418 1763 ich
443 1730 542 1765 Dich
574 1731 738 1775 gebeten
771 1730 884 1764 habe.
922 1730 1126 1773 diligenter
1158 1731 1306 1764 adverte
1336 1729 1424 1763 Asc.
1467 1731 1572 1765 Crat.

82 1788 203 1817 amas,
229 1789 320 1812 cura
347 1778 467 1812 Oxon.
496 1780 527 1814 2.
558 1779 754 1813 ORELLI.

179 1847 210 1880 1.
237 1845 326 1879 Ain’
352 1845 412 1879 tu?
438 1845 638 1878 wirklich?
666 1864 708 1870 —
737 1855 826 1882 mea.
864 1844 937 1878 Die
962 1844 1069 1880 Rede
1093 1845 1142 1879 ist
1167 1856 1235 1880 von
1263 1845 1366 1880 einer
1392 1847 1431 1880 in
1457 1847 1573 1882 Form

83 1892 188 1927 einer
213 1894 359 1939 Epistel
386 1894 644 1938 abgefassten,
671 1906 715 1927 an
741 1894 854 1928 Iulius
873 1896 985 1927 casar
1011 1894 1246 1939 gerichteten
1261 1895 1427 1938 schrift,
1454 1897 1572 1930 worin

86 1942 221 1977 Cicero
255 1942 402 1986 gezeigt
435 1943 560 1985 hatte,
595 1944 676 1976 dass
711 1954 754 1976 er
787 1942 848 1975 die
880 1943 1127 1988 Handlungen
1155 1943 1218 1977 des
1258 1946 1407 1986 Ciisars,
1444 1944 1505 1977 die
1531 1956 1573 1978 er

83 1996 188 2024 sonst
219 1990 485 2035 gemissbilligt
519 1990 649 2034 hatte,
690 1991 786 2025 ietzt
817 1992 947 2037 billige
978 1992 1055 2025 und
1088 1992 1147 2024 ein
1188 1992 1573 2026 freundschaftliches

82 2036 322 2072 Verh'ziltniss
347 2039 500 2080 (novam
526 2040 848 2082 coniunctionem)
874 2042 947 2074 mit
977 2039 1058 2073 ihm
1092 2040 1341 2073 herzustellen
1376 2040 1572 2075 wiinsche.

84 2085 223 2120 Leider
248 2086 296 2120 ist
322 2088 423 2120 diese
447 2087 592 2132 Epistel
623 2089 735 2122 nicht
771 2089 840 2122 auf
870 2100 938 2122 uns
969 2089 1218 2134 gekommeu!
1263 2088 1475 2123 Vielleicht
1506 2090 1574 2124 hat

87 2134 222 2167 Cicero
255 2134 316 2167 die
349 2135 590 2169 Abschriften
625 2137 744 2170 dieses
786 2137 1170 2182 nothgedrungenen,
1217 2148 1281 2171 aus
1315 2138 1459 2171 Politik
1489 2149 1574 2172 ver·

84 2182 226 2215 fassten
252 2181 567 2229 Sendschreibens
592 2184 694 2218 nach
723 2187 852 2219 casars
867 2186 1109 2230 Erinordung
1135 2185 1252 2219 selbst
1277 2198 1324 2220 zu
1348 2185 1572 2221 vernichten

84 2231 252 2274 gesucht.
302 2231 407 2265 Uber
438 2233 525 2265 iene
555 2233 879 2280 Sinnes'anderung
911 2246 1062 2268 unseres
1095 2236 1249 2268 Marcus
1282 2246 1308 2268 s.
1342 2235 1388 2268 ad
1423 2235 1513 2273 Div.
1541 2238 1571 2276 Ι,

87 2279 121 2313 9.
148 2278 220 2324 (ep.
251 2279 460 2322 CXXXIX).
498 2299 543 2305 —-
575 2282 740 2324 urgebar
772 2283 817 2316 ab
852 2294 893 2316 eo
927 2284 954 2316 i.
989 2295 1022 2320 e.
1052 2294 1072 2315 a
1097 2283 1274 2329 Pompeio
1301 2282 1401 2316 hunc
1429 2284 1572 2317 librum

85 2325 211 2371 legere
238 2328 412 2372 cupiente
440 2334 478 2361 et
503 2329 647 2364 lectum
671 2332 720 2364 ad
746 2332 945 2365 Caesarem
970 2333 1142 2366 missuro.
1172 2353 1215 2358 —
1243 2332 1345 2366 aliud
1372 2332 1574 2376 exemplar.

86 2392 131 2399 —
156 2375 408 2420 circumrodo,
440 2377 504 2410 ich
534 2389 629 2422 nage
661 2379 775 2413 sehon
812 2380 920 2425 lange
955 2392 1001 2414 an
1035 2380 1119 2413 dem
1154 2380 1290 2414 harten
1322 2380 1468 2420 Risum,
1507 2380 1576 2412 der

0 2432 27 2462 r
88 2422 239 2456 endlich
266 2423 366 2458 doch
391 2426 634 2460 verschluckt
658 2429 808 2461 werden
834 2440 933 2462 muss
961 2429 998 2462 d.
1027 2428 1055 2461 i.
1084 2429 1145 2462 ich
1179 2441 1281 2463 muss
1313 2430 1386 2462 Im·
1418 2427 1573 2461 endlich

88 2470 189 2504 doch
229 2471 291 2505 die
326 2474 554 2518 eigentliche
584 2476 752 2509 Ursache
778 2477 853 2510 frei
886 2477 1160 2522 heranssagen,
1196 2490 1237 2511 so
1263 2477 1409 2511 schwer
1435 2487 1472 2509 es
1499 2476 1573 2509 mir

8 2538 28 2567 .
87 2518 191 2552 wird.
217 2538 262 2544 —
298 2522 458 2567 sublurp.
485 2548 492 2554 .
521 2546 531 2556 .
558 2522 760 2570 παλινῳδία
793 2539 844 2557 :z
873 2527 1097 2560 retractatio
1134 2538 1286 2567 eorum,
1323 2535 1420 2570 quae
1450 2535 1573 2569 nuper

90 2565 136 2598 de
166 2568 361 2611 republica
394 2583 579 2606 senseram
612 2574 782 2608 Caesaris
809 2575 967 2608 consilia
993 2585 1224 2620 oppugnans,
1260 2586 1298 2607 es
1323 2572 1455 2606 schien
1486 2575 1572 2617 mir,

87 2614 142 2647 als
168 2618 307 2650 miisste
332 2619 398 2653 ich
422 2619 528 2654 mich
554 2632 622 2655 vor
645 2622 718 2656 Dir
743 2623 845 2656 eines
871 2634 911 2657 so
938 2629 1219 2658 unerwarteten
1236 2621 1449 2655 widerrufs
1475 2623 1568 2656 mei-

28 2707 30 2711 ·
88 2673 154 2695 ner
179 2664 443 2716 yormahligen
470 2669 702 2714 politischen
729 2671 940 2705 Ansichten
977 2672 1030 2711 (in
1057 2671 1231 2705 Hinsicht
1257 2670 1322 2703 auf
1346 2671 1478 2712 casar)
1504 2670 1568 2703 ein

29 2726 32 2751 ἱ
87 2720 212 2755 wemg
235 2711 428 2750 schamen.
477 2719 526 2751 So
551 2720 727 2754 Macrob.
755 2719 901 2754 saturn.
928 2720 1016 2762 Vll,
1043 2722 1081 2755 5:
1115 2719 1307 2765 „potuisse
1332 2729 1391 2752 me
1418 2730 1568 2764 quoque

29 2764 33 2792 :
86 2763 262 2805 tanquam
288 2761 518 2806 palinodiam
545 2770 720 2802 canere.“
746 2787 793 2795 —
818 2768 963 2803 valcant
991 2793 998 2800 .
1028 2791 1037 2800 .
1068 2793 1076 2801 .
1105 2768 1282 2812 consilia,
1310 2767 1448 2814 quippe
1475 2778 1568 2813 quae
