1742 3006
586 109 903 152 EPISTOLA
937 112 1020 153 rx.
1527 120 1581 165 19

90 234 135 269 et
176 231 244 268 est
282 230 326 267 et
366 224 466 265 suit.
527 222 621 263 Nos
663 221 739 262 hic
780 222 1040 263 incredibili
1086 237 1139 265 ac
1169 225 1388 280 singulari
1418 233 1573 285 populi
1613 248 1638 285 2

89 284 320 325 voluntate
361 281 415 321 (le
446 279 495 319 C·
540 278 697 319 Macro
739 279 1051 332 transegimus.
1122 280 1208 322 Cui
1259 296 1392 337 quum
1443 289 1574 341 aequi

91 339 350 388 fuissemus,
380 340 528 376 tamen
557 335 699 375 multo
729 335 943 375 maiorem
974 334 1169 377 fructum
1201 352 1260 378 ex
1301 341 1455 394 populi
1495 356 1574 384 ex-

91 395 396 444 istimatione,
436 391 520 431 illo
551 390 786 442 damnato,
828 391 1049 444 cepimus,
1089 406 1219 446 quam
1250 408 1308 435 ex
1339 397 1494 450 ipsius,
1534 401 1574 440 si

91 451 319 492 absolutus
349 450 480 497 esset,
512 447 659 500 gratia
688 447 972 499 cepissemus,
1032 447 1168 496 Quod
1198 450 1255 489 ad
1285 465 1355 492 me
1383 453 1438 494 ‹le
1457 454 1573 495 Her·
1613 468 1639 508 3

90 505 297 547 mathena
333 503 519 554 scribis,
570 515 650 556 per
678 501 792 542 mihi
833 506 1007 556 gratum
1038 507 1129 555 est,
1184 509 1229 545 et
1269 515 1574 551 ornamentum

91 561 361 604 Academiae
391 559 619 612 proprium
648 571 787 608 meae,
832 557 953 612 quod
983 563 1027 598 et
1056 557 1196 610 Ἑρμῆς
1224 574 1454 606 commune
1483 580 1575 607 om-

90 619 214 658 nium
265 620 310 657 et
347 614 555 655 Minerva
605 613 831 667 singulare
878 619 945 654 est
986 615 1161 668 insigne
1200 617 1293 657 eius
1333 623 1575 674 gymnasii,

91 674 243 723 Quare
272 672 437 723 velim,
470 674 518 711 ut
546 670 725 722 scribis,
756 670 920 710 ceteris
951 683 1125 725 quoque
1160 673 1288 713 rebus
1317 689 1447 729 quam
1479 679 1577 731 plu-

90 730 218 770 rimis
263 742 361 769 eum
391 728 541 768 locum
572 739 716 766 ornes.
776 725 903 776 Quae
934 725 1048 766 mihi
1078 731 1209 769 antea
1237 730 1367 784 signa
1396 734 1576 783 misisti,

90 799 143 827 ea
172 784 367 825 nondum
395 783 506 825 vidi.
570 782 624 822 In
655 782 898 823 Formiano
928 788 1051 831 sunt,
1091 798 1179 838 quo
1210 798 1291 838 ego
1321 800 1437 828 nunc
1476 803 1578 843 pro-

91 841 240 882 ficisci
271 840 537 893 cogitabam.
596 838 683 878 llla
712 838 863 878 omnia
891 837 937 878 in
969 838 1277 880 Tusculanum
1317 842 1577 897 deportabo,

91 897 320 948 Caietam,
359 896 397 936 si
429 893 606 949 quando
637 894 864 935 abundare
894 907 1110 948 coepero,
1162 898 1342 939 ornabo.
1413 900 1578 941 Libros

91 959 192 994 tuos
222 964 462 1000 conserva3
509 953 554 991 et
592 950 687 990 no'li
726 949 967 1003 desperare
1015 965 1090 991 eos
1141 965 1211 992 me
1258 967 1381 994 meos
1430 956 1581 997 facere

93 1023 236 1064 posse.
296 1007 432 1058 Quod
462 1006 501 1047 si
531 1019 771 1060 assequor,
806 1019 968 1060 supero
999 1006 1209 1049 Crassum
1241 1008 1420 1051 divitiis
1450 1018 1581 1066 atque

91 1066 289 1106 omnium
318 1065 444 1106 vicos
474 1067 519 1103 et
548 1066 677 1117 prata
707 1065 958 1103 contemno.

188 1184 222 1219 2.
253 1183 364 1216 Caius
391 1180 559 1215 Licinius
585 1180 732 1223 Macer,
760 1182 828 1215 den
855 1180 929 1214 wir
954 1182 1007 1215 als
1033 1182 1184 1216 Redner
1208 1194 1272 1217 aus
1299 1184 1464 1218 Cicero's
1490 1186 1584 1220 Bru-

93 1239 151 1266 tus
176 1243 210 1268 e.
237 1233 296 1266 67.
323 1229 488 1270 kenndu,
517 1241 594 1263 war
619 1230 682 1263 des
707 1229 984 1264 Unterschleifs
1010 1229 1337 1275 (repetundarum)
1365 1233 1582 1282 ang-eklagt.

93 1282 141 1314 So
168 1278 414 1313 verschieden
447 1278 508 1311 die
541 1277 806 1311 Nachrichten
840 1278 934 1311 iiber
975 1277 1043 1310 ihn
1083 1278 1184 1312 beim
1226 1281 1353 1313 Valer.
1395 1283 1585 1315 Maximus

93 1328 170 1361 und
195 1325 373 1360 Plutarch
404 1327 444 1359 in
472 1326 636 1360 Cicero‘s
662 1326 788 1359 Leben
828 1326 1036 1367 ausfallen3
1063 1336 1102 1359 so
1135 1327 1310 1361 stimmen
1345 1328 1443 1362 doch
1477 1331 1585 1364 beide

95 1376 202 1409 darin
229 1374 402 1415 iiber-ein,
430 1375 510 1406 dass
537 1384 579 1406 er
604 1383 689 1406 vom
718 1374 847 1407 Prator
874 1374 1007 1407 Cicero
1035 1375 1103 1409 687
1131 1375 1187 1408 od.
1216 1377 1260 1411 67
1288 1387 1355 1409 vor
1382 1377 1472 1411 Chr.
1497 1389 1585 1411 ver-

97 1422 255 1456 urtheilt
293 1421 373 1455 sich
412 1422 475 1455 das
502 1421 626 1454 Leben
669 1431 893 1467 genommen
934 1420 1041 1454 habe.
1095 1441 1135 1445 —
1185 1434 1270 1467 pop.
1301 1425 1497 1459 existimat.
1525 1426 1585 1459 die

95 1470 275 1516 Achtung
300 1469 396 1502 beim
412 1467 546 1510 Volke,
572 1468 632 1503 die
659 1479 701 1501 er
727 1468 809 1502 sich
835 1468 958 1503 durch
985 1469 1045 1502 die
1068 1470 1369 1520 Verurtheilung
1395 1473 1586 1508 desselben

98 1519 257 1553 erwarb.

192 1568 226 1601 3.
254 1564 506 1604 Hermathena,
532 1564 614 1598 eine
642 1566 800 1606 Her-me,
845 1565 968 1598 worin
995 1565 1158 1601 Merkur
1183 1566 1267 1600 ‘und
1293 1568 1463 1603 Minerva
1504 1581 1585 1604 ver-

97 1614 219 1661 einigt
243 1623 385 1648 waren.
436 1613 523 1656 Vgl.
552 1624 611 1657 ep.
641 1612 711 1654 Vl,
739 1613 771 1656 ξ.
798 1613 832 1646 3.
875 1631 917 1636 -
946 1617 980 1646 et
1007 1624 1147 1648 ornam.
1174 1615 1235 1649 die
1248 1618 1389 1662 Copula
1415 1618 1461 1651 ist
1487 1618 1585 1651 nach

97 1663 203 1697 einer
229 1661 431 1695 Coniectur
457 1671 528 1694 von
555 1660 693 1694 Faerni
721 1660 840 1693 durch
868 1660 1026 1694 Lambin
1055 1663 1286 1708 gestrichen.
1314 1665 1446 1699 Daher
1471 1666 1587 1699 theilt

96 1710 242 1745 Bentiv.
257 1720 295 1743 so
321 1710 387 1742 ab:
413 1713 584 1751 gratum3
612 1712 666 1741 est
692 1718 770 1740 orn.
799 1726 842 1732 -—-
869 1708 1015 1751 insigne
1038 1710 1158 1744 findet
1183 1711 1264 1745 sich
1291 1712 1330 1745 in
1358 1714 1432 1747 den
1458 1714 1586 1748 besten

50 1755 58 1762 ’
99 1759 216 1793 Codd.
243 1759 401 1792 Decurt.
428 1756 701 1790 Bos.T01·naes.
730 1757 888 1790 Crusell.
923 1758 1020 1800 Bos.,
1063 1758 1164 1792 fehlt
1197 1759 1367 1807 dagegen
1395 1762 1448 1795 im
1472 1763 1585 1808 ded.

98 1806 200 1842 Med.
231 1807 351 1840 Oxon.
380 1807 411 1839 1.
445 1806 478 1840 2.
507 1804 588 1838 edd.
625 1803 723 1837 vict.
760 1805 905 1838 Manut.
957 1806 1005 1839 Es
1045 1804 1188 1840 konnte
1221 1819 1355 1856 weg-en
1388 1810 1456 1843 der
1480 1810 1585 1844 Ahn-

99 1854 262 1889 lichkeit
295 1853 367 1887 mit
400 1853 591 1895 singulare
624 1851 745 1886 leicht
779 1853 974 1887 ausfallen.
1026 1852 1063 1887 S.
1103 1854 1297 1891 ORELLI.
1348 1859 1437 1891 Man
1475 1858 1585 1899 sieht,

99 1904 178 1949 dass
227 1912 353 1936 ausser
394 1902 464 1935 den
502 1900 701 1946 gelehrten
729 1899 1050 1949 Geistesiibungen
1078 1904 1173 1936 auch
1201 1904 1306 1939 wohl
1343 1906 1588 1950 kb'rperliche

36 1983 38 1986 ,
100 1952 286 2000 Ubungen
311 1961 381 1984 von
408 1949 474 1983 der
499 1948 764 1982 besuchenden
801 1950 947 1996 Iugend
985 1951 1147 1984 daselbst
1185 1955 1386 1999 angestellt
1419 1955 1588 1988 wurden.

103 2019 143 2024 —
170 2002 207 2032 ut
232 1998 342 2032 scrib.
371 1998 398 2030 i.
427 2008 457 2030 e.
483 2003 525 2030 ut
549 2008 618 2042 per
643 1997 773 2030 literas
797 1997 1020 2042 promisisti.
1051 2017 1090 2022 —
1118 1999 1155 2032 in
1182 1993 1476 2044 F03·»2ian0‚auf
1494 2002 1588 2036 mei-

100 2059 184 2081 nem
214 2048 310 2082 Gute
337 2058 384 2078 zu
410 2045 583 2079 Formiae
609 2045 682 2086 (am
710 2045 873 2091 ietzigen
899 2046 1002 2080 Mola
1029 2046 1066 2079 di
1094 2047 1228 2089 Gae'ta)
1263 2049 1392 2083 wohin
1427 2051 1480 2083 sie
1514 2062 1588 2083 von

103 2095 228 2132 Caieta
254 2092 440 2141 gebracht
465 2103 616 2134 waren,
662 2093 706 2126 da
732 2093 817 2126 iene
848 2092 944 2127 Villa
979 2095 1174 2142 ungefahr
1199 2096 1237 2128 in
1265 2097 1333 2131 der
1357 2098 1472 2133 Mitte
1499 2099 1588 2132 zwi-

103 2145 214 2176 schen
243 2143 371 2175 Caieta
405 2141 482 2174 und
507 2140 708 2174 Tusculum
746 2142 820 2187 lag.
880 2142 975 2175 Hier
1025 2144 1157 2176 wurde
1203 2145 1336 2180 Cicero
1383 2147 1585 2182 ermordet,

101 2191 247 2225 Ruinen
274 2201 346 2222 von
373 2188 436 2222 ihr
462 2188 501 2221 in
528 2189 593 2222 der
620 2189 719 2222 Villa
746 2190 918 2223 Mat-sana
947 2190 1004 2223 bei
1034 2192 1277 2240 Castiglione.
1305 2212 1344 2217 —
1375 2195 1589 2238 deportabo,

103 2238 298 2284 deportari
322 2237 467 2270 iubebo.
497 2255 537 2260 —
568 2237 746 2276 Caietam,
774 2237 918 2275 villam.
947 2249 1057 2282 quam
1086 2240 1220 2274 Cicero
1245 2241 1407 2275 habebat
1434 2243 1473 2275 in
1497 2254 1588 2290 agro

104 2285 550 2322 Caietan0.—abmzdare
598 2285 725 2331 signis,
753 2287 983 2319 ornamentis
1008 2288 1288 2324 illis—libros.
1317 2303 1342 2325 s.
1371 2291 1441 2324 den
1467 2291 1586 2337 vox-ig.

103 2335 210 2368 Brief
223 2335 343 2378 §.2.u.
358 2344 415 2378 ep.
430 2334 557 2377 V11.§.
572 2334 732 2367 3.—-e0s
752 2344 806 2365 me
822 2335 1012 2374 meossac.
1032 2347 1146 2379 posse.
1173 2337 1205 2369 S.
1227 2349 1285 2383 ep.
1312 2337 1357 2374 V,
1384 2340 1418 2374 2.
1436 2350 1443 2371 :
1471 2349 1584 2371 arcae

106 2387 250 2415 nostrae
281 2381 519 2422 confidito.—
538 2381 635 2414 vicos
662 2385 695 2414 et
719 2385 829 2425 prata
855 2381 891 2417 h,
920 2393 952 2415 e.
979 2384 1140 2417 urbanas
1168 2387 1399 2430 rusticasque
1427 2386 1588 2422 divitias,

106 2430 223 2463 Vicus
255 2431 355 2463 enim
383 2429 521 2474 duplex
549 2436 626 2470 est,
668 2429 703 2461 in
731 2429 823 2462 urbe
859 2436 896 2462 et
922 2437 1028 2464 extra
1054 2433 1198 2466 urbem.
1250 2435 1322 2467 Hic
1358 2435 1402 2467 de
1446 2434 1590 2467 urbano

104 2478 388 2522 accipiendum,
432 2477 498 2521 qui
533 2483 638 2510 notat.
681 2477 788 2510 aedes
838 2479 1052 2521 complures
1093 2482 1325 2515 coniunctim
1366 2482 1589 2515 aedificatas.

106 2526 221 2558 Pralis
253 2536 344 2558 vero
379 2525 479 2558 inter
504 2525 657 2569 praedia
696 2526 832 2558 rustica
858 2526 999 2569 primas
1025 2534 1150 2572 partes
1176 2530 1334 2562 tributas
1361 2542 1379 2562 a
1406 2529 1591 2563 veteribus

106 2573 158 2606 nit
187 2573 393 2606 Columella
420 2573 505 2606 libr.
535 2573 585 2606 11.
615 2584 645 2606 c.
674 2576 733 2607 17.
754 2574 1173 2622 ,wlAlx'Ulengustins
1197 2577 1470 2625 Vermulhung
1494 2579 1589 2611 lucos

107 2626 195 2653 statt
226 2621 322 2653 vicos
347 2621 464 2654 findet
490 2621 570 2653 sich
599 2622 654 2654 ed.
681 2623 830 2656 Ascens.
870 2624 899 2656 1.
929 2624 1192 2669 ἵναεεεηίωιᾛς
1218 2624 1354 2673 sclilug
1381 2625 1501 2659 daher
1528 2636 1593 2658 vor

108 2669 207 2704 (liv-it.
236 2674 338 2711 atque
365 2669 514 2701 Alcinoi
539 2669 649 2702 lucos.
677 2688 723 2693 —
749 2674 917 2703 contemn.
945 2672 1014 2704 mit
1036 2671 1281 2720 Veraclitung
1309 2675 1454 2707 woraus
1478 2674 1591 2706 hinnul>

109 2715 240 2753 seheri,
270 2716 459 2759 despicere
486 2728 570 2749 cum
598 2724 803 2750 contemtu.

991 2884 1042 2923 2*
