<?xml version="1.0" encoding="UTF-8"?>
<!DOCTYPE html PUBLIC "-//W3C//DTD XHTML 1.0 Transitional//EN"
    "http://www.w3.org/TR/xhtml1/DTD/xhtml1-transitional.dtd">
<html xmlns="http://www.w3.org/1999/xhtml" xml:lang="en" lang="en">
 <head>
  <title>
</title>
<meta http-equiv="Content-Type" content="text/html;charset=utf-8" />
  <meta name='ocr-system' content='tesseract 3.04.00' />
  <meta name='ocr-capabilities' content='ocr_page ocr_carea ocr_par ocr_line ocrx_word'/>
</head>
<body>
  <div class='ocr_page' id='page_1' title='image "./epistolaeadattic00ciceuoft/epistolaeadattic00ciceuoft_0190.png"; bbox 0 0 1742 3006; ppageno 0'>
   <div class='ocr_carea' id='block_1_1' title="bbox 194 94 1727 167">
    <p class='ocr_par' dir='ltr' id='par_1_1' title="bbox 194 94 1727 167">
     <span class='ocr_line' id='line_1_1' title="bbox 194 94 1727 167; baseline -0.003 -25"><span class='ocrx_word' id='word_1_1' title='bbox 194 94 279 142; x_wconf 73' lang='lat'>174</span> <span class='ocrx_word' id='word_1_2' title='bbox 450 96 515 138; x_wconf 94' lang='grc' dir='ltr'>Μ.</span> <span class='ocrx_word' id='word_1_3' title='bbox 546 96 598 138; x_wconf 94' lang='grc' dir='ltr'>Τ.</span> <span class='ocrx_word' id='word_1_4' title='bbox 631 95 968 141; x_wconf 85' lang='lat' dir='ltr'>CICERONIS</span> <span class='ocrx_word' id='word_1_5' title='bbox 1000 97 1371 144; x_wconf 85' lang='lat' dir='ltr'>EPISTOLAE.</span> <span class='ocrx_word' id='word_1_6' title='bbox 1720 115 1727 167; x_wconf 64' lang='lat'>3·</span> 
     </span>
    </p>
   </div>
   <div class='ocr_carea' id='block_1_2' title="bbox 265 224 1575 348">
    <p class='ocr_par' dir='ltr' id='par_1_2' title="bbox 265 224 1575 348">
     <span class='ocr_line' id='line_1_2' title="bbox 429 224 1380 279; baseline 0.009 -14"><span class='ocrx_word' id='word_1_7' title='bbox 429 224 743 268; x_wconf 81' lang='lat' dir='ltr'><strong>EPISTOLA</strong></span> <span class='ocrx_word' id='word_1_8' title='bbox 772 225 1002 269; x_wconf 82' lang='lat' dir='ltr'><strong>xxxlx.</strong></span> <span class='ocrx_word' id='word_1_9' title='bbox 1055 226 1167 279; x_wconf 74' lang='grc' dir='ltr'><strong>(Λα.</strong></span> <span class='ocrx_word' id='word_1_10' title='bbox 1198 227 1257 269; x_wconf 90' lang='lat'>11.</span> <span class='ocrx_word' id='word_1_11' title='bbox 1292 228 1380 274; x_wconf 83' lang='lat'>13.)</span> 
     </span>
     <span class='ocr_line' id='line_1_3' title="bbox 265 297 1575 348; baseline 0 -13"><span class='ocrx_word' id='word_1_12' title='bbox 265 301 346 339; x_wconf 77' lang='lat' dir='ltr'>Ser.</span> <span class='ocrx_word' id='word_1_13' title='bbox 370 299 409 333; x_wconf 84' lang='lat' dir='ltr'>in</span> <span class='ocrx_word' id='word_1_14' title='bbox 433 297 633 333; x_wconf 86' lang='lat' dir='ltr'>Formiano</span> <span class='ocrx_word' id='word_1_15' title='bbox 658 299 759 333; x_wconf 82' lang='lat' dir='ltr'>circa</span> <span class='ocrx_word' id='word_1_16' title='bbox 785 300 862 334; x_wconf 89' lang='lat' dir='ltr'>XV.</span> <span class='ocrx_word' id='word_1_17' title='bbox 889 299 977 346; x_wconf 79' lang='lat' dir='ltr'>Apr.</span> <span class='ocrx_word' id='word_1_18' title='bbox 1005 301 1044 333; x_wconf 83' lang='grc' dir='ltr'>Α.</span> <span class='ocrx_word' id='word_1_19' title='bbox 1073 301 1116 333; x_wconf 93' lang='lat' dir='ltr'>U.</span> <span class='ocrx_word' id='word_1_20' title='bbox 1147 302 1187 337; x_wconf 79' lang='lat' dir='ltr'>C.</span> <span class='ocrx_word' id='word_1_21' title='bbox 1215 301 1296 336; x_wconf 80' lang='lat'><strong>695.</strong></span> <span class='ocrx_word' id='word_1_22' title='bbox 1345 300 1395 341; x_wconf 84' lang='lat' dir='ltr'>(a.</span> <span class='ocrx_word' id='word_1_23' title='bbox 1426 301 1463 335; x_wconf 87' lang='lat' dir='ltr'>C.</span> <span class='ocrx_word' id='word_1_24' title='bbox 1492 301 1575 348; x_wconf 64' lang='lat'>59.)</span> 
     </span>
    </p>
   </div>
   <div class='ocr_carea' id='block_1_3' title="bbox 186 362 1639 594">
    <p class='ocr_par' dir='ltr' id='par_1_3' title="bbox 186 362 1639 594">
     <span class='ocr_line' id='line_1_4' title="bbox 186 362 1639 414; baseline -0.001 -12"><span class='ocrx_word' id='word_1_25' title='bbox 186 367 389 414; x_wconf 85' lang='lat' dir='ltr'>Epistolam</span> <span class='ocrx_word' id='word_1_26' title='bbox 420 365 467 399; x_wconf 88' lang='grc'>36</span> <span class='ocrx_word' id='word_1_27' title='bbox 496 362 621 398; x_wconf 83' lang='lat' dir='ltr'>Attico</span> <span class='ocrx_word' id='word_1_28' title='bbox 645 364 834 399; x_wconf 75' lang='lat' dir='ltr'><strong>redditam</strong></span> <span class='ocrx_word' id='word_1_29' title='bbox 860 378 934 399; x_wconf 88' lang='lat' dir='ltr'>non</span> <span class='ocrx_word' id='word_1_30' title='bbox 961 377 1037 398; x_wconf 84' lang='lat' dir='ltr'>esse</span> <span class='ocrx_word' id='word_1_31' title='bbox 1064 365 1188 408; x_wconf 87' lang='lat' dir='ltr'>dolet,</span> <span class='ocrx_word' id='word_1_32' title='bbox 1227 378 1338 411; x_wconf 81' lang='lat' dir='ltr'>quam</span> <span class='ocrx_word' id='word_1_33' title='bbox 1366 367 1419 408; x_wconf 87' lang='lat' dir='ltr'>ei,</span> <span class='ocrx_word' id='word_1_34' title='bbox 1467 379 1577 413; x_wconf 88' lang='lat' dir='ltr'>quum</span> <span class='ocrx_word' id='word_1_35' title='bbox 1603 368 1639 401; x_wconf 88' lang='lat' dir='ltr'>in</span> 
     </span>
     <span class='ocr_line' id='line_1_5' title="bbox 187 413 1639 452; baseline 0.001 -5"><span class='ocrx_word' id='word_1_36' title='bbox 187 414 369 449; x_wconf 72' lang='lat' dir='ltr'>fasciculo</span> <span class='ocrx_word' id='word_1_37' title='bbox 401 413 448 444; x_wconf 82' lang='lat' dir='ltr'>ad</span> <span class='ocrx_word' id='word_1_38' title='bbox 480 423 518 445; x_wconf 70' lang='lat' dir='ltr'>ze</span> <span class='ocrx_word' id='word_1_39' title='bbox 542 413 718 452; x_wconf 86' lang='lat' dir='ltr'>redierit,</span> <span class='ocrx_word' id='word_1_40' title='bbox 765 414 898 447; x_wconf 85' lang='lat' dir='ltr'>referri</span> <span class='ocrx_word' id='word_1_41' title='bbox 923 413 1071 448; x_wconf 78' lang='lat' dir='ltr'>iussisse</span> <span class='ocrx_word' id='word_1_42' title='bbox 1094 415 1242 448; x_wconf 86' lang='lat' dir='ltr'>scribit.</span> <span class='ocrx_word' id='word_1_43' title='bbox 1293 415 1437 448; x_wconf 79' lang='lat' dir='ltr'>Romae</span> <span class='ocrx_word' id='word_1_44' title='bbox 1476 416 1521 450; x_wconf 86' lang='lat' dir='ltr'>de</span> <span class='ocrx_word' id='word_1_45' title='bbox 1546 416 1639 449; x_wconf 79' lang='lat' dir='ltr'>actis</span> 
     </span>
     <span class='ocr_line' id='line_1_6' title="bbox 187 460 1637 508; baseline -0.001 -11"><span class='ocrx_word' id='word_1_46' title='bbox 187 462 395 508; x_wconf 80' lang='lat' dir='ltr'>potentium</span> <span class='ocrx_word' id='word_1_47' title='bbox 422 460 521 494; x_wconf 77' lang='lat' dir='ltr'>sileri</span> <span class='ocrx_word' id='word_1_48' title='bbox 547 472 659 505; x_wconf 86' lang='lat' dir='ltr'>quum</span> <span class='ocrx_word' id='word_1_49' title='bbox 685 461 894 506; x_wconf 78' lang='lat' dir='ltr'><strong>scripsisset</strong></span> <span class='ocrx_word' id='word_1_50' title='bbox 917 462 1079 506; x_wconf 86' lang='lat' dir='ltr'>Atticus,</span> <span class='ocrx_word' id='word_1_51' title='bbox 1113 463 1223 496; x_wconf 79' lang='lat' dir='ltr'>aliter</span> <span class='ocrx_word' id='word_1_52' title='bbox 1247 473 1328 496; x_wconf 89' lang='lat' dir='ltr'>esse</span> <span class='ocrx_word' id='word_1_53' title='bbox 1354 463 1390 496; x_wconf 88' lang='lat' dir='ltr'>in</span> <span class='ocrx_word' id='word_1_54' title='bbox 1416 464 1515 507; x_wconf 80' lang='lat' dir='ltr'>agris</span> <span class='ocrx_word' id='word_1_55' title='bbox 1540 469 1576 498; x_wconf 84' lang='lat' dir='ltr'>et</span> <span class='ocrx_word' id='word_1_56' title='bbox 1601 464 1637 497; x_wconf 83' lang='lat' dir='ltr'>in</span> 
     </span>
     <span class='ocr_line' id='line_1_7' title="bbox 289 509 1530 555; baseline 0.002 -11"><span class='ocrx_word' id='word_1_57' title='bbox 289 509 490 544; x_wconf 79' lang='lat' dir='ltr'>Formiano</span> <span class='ocrx_word' id='word_1_58' title='bbox 516 509 765 554; x_wconf 85' lang='lat' dir='ltr'>potissimum,</span> <span class='ocrx_word' id='word_1_59' title='bbox 790 509 855 542; x_wconf 88' lang='lat' dir='ltr'>ubi</span> <span class='ocrx_word' id='word_1_60' title='bbox 882 509 1052 543; x_wconf 82' lang='lat' dir='ltr'>homines</span> <span class='ocrx_word' id='word_1_61' title='bbox 1074 510 1164 544; x_wconf 86' lang='lat' dir='ltr'>illud</span> <span class='ocrx_word' id='word_1_62' title='bbox 1191 521 1349 555; x_wconf 84' lang='lat' dir='ltr'>regnum</span> <span class='ocrx_word' id='word_1_63' title='bbox 1376 513 1530 546; x_wconf 85' lang='lat' dir='ltr'>moleste</span> 
     </span>
     <span class='ocr_line' id='line_1_8' title="bbox 747 558 1010 594; baseline 0.004 -3"><span class='ocrx_word' id='word_1_64' title='bbox 747 558 881 591; x_wconf 76' lang='lat' dir='ltr'>ferant.</span> <span class='ocrx_word' id='word_1_65' title='bbox 922 559 1010 594; x_wconf 86' lang='lat'>1-2.</span> 
     </span>
    </p>
   </div>
   <div class='ocr_carea' id='block_1_4' title="bbox 113 622 1742 1405">
    <p class='ocr_par' dir='ltr' id='par_1_4' title="bbox 682 622 1128 660">
     <span class='ocr_line' id='line_1_9' title="bbox 682 622 1128 660; baseline -0.004 -1"><span class='ocrx_word' id='word_1_66' title='bbox 682 622 863 659; x_wconf 85' lang='lat' dir='ltr'>CICERO</span> <span class='ocrx_word' id='word_1_67' title='bbox 889 623 1069 660; x_wconf 81' lang='lat' dir='ltr'>ATTICO</span> <span class='ocrx_word' id='word_1_68' title='bbox 1094 623 1128 658; x_wconf 90' lang='lat' dir='ltr'>S.</span> 
     </span>
    </p>

    <p class='ocr_par' dir='ltr' id='par_1_5' title="bbox 174 684 1742 1084">
     <span class='ocr_line' id='line_1_10' title="bbox 289 684 1634 740; baseline 0.001 -12"><span class='ocrx_word' id='word_1_69' title='bbox 289 687 481 728; x_wconf 85' lang='lat' dir='ltr'><strong>Facinus</strong></span> <span class='ocrx_word' id='word_1_70' title='bbox 510 685 760 740; x_wconf 84' lang='lat' dir='ltr'>indignum!</span> <span class='ocrx_word' id='word_1_71' title='bbox 805 685 1056 738; x_wconf 86' lang='lat' dir='ltr'>epistolam,</span> <span class='ocrx_word' id='word_1_72' title='bbox 1085 684 1264 734; x_wconf 75' lang='grc' dir='ltr'><strong><em>αὐθωρεέ</em></strong></span> <span class='ocrx_word' id='word_1_73' title='bbox 1291 686 1373 727; x_wconf 82' lang='lat' dir='ltr'>tibi</span> <span class='ocrx_word' id='word_1_74' title='bbox 1403 700 1430 728; x_wconf 87' lang='lat' dir='ltr'>a</span> <span class='ocrx_word' id='word_1_75' title='bbox 1468 688 1634 729; x_wconf 80' lang='lat' dir='ltr'>Tribus</span> 
     </span>
     <span class='ocr_line' id='line_1_11' title="bbox 179 740 1631 795; baseline 0 -11"><span class='ocrx_word' id='word_1_76' title='bbox 179 743 399 785; x_wconf 83' lang='lat' dir='ltr'>Tabernis</span> <span class='ocrx_word' id='word_1_77' title='bbox 429 742 692 795; x_wconf 80' lang='lat' dir='ltr'>rescriptam</span> <span class='ocrx_word' id='word_1_78' title='bbox 721 740 777 782; x_wconf 88' lang='lat' dir='ltr'>ad</span> <span class='ocrx_word' id='word_1_79' title='bbox 807 745 903 781; x_wconf 84' lang='lat' dir='ltr'>tuas</span> <span class='ocrx_word' id='word_1_80' title='bbox 931 741 1217 782; x_wconf 87' lang='lat' dir='ltr'>suavissimas</span> <span class='ocrx_word' id='word_1_81' title='bbox 1237 742 1466 794; x_wconf 82' lang='lat' dir='ltr'><strong>epistolas,</strong></span> <span class='ocrx_word' id='word_1_82' title='bbox 1495 746 1631 784; x_wconf 84' lang='lat' dir='ltr'>nemi-</span> 
     </span>
     <span class='ocr_line' id='line_1_12' title="bbox 178 795 1632 852; baseline 0.001 -13"><span class='ocrx_word' id='word_1_83' title='bbox 178 812 277 839; x_wconf 85' lang='lat' dir='ltr'>nem</span> <span class='ocrx_word' id='word_1_84' title='bbox 317 797 590 839; x_wconf 78' lang='lat' dir='ltr'>reddidisse!</span> <span class='ocrx_word' id='word_1_85' title='bbox 647 798 705 838; x_wconf 80' lang='lat' dir='ltr'>At</span> <span class='ocrx_word' id='word_1_86' title='bbox 746 795 861 837; x_wconf 85' lang='lat' dir='ltr'>scito</span> <span class='ocrx_word' id='word_1_87' title='bbox 910 809 1009 836; x_wconf 90' lang='lat' dir='ltr'>eum</span> <span class='ocrx_word' id='word_1_88' title='bbox 1049 795 1337 849; x_wconf 81' lang='lat' dir='ltr'>fasciculum,</span> <span class='ocrx_word' id='word_1_89' title='bbox 1393 811 1479 852; x_wconf 91' lang='lat' dir='ltr'>quo</span> <span class='ocrx_word' id='word_1_90' title='bbox 1506 799 1632 840; x_wconf 87' lang='lat' dir='ltr'>illam</span> 
     </span>
     <span class='ocr_line' id='line_1_13' title="bbox 177 851 1631 906; baseline 0 -11"><span class='ocrx_word' id='word_1_91' title='bbox 177 854 470 906; x_wconf 73' lang='lat' dir='ltr'>coniecemm,</span> <span class='ocrx_word' id='word_1_92' title='bbox 500 852 677 893; x_wconf 87' lang='lat' dir='ltr'>domum</span> <span class='ocrx_word' id='word_1_93' title='bbox 707 865 760 893; x_wconf 91' lang='lat' dir='ltr'>eo</span> <span class='ocrx_word' id='word_1_94' title='bbox 788 852 884 905; x_wconf 86' lang='lat' dir='ltr'>ipso</span> <span class='ocrx_word' id='word_1_95' title='bbox 913 851 988 892; x_wconf 89' lang='lat' dir='ltr'>die</span> <span class='ocrx_word' id='word_1_96' title='bbox 1018 851 1155 893; x_wconf 89' lang='lat' dir='ltr'>latum</span> <span class='ocrx_word' id='word_1_97' title='bbox 1185 865 1296 901; x_wconf 88' lang='lat' dir='ltr'>esse,</span> <span class='ocrx_word' id='word_1_98' title='bbox 1327 866 1415 906; x_wconf 83' lang='lat' dir='ltr'>quo</span> <span class='ocrx_word' id='word_1_99' title='bbox 1444 866 1526 906; x_wconf 84' lang='lat' dir='ltr'>ego</span> <span class='ocrx_word' id='word_1_100' title='bbox 1555 854 1631 895; x_wconf 86' lang='lat' dir='ltr'>de-</span> 
     </span>
     <span class='ocr_line' id='line_1_14' title="bbox 176 907 1742 963; baseline 0.002 -13"><span class='ocrx_word' id='word_1_101' title='bbox 176 911 352 961; x_wconf 85' lang='lat' dir='ltr'>deram,</span> <span class='ocrx_word' id='word_1_102' title='bbox 397 913 443 949; x_wconf 88' lang='lat' dir='ltr'>et</span> <span class='ocrx_word' id='word_1_103' title='bbox 480 908 537 948; x_wconf 88' lang='lat' dir='ltr'>ad</span> <span class='ocrx_word' id='word_1_104' title='bbox 575 922 645 949; x_wconf 89' lang='lat' dir='ltr'>me</span> <span class='ocrx_word' id='word_1_105' title='bbox 673 909 719 948; x_wconf 91' lang='lat' dir='ltr'>in</span> <span class='ocrx_word' id='word_1_106' title='bbox 746 907 1031 948; x_wconf 86' lang='lat' dir='ltr'>Formianum</span> <span class='ocrx_word' id='word_1_107' title='bbox 1062 908 1251 948; x_wconf 86' lang='lat' dir='ltr'>relatum</span> <span class='ocrx_word' id='word_1_108' title='bbox 1279 921 1389 949; x_wconf 84' lang='lat' dir='ltr'>esse.</span> <span class='ocrx_word' id='word_1_109' title='bbox 1472 909 1630 963; x_wconf 83' lang='lat' dir='ltr'>ltaque</span> <span class='ocrx_word' id='word_1_110' title='bbox 1740 947 1742 953; x_wconf 41' lang='lat'><em>2</em></span> 
     </span>
     <span class='ocr_line' id='line_1_15' title="bbox 174 960 1742 1022; baseline 0.001 -17"><span class='ocrx_word' id='word_1_111' title='bbox 174 966 257 1006; x_wconf 80' lang='lat' dir='ltr'>tibi</span> <span class='ocrx_word' id='word_1_112' title='bbox 301 969 422 1005; x_wconf 80' lang='lat' dir='ltr'>tuam</span> <span class='ocrx_word' id='word_1_113' title='bbox 466 964 700 1016; x_wconf 88' lang='lat' dir='ltr'>epistolam</span> <span class='ocrx_word' id='word_1_114' title='bbox 729 963 839 1003; x_wconf 88' lang='lat' dir='ltr'>iussi</span> <span class='ocrx_word' id='word_1_115' title='bbox 879 962 1065 1012; x_wconf 84' lang='lat' dir='ltr'>referri;</span> <span class='ocrx_word' id='word_1_116' title='bbox 1122 977 1180 1003; x_wconf 84' lang='lat' dir='ltr'>ex</span> <span class='ocrx_word' id='word_1_117' title='bbox 1220 977 1307 1017; x_wconf 86' lang='lat' dir='ltr'>qua</span> <span class='ocrx_word' id='word_1_118' title='bbox 1340 964 1631 1018; x_wconf 81' lang='lat' dir='ltr'>intelligeres,</span> <span class='ocrx_word' id='word_1_119' title='bbox 1739 960 1742 1022; x_wconf 71' lang='lat' dir='ltr'>j</span> 
     </span>
     <span class='ocr_line' id='line_1_16' title="bbox 174 1018 1742 1084; baseline 0 -23"><span class='ocrx_word' id='word_1_120' title='bbox 174 1033 304 1075; x_wconf 87' lang='lat' dir='ltr'>quam</span> <span class='ocrx_word' id='word_1_121' title='bbox 332 1019 445 1060; x_wconf 84' lang='lat' dir='ltr'>mihi</span> <span class='ocrx_word' id='word_1_122' title='bbox 474 1024 567 1061; x_wconf 86' lang='lat' dir='ltr'>tum</span> <span class='ocrx_word' id='word_1_123' title='bbox 596 1019 703 1060; x_wconf 88' lang='lat' dir='ltr'>illae</span> <span class='ocrx_word' id='word_1_124' title='bbox 732 1022 884 1072; x_wconf 82' lang='lat' dir='ltr'>gratae</span> <span class='ocrx_word' id='word_1_125' title='bbox 913 1018 1114 1059; x_wconf 82' lang='lat' dir='ltr'>fuissent.</span> <span class='ocrx_word' id='word_1_126' title='bbox 1172 1018 1341 1060; x_wconf 87' lang='lat' dir='ltr'>Romae</span> <span class='ocrx_word' id='word_1_127' title='bbox 1370 1019 1490 1073; x_wconf 89' lang='lat' dir='ltr'>quod</span> <span class='ocrx_word' id='word_1_128' title='bbox 1518 1021 1628 1061; x_wconf 91' lang='lat' dir='ltr'>scri·</span> <span class='ocrx_word' id='word_1_129' title='bbox 1718 1024 1742 1084; x_wconf 56' lang='grc' dir='ltr'><strong>ᾗ</strong></span> 
     </span>
    </p>

    <p class='ocr_par' dir='ltr' id='par_1_6' title="bbox 113 1072 1630 1405">
     <span class='ocr_line' id='line_1_17' title="bbox 113 1072 1629 1129; baseline 0 -12"><span class='ocrx_word' id='word_1_130' title='bbox 113 1089 138 1127; x_wconf 87' lang='lat'>2</span> <span class='ocrx_word' id='word_1_131' title='bbox 174 1078 243 1117; x_wconf 89' lang='lat' dir='ltr'>bis</span> <span class='ocrx_word' id='word_1_132' title='bbox 271 1076 414 1127; x_wconf 85' lang='lat' dir='ltr'>sileri,</span> <span class='ocrx_word' id='word_1_133' title='bbox 445 1074 509 1116; x_wconf 80' lang='lat' dir='ltr'>ita</span> <span class='ocrx_word' id='word_1_134' title='bbox 538 1075 756 1129; x_wconf 77' lang='lat' dir='ltr'>putabam.</span> <span class='ocrx_word' id='word_1_135' title='bbox 815 1075 876 1114; x_wconf 84' lang='lat' dir='ltr'>At</span> <span class='ocrx_word' id='word_1_136' title='bbox 902 1072 1084 1115; x_wconf 87' lang='lat' dir='ltr'>hercule</span> <span class='ocrx_word' id='word_1_137' title='bbox 1113 1073 1159 1114; x_wconf 91' lang='lat' dir='ltr'>in</span> <span class='ocrx_word' id='word_1_138' title='bbox 1188 1076 1310 1128; x_wconf 83' lang='lat' dir='ltr'>agris</span> <span class='ocrx_word' id='word_1_139' title='bbox 1339 1088 1426 1115; x_wconf 90' lang='lat' dir='ltr'>non</span> <span class='ocrx_word' id='word_1_140' title='bbox 1447 1075 1629 1117; x_wconf 83' lang='lat' dir='ltr'>siletur.-</span> 
     </span>
     <span class='ocr_line' id='line_1_18' title="bbox 173 1129 1630 1184; baseline -0.001 -12"><span class='ocrx_word' id='word_1_141' title='bbox 173 1145 254 1173; x_wconf 88' lang='lat' dir='ltr'>nec</span> <span class='ocrx_word' id='word_1_142' title='bbox 282 1132 368 1171; x_wconf 87' lang='lat' dir='ltr'>iam</span> <span class='ocrx_word' id='word_1_143' title='bbox 399 1131 485 1184; x_wconf 90' lang='lat' dir='ltr'>ipsi</span> <span class='ocrx_word' id='word_1_144' title='bbox 514 1131 612 1184; x_wconf 86' lang='lat' dir='ltr'>agri</span> <span class='ocrx_word' id='word_1_145' title='bbox 642 1142 823 1184; x_wconf 83' lang='lat' dir='ltr'>regnum</span> <span class='ocrx_word' id='word_1_146' title='bbox 851 1134 1044 1171; x_wconf 85' lang='lat' dir='ltr'>vestrum</span> <span class='ocrx_word' id='word_1_147' title='bbox 1074 1129 1193 1170; x_wconf 88' lang='lat' dir='ltr'>serre</span> <span class='ocrx_word' id='word_1_148' title='bbox 1222 1134 1418 1184; x_wconf 83' lang='lat' dir='ltr'>possunt.</span> <span class='ocrx_word' id='word_1_149' title='bbox 1476 1130 1527 1172; x_wconf 84' lang='lat' dir='ltr'>Si</span> <span class='ocrx_word' id='word_1_150' title='bbox 1555 1144 1630 1173; x_wconf 81' lang='lat' dir='ltr'>ve-</span> 
     </span>
     <span class='ocr_line' id='line_1_19' title="bbox 171 1185 1629 1236; baseline 0 -9"><span class='ocrx_word' id='word_1_151' title='bbox 171 1201 222 1227; x_wconf 87' lang='lat' dir='ltr'>ro</span> <span class='ocrx_word' id='word_1_152' title='bbox 262 1187 308 1227; x_wconf 89' lang='lat' dir='ltr'>in</span> <span class='ocrx_word' id='word_1_153' title='bbox 347 1186 463 1227; x_wconf 86' lang='lat' dir='ltr'>hanc</span> <span class='ocrx_word' id='word_1_154' title='bbox 500 1186 714 1235; x_wconf 84' lang='grc' dir='ltr'><strong><em>τηλέπυλον</em></strong></span> <span class='ocrx_word' id='word_1_155' title='bbox 748 1185 924 1226; x_wconf 85' lang='lat' dir='ltr'>veneris</span> <span class='ocrx_word' id='word_1_156' title='bbox 961 1189 1283 1236; x_wconf 73' lang='grc' dir='ltr'><em>Λαιστρυγονίην,</em></span> <span class='ocrx_word' id='word_1_157' title='bbox 1326 1207 1381 1216; x_wconf 79' lang='lat'><em>-</em></span> <span class='ocrx_word' id='word_1_158' title='bbox 1426 1185 1629 1227; x_wconf 84' lang='lat' dir='ltr'>Formias</span> 
     </span>
     <span class='ocr_line' id='line_1_20' title="bbox 170 1239 1629 1296; baseline 0.001 -15"><span class='ocrx_word' id='word_1_159' title='bbox 170 1243 273 1281; x_wconf 88' lang='lat' dir='ltr'>dico</span> <span class='ocrx_word' id='word_1_160' title='bbox 301 1264 356 1270; x_wconf 89' lang='lat'>—-</span> <span class='ocrx_word' id='word_1_161' title='bbox 384 1242 460 1296; x_wconf 89' lang='lat' dir='ltr'>qui</span> <span class='ocrx_word' id='word_1_162' title='bbox 486 1240 689 1281; x_wconf 76' lang='lat' dir='ltr'>fremitus</span> <span class='ocrx_word' id='word_1_163' title='bbox 717 1239 963 1281; x_wconf 87' lang='lat' dir='ltr'>hominum!</span> <span class='ocrx_word' id='word_1_164' title='bbox 994 1253 1123 1294; x_wconf 86' lang='lat' dir='ltr'>quam</span> <span class='ocrx_word' id='word_1_165' title='bbox 1151 1241 1259 1281; x_wconf 85' lang='lat' dir='ltr'>irati</span> <span class='ocrx_word' id='word_1_166' title='bbox 1276 1241 1436 1282; x_wconf 83' lang='lat' dir='ltr'>animi!</span> <span class='ocrx_word' id='word_1_167' title='bbox 1464 1245 1629 1295; x_wconf 82' lang='lat' dir='ltr'>quanto</span> 
     </span>
     <span class='ocr_line' id='line_1_21' title="bbox 172 1296 1629 1350; baseline 0.001 -14"><span class='ocrx_word' id='word_1_168' title='bbox 172 1299 218 1336; x_wconf 88' lang='lat' dir='ltr'>in</span> <span class='ocrx_word' id='word_1_169' title='bbox 248 1296 354 1337; x_wconf 89' lang='lat' dir='ltr'>odio</span> <span class='ocrx_word' id='word_1_170' title='bbox 384 1299 534 1337; x_wconf 82' lang='lat' dir='ltr'>noster</span> <span class='ocrx_word' id='word_1_171' title='bbox 562 1296 728 1335; x_wconf 86' lang='lat' dir='ltr'>amicus</span> <span class='ocrx_word' id='word_1_172' title='bbox 756 1296 964 1349; x_wconf 82' lang='lat' dir='ltr'>Magnus!</span> <span class='ocrx_word' id='word_1_173' title='bbox 994 1297 1119 1335; x_wconf 87' lang='lat' dir='ltr'>cuius</span> <span class='ocrx_word' id='word_1_174' title='bbox 1148 1309 1389 1350; x_wconf 77' lang='lat' dir='ltr'>cognomen</span> <span class='ocrx_word' id='word_1_175' title='bbox 1419 1309 1506 1336; x_wconf 86' lang='lat' dir='ltr'>una</span> <span class='ocrx_word' id='word_1_176' title='bbox 1530 1310 1629 1338; x_wconf 86' lang='lat' dir='ltr'>cum</span> 
     </span>
     <span class='ocr_line' id='line_1_22' title="bbox 169 1350 1627 1405; baseline 0 -12"><span class='ocrx_word' id='word_1_177' title='bbox 169 1352 320 1393; x_wconf 85' lang='lat' dir='ltr'>Crassi</span> <span class='ocrx_word' id='word_1_178' title='bbox 351 1351 525 1393; x_wconf 89' lang='lat' dir='ltr'>Divitis</span> <span class='ocrx_word' id='word_1_179' title='bbox 556 1351 828 1405; x_wconf 73' lang='lat' dir='ltr'>cognomine.</span> <span class='ocrx_word' id='word_1_180' title='bbox 847 1351 1140 1393; x_wconf 85' lang='lat' dir='ltr'>consenescit.</span> <span class='ocrx_word' id='word_1_181' title='bbox 1213 1351 1384 1392; x_wconf 81' lang='lat' dir='ltr'>Credas</span> <span class='ocrx_word' id='word_1_182' title='bbox 1412 1350 1526 1392; x_wconf 87' lang='lat' dir='ltr'>mihi</span> <span class='ocrx_word' id='word_1_183' title='bbox 1553 1364 1627 1393; x_wconf 74' lang='lat' dir='ltr'>ve-</span> 
     </span>
    </p>
   </div>
   <div class='ocr_carea' id='block_1_5' title="bbox 149 1466 1719 2800">
    <p class='ocr_par' dir='ltr' id='par_1_7' title="bbox 161 1466 1627 1933">
     <span class='ocr_line' id='line_1_23' title="bbox 264 1466 1625 1513; baseline -0.002 -9"><span class='ocrx_word' id='word_1_184' title='bbox 264 1472 294 1504; x_wconf 92' lang='grc'>1.</span> <span class='ocrx_word' id='word_1_185' title='bbox 322 1469 508 1513; x_wconf 79' lang='lat' dir='ltr'>epistolam</span> <span class='ocrx_word' id='word_1_186' title='bbox 533 1469 580 1503; x_wconf 82' lang='lat'>36</span> <span class='ocrx_word' id='word_1_187' title='bbox 605 1468 708 1501; x_wconf 76' lang='lat' dir='ltr'>liuius</span> <span class='ocrx_word' id='word_1_188' title='bbox 733 1467 922 1501; x_wconf 85' lang='lat' dir='ltr'>editionis.</span> <span class='ocrx_word' id='word_1_189' title='bbox 973 1467 1099 1512; x_wconf 86' lang='lat' dir='ltr'>Vergl.</span> <span class='ocrx_word' id='word_1_190' title='bbox 1126 1467 1188 1500; x_wconf 84' lang='lat' dir='ltr'>das</span> <span class='ocrx_word' id='word_1_191' title='bbox 1204 1467 1308 1501; x_wconf 88' lang='lat' dir='ltr'>Ende</span> <span class='ocrx_word' id='word_1_192' title='bbox 1332 1466 1396 1500; x_wconf 82' lang='lat' dir='ltr'>des</span> <span class='ocrx_word' id='word_1_193' title='bbox 1418 1467 1477 1504; x_wconf 77' lang='lat'>37.</span> <span class='ocrx_word' id='word_1_194' title='bbox 1497 1467 1625 1502; x_wconf 80' lang='lat' dir='ltr'>Briefs.</span> 
     </span>
     <span class='ocr_line' id='line_1_24' title="bbox 174 1515 1627 1562; baseline -0.001 -11"><span class='ocrx_word' id='word_1_195' title='bbox 174 1536 209 1542; x_wconf 84' lang='lat'>--</span> <span class='ocrx_word' id='word_1_196' title='bbox 236 1515 462 1562; x_wconf 71' lang='grc' dir='ltr'><em>αὗθωρεῖ,</em></span> <span class='ocrx_word' id='word_1_197' title='bbox 489 1516 553 1549; x_wconf 82' lang='lat' dir='ltr'>illa</span> <span class='ocrx_word' id='word_1_198' title='bbox 581 1516 660 1560; x_wconf 75' lang='lat' dir='ltr'>ipsa</span> <span class='ocrx_word' id='word_1_199' title='bbox 686 1516 790 1549; x_wconf 85' lang='lat' dir='ltr'>hora.</span> <span class='ocrx_word' id='word_1_200' title='bbox 841 1516 950 1549; x_wconf 90' lang='lat' dir='ltr'>Denn</span> <span class='ocrx_word' id='word_1_201' title='bbox 975 1527 1016 1548; x_wconf 90' lang='lat' dir='ltr'>er</span> <span class='ocrx_word' id='word_1_202' title='bbox 1040 1521 1122 1560; x_wconf 84' lang='lat' dir='ltr'>sagt</span> <span class='ocrx_word' id='word_1_203' title='bbox 1146 1517 1199 1549; x_wconf 84' lang='lat' dir='ltr'>im</span> <span class='ocrx_word' id='word_1_204' title='bbox 1225 1518 1272 1552; x_wconf 81' lang='lat'>36</span> <span class='ocrx_word' id='word_1_205' title='bbox 1296 1515 1440 1550; x_wconf 84' lang='lat' dir='ltr'>Briefe:</span> <span class='ocrx_word' id='word_1_206' title='bbox 1482 1515 1627 1549; x_wconf 81' lang='lat' dir='ltr'>Literas</span> 
     </span>
     <span class='ocr_line' id='line_1_25' title="bbox 167 1562 1626 1610; baseline -0.001 -13"><span class='ocrx_word' id='word_1_207' title='bbox 167 1566 300 1610; x_wconf 74' lang='lat' dir='ltr'>scripsi</span> <span class='ocrx_word' id='word_1_208' title='bbox 334 1565 549 1598; x_wconf 78' lang='lat' dir='ltr'>Cerealibus</span> <span class='ocrx_word' id='word_1_209' title='bbox 573 1564 705 1605; x_wconf 79' lang='lat' dir='ltr'>statim,</span> <span class='ocrx_word' id='word_1_210' title='bbox 732 1567 771 1596; x_wconf 77' lang='lat' dir='ltr'>ut</span> <span class='ocrx_word' id='word_1_211' title='bbox 797 1569 878 1597; x_wconf 80' lang='lat' dir='ltr'>tuas</span> <span class='ocrx_word' id='word_1_212' title='bbox 903 1564 1082 1606; x_wconf 80' lang='lat' dir='ltr'>legeram.</span> <span class='ocrx_word' id='word_1_213' title='bbox 1109 1581 1152 1587; x_wconf 87' lang='lat'>——</span> <span class='ocrx_word' id='word_1_214' title='bbox 1178 1563 1398 1602; x_wconf 76' lang='lat' dir='ltr'>reddidisse,</span> <span class='ocrx_word' id='word_1_215' title='bbox 1430 1562 1525 1608; x_wconf 41' lang='lat' dir='ltr'>,dass</span> <span class='ocrx_word' id='word_1_216' title='bbox 1556 1564 1626 1596; x_wconf 80' lang='lat' dir='ltr'>Dir</span> 
     </span>
     <span class='ocr_line' id='line_1_26' title="bbox 166 1610 1622 1654; baseline -0.001 -9"><span class='ocrx_word' id='word_1_217' title='bbox 166 1615 226 1647; x_wconf 86' lang='lat' dir='ltr'>die</span> <span class='ocrx_word' id='word_1_218' title='bbox 251 1613 419 1646; x_wconf 83' lang='lat' dir='ltr'>Antwort</span> <span class='ocrx_word' id='word_1_219' title='bbox 445 1638 452 1645; x_wconf 91' lang='lat'>.</span> <span class='ocrx_word' id='word_1_220' title='bbox 482 1637 491 1648; x_wconf 84' lang='grc'><strong>.</strong></span> <span class='ocrx_word' id='word_1_221' title='bbox 521 1637 531 1647; x_wconf 76' lang='lat'><strong>.</strong></span> <span class='ocrx_word' id='word_1_222' title='bbox 560 1623 630 1644; x_wconf 88' lang='lat' dir='ltr'>von</span> <span class='ocrx_word' id='word_1_223' title='bbox 655 1611 898 1645; x_wconf 79' lang='lat' dir='ltr'>Niemandem</span> <span class='ocrx_word' id='word_1_224' title='bbox 932 1611 1002 1644; x_wconf 88' lang='lat' dir='ltr'>soll</span> <span class='ocrx_word' id='word_1_225' title='bbox 1033 1611 1230 1654; x_wconf 84' lang='lat' dir='ltr'>zugestellt</span> <span class='ocrx_word' id='word_1_226' title='bbox 1264 1611 1359 1643; x_wconf 85' lang='lat' dir='ltr'>seinl</span> <span class='ocrx_word' id='word_1_227' title='bbox 1420 1610 1521 1643; x_wconf 88' lang='lat' dir='ltr'>Uber</span> <span class='ocrx_word' id='word_1_228' title='bbox 1552 1610 1622 1643; x_wconf 84' lang='lat' dir='ltr'>den</span> 
     </span>
     <span class='ocr_line' id='line_1_27' title="bbox 167 1656 1622 1702; baseline -0.001 -9"><span class='ocrx_word' id='word_1_229' title='bbox 167 1663 304 1694; x_wconf 70' lang='lat' dir='ltr'>inlinit.</span> <span class='ocrx_word' id='word_1_230' title='bbox 335 1659 610 1693; x_wconf 80' lang='lat' dir='ltr'>exclamationis</span> <span class='ocrx_word' id='word_1_231' title='bbox 636 1670 663 1691; x_wconf 90' lang='lat' dir='ltr'>s.</span> <span class='ocrx_word' id='word_1_232' title='bbox 688 1659 837 1691; x_wconf 83' lang='lat' dir='ltr'>Ramsh.</span> <span class='ocrx_word' id='word_1_233' title='bbox 863 1659 897 1702; x_wconf 61' lang='grc' dir='ltr'>ς.</span> <span class='ocrx_word' id='word_1_234' title='bbox 925 1659 1002 1700; x_wconf 80' lang='lat'><strong>168,</strong></span> <span class='ocrx_word' id='word_1_235' title='bbox 1028 1659 1061 1692; x_wconf 88' lang='grc'>6.</span> <span class='ocrx_word' id='word_1_236' title='bbox 1088 1677 1132 1682; x_wconf 94' lang='lat'>——</span> <span class='ocrx_word' id='word_1_237' title='bbox 1158 1658 1310 1700; x_wconf 82' lang='lat' dir='ltr'>domum,</span> <span class='ocrx_word' id='word_1_238' title='bbox 1337 1656 1434 1690; x_wconf 85' lang='lat' dir='ltr'>nach</span> <span class='ocrx_word' id='word_1_239' title='bbox 1462 1658 1622 1692; x_wconf 86' lang='lat' dir='ltr'>Cicero’s</span> 
     </span>
     <span class='ocr_line' id='line_1_28' title="bbox 164 1706 1624 1747; baseline -0.002 -6"><span class='ocrx_word' id='word_1_240' title='bbox 164 1711 285 1742; x_wconf 81' lang='lat' dir='ltr'>Hause</span> <span class='ocrx_word' id='word_1_241' title='bbox 311 1709 376 1741; x_wconf 82' lang='lat' dir='ltr'>auf</span> <span class='ocrx_word' id='word_1_242' title='bbox 398 1709 483 1740; x_wconf 88' lang='lat' dir='ltr'>dem</span> <span class='ocrx_word' id='word_1_243' title='bbox 509 1706 652 1739; x_wconf 82' lang='lat' dir='ltr'>Palatio</span> <span class='ocrx_word' id='word_1_244' title='bbox 677 1706 715 1738; x_wconf 87' lang='lat' dir='ltr'>in</span> <span class='ocrx_word' id='word_1_245' title='bbox 741 1707 845 1740; x_wconf 85' lang='lat' dir='ltr'>Rom.</span> <span class='ocrx_word' id='word_1_246' title='bbox 897 1706 1002 1739; x_wconf 79' lang='lat' dir='ltr'>relat.</span> <span class='ocrx_word' id='word_1_247' title='bbox 1029 1715 1116 1746; x_wconf 79' lang='lat' dir='ltr'>esse,</span> <span class='ocrx_word' id='word_1_248' title='bbox 1143 1706 1272 1743; x_wconf 81' lang='lat' dir='ltr'>Lamb.</span> <span class='ocrx_word' id='word_1_249' title='bbox 1291 1706 1430 1747; x_wconf 82' lang='lat' dir='ltr'>fuisse.</span> <span class='ocrx_word' id='word_1_250' title='bbox 1456 1723 1499 1729; x_wconf 86' lang='lat'><em>—</em></span> <span class='ocrx_word' id='word_1_251' title='bbox 1527 1709 1624 1739; x_wconf 77' lang='lat' dir='ltr'>tuam</span> 
     </span>
     <span class='ocr_line' id='line_1_29' title="bbox 164 1752 1623 1799; baseline -0.001 -11"><span class='ocrx_word' id='word_1_252' title='bbox 164 1759 187 1790; x_wconf 79' lang='lat' dir='ltr'>i.</span> <span class='ocrx_word' id='word_1_253' title='bbox 217 1768 249 1789; x_wconf 90' lang='lat' dir='ltr'>e.</span> <span class='ocrx_word' id='word_1_254' title='bbox 278 1768 299 1789; x_wconf 81' lang='lat' dir='ltr'>a</span> <span class='ocrx_word' id='word_1_255' title='bbox 325 1768 383 1789; x_wconf 88' lang='lat' dir='ltr'>me</span> <span class='ocrx_word' id='word_1_256' title='bbox 407 1756 453 1789; x_wconf 78' lang='lat' dir='ltr'>ad</span> <span class='ocrx_word' id='word_1_257' title='bbox 480 1761 516 1788; x_wconf 86' lang='lat' dir='ltr'>te</span> <span class='ocrx_word' id='word_1_258' title='bbox 542 1754 739 1799; x_wconf 83' lang='lat' dir='ltr'>scriptam,</span> <span class='ocrx_word' id='word_1_259' title='bbox 778 1753 848 1786; x_wconf 87' lang='lat' dir='ltr'>tibi</span> <span class='ocrx_word' id='word_1_260' title='bbox 874 1753 1050 1786; x_wconf 82' lang='lat' dir='ltr'>debitam.</span> <span class='ocrx_word' id='word_1_261' title='bbox 1107 1752 1256 1789; x_wconf 74' lang='lat' dir='ltr'>Seliiitz.</span> <span class='ocrx_word' id='word_1_262' title='bbox 1289 1753 1484 1798; x_wconf 84' lang='lat' dir='ltr'>rescripsit</span> <span class='ocrx_word' id='word_1_263' title='bbox 1518 1752 1623 1787; x_wconf 74' lang='lat' dir='ltr'>illam</span> 
     </span>
     <span class='ocr_line' id='line_1_30' title="bbox 163 1800 1618 1847; baseline -0.001 -12"><span class='ocrx_word' id='word_1_264' title='bbox 163 1805 362 1847; x_wconf 72' lang='lat' dir='ltr'>epistolam.</span> <span class='ocrx_word' id='word_1_265' title='bbox 390 1822 431 1828; x_wconf 89' lang='lat'>—</span> <span class='ocrx_word' id='word_1_266' title='bbox 486 1813 528 1835; x_wconf 76' lang='lat' dir='ltr'>ex</span> <span class='ocrx_word' id='word_1_267' title='bbox 565 1813 635 1845; x_wconf 81' lang='lat' dir='ltr'>qua</span> <span class='ocrx_word' id='word_1_268' title='bbox 660 1815 707 1832; x_wconf 75' lang='lat'>:-</span> <span class='ocrx_word' id='word_1_269' title='bbox 742 1807 783 1835; x_wconf 89' lang='lat' dir='ltr'>ut</span> <span class='ocrx_word' id='word_1_270' title='bbox 807 1812 849 1833; x_wconf 86' lang='lat' dir='ltr'>ex</span> <span class='ocrx_word' id='word_1_271' title='bbox 875 1812 918 1834; x_wconf 85' lang='lat' dir='ltr'>ea</span> <span class='ocrx_word' id='word_1_272' title='bbox 943 1800 1184 1843; x_wconf 74' lang='lat' dir='ltr'>intelligeres.</span> <span class='ocrx_word' id='word_1_273' title='bbox 1234 1819 1279 1826; x_wconf 90' lang='lat'>-—</span> <span class='ocrx_word' id='word_1_274' title='bbox 1328 1801 1426 1834; x_wconf 71' lang='lat' dir='ltr'>illae.</span> <span class='ocrx_word' id='word_1_275' title='bbox 1474 1801 1618 1834; x_wconf 85' lang='lat' dir='ltr'>Ernest.</span> 
     </span>
     <span class='ocr_line' id='line_1_31' title="bbox 162 1848 1620 1897; baseline 0.001 -14"><span class='ocrx_word' id='word_1_276' title='bbox 162 1852 261 1889; x_wconf 82' lang='lat' dir='ltr'>coni.</span> <span class='ocrx_word' id='word_1_277' title='bbox 301 1856 383 1885; x_wconf 73' lang='lat' dir='ltr'>tuae</span> <span class='ocrx_word' id='word_1_278' title='bbox 414 1851 521 1892; x_wconf 72' lang='lat' dir='ltr'>illae,</span> <span class='ocrx_word' id='word_1_279' title='bbox 573 1849 671 1895; x_wconf 82' lang='lat' dir='ltr'>quod</span> <span class='ocrx_word' id='word_1_280' title='bbox 704 1848 788 1882; x_wconf 83' lang='lat' dir='ltr'>Sch.</span> <span class='ocrx_word' id='word_1_281' title='bbox 822 1850 975 1894; x_wconf 81' lang='lat' dir='ltr'>recepit.</span> <span class='ocrx_word' id='word_1_282' title='bbox 1009 1848 1097 1882; x_wconf 82' lang='lat' dir='ltr'>illae</span> <span class='ocrx_word' id='word_1_283' title='bbox 1131 1848 1218 1882; x_wconf 72' lang='lat' dir='ltr'>milzz‘</span> <span class='ocrx_word' id='word_1_284' title='bbox 1250 1853 1321 1882; x_wconf 71' lang='lat' dir='ltr'>tum</span> <span class='ocrx_word' id='word_1_285' title='bbox 1354 1849 1483 1883; x_wconf 87' lang='lat' dir='ltr'>Lamb.</span> <span class='ocrx_word' id='word_1_286' title='bbox 1511 1849 1620 1897; x_wconf 82' lang='lat' dir='ltr'>Vulg.</span> 
     </span>
     <span class='ocr_line' id='line_1_32' title="bbox 161 1901 359 1933; baseline 0.005 -2"><span class='ocrx_word' id='word_1_287' title='bbox 161 1905 233 1933; x_wconf 78' lang='lat' dir='ltr'>mm</span> <span class='ocrx_word' id='word_1_288' title='bbox 259 1901 359 1933; x_wconf 75' lang='lat' dir='ltr'>illae,</span> 
     </span>
    </p>

    <p class='ocr_par' dir='ltr' id='par_1_8' title="bbox 149 1943 1719 2800">
     <span class='ocr_line' id='line_1_33' title="bbox 254 1943 1620 1989; baseline -0.002 -9"><span class='ocrx_word' id='word_1_289' title='bbox 254 1949 288 1983; x_wconf 86' lang='lat'>2.</span> <span class='ocrx_word' id='word_1_290' title='bbox 316 1957 469 1989; x_wconf 77' lang='lat' dir='ltr'>‘regnum</span> <span class='ocrx_word' id='word_1_291' title='bbox 493 1949 667 1985; x_wconf 74' lang='lat' dir='ltr'>vestrum,</span> <span class='ocrx_word' id='word_1_292' title='bbox 708 1944 803 1977; x_wconf 90' lang='lat' dir='ltr'>denn</span> <span class='ocrx_word' id='word_1_293' title='bbox 831 1945 964 1978; x_wconf 87' lang='lat' dir='ltr'>Cicero</span> <span class='ocrx_word' id='word_1_294' title='bbox 990 1944 1114 1977; x_wconf 89' lang='lat' dir='ltr'>wollte</span> <span class='ocrx_word' id='word_1_295' title='bbox 1138 1944 1270 1977; x_wconf 81' lang='lat' dir='ltr'>Nichts</span> <span class='ocrx_word' id='word_1_296' title='bbox 1296 1943 1405 1978; x_wconf 86' lang='lat' dir='ltr'>mehr</span> <span class='ocrx_word' id='word_1_297' title='bbox 1431 1944 1549 1979; x_wconf 78' lang='lat' dir='ltr'>damit</span> <span class='ocrx_word' id='word_1_298' title='bbox 1575 1957 1620 1978; x_wconf 89' lang='lat' dir='ltr'>zu</span> 
     </span>
     <span class='ocr_line' id='line_1_34' title="bbox 162 1991 1618 2037; baseline 0 -11"><span class='ocrx_word' id='word_1_299' title='bbox 162 1995 252 2028; x_wconf 73' lang='lat' dir='ltr'>thum</span> <span class='ocrx_word' id='word_1_300' title='bbox 279 1995 420 2035; x_wconf 79' lang='lat' dir='ltr'>habcn3</span> <span class='ocrx_word' id='word_1_301' title='bbox 463 1992 659 2037; x_wconf 78' lang='lat' dir='ltr'>unrichtig·</span> <span class='ocrx_word' id='word_1_302' title='bbox 685 1991 854 2024; x_wconf 85' lang='lat' dir='ltr'>desshalb</span> <span class='ocrx_word' id='word_1_303' title='bbox 878 1996 1038 2025; x_wconf 79' lang='lat' dir='ltr'>nostrum</span> <span class='ocrx_word' id='word_1_304' title='bbox 1063 1992 1169 2025; x_wconf 82' lang='lat' dir='ltr'>Amb.</span> <span class='ocrx_word' id='word_1_305' title='bbox 1199 1993 1252 2026; x_wconf 89' lang='grc'>16.</span> <span class='ocrx_word' id='word_1_306' title='bbox 1280 1993 1375 2025; x_wconf 83' lang='lat' dir='ltr'>lens.</span> <span class='ocrx_word' id='word_1_307' title='bbox 1403 1994 1489 2029; x_wconf 76' lang='lat' dir='ltr'>Asc.</span> <span class='ocrx_word' id='word_1_308' title='bbox 1515 1996 1547 2028; x_wconf 90' lang='lat' dir='ltr'>l.</span> <span class='ocrx_word' id='word_1_309' title='bbox 1575 2012 1618 2017; x_wconf 89' lang='lat'>-—</span> 
     </span>
     <span class='ocr_line' id='line_1_35' title="bbox 160 2039 1619 2085; baseline -0.001 -10"><span class='ocrx_word' id='word_1_310' title='bbox 160 2043 433 2085; x_wconf 75' lang='grc' dir='ltr'><em>τηλέπυλον,</em></span> <span class='ocrx_word' id='word_1_311' title='bbox 460 2048 585 2085; x_wconf 81' lang='lat' dir='ltr'>portas</span> <span class='ocrx_word' id='word_1_312' title='bbox 611 2040 756 2073; x_wconf 73' lang='lat' dir='ltr'>dissitas</span> <span class='ocrx_word' id='word_1_313' title='bbox 780 2040 1001 2080; x_wconf 83' lang='lat' dir='ltr'>habentem,</span> <span class='ocrx_word' id='word_1_314' title='bbox 1028 2039 1322 2084; x_wconf 77' lang='lat' dir='ltr'>weitgcthiirmt.</span> <span class='ocrx_word' id='word_1_315' title='bbox 1373 2040 1504 2074; x_wconf 78' lang='lat' dir='ltr'>cicero</span> <span class='ocrx_word' id='word_1_316' title='bbox 1530 2040 1619 2074; x_wconf 92' lang='lat' dir='ltr'>deu-</span> 
     </span>
     <span class='ocr_line' id='line_1_36' title="bbox 157 2087 1620 2132; baseline -0.001 -9"><span class='ocrx_word' id='word_1_317' title='bbox 157 2099 211 2124; x_wconf 86' lang='lat' dir='ltr'>tct</span> <span class='ocrx_word' id='word_1_318' title='bbox 238 2092 334 2125; x_wconf 88' lang='lat' dir='ltr'>bloss</span> <span class='ocrx_word' id='word_1_319' title='bbox 359 2091 423 2124; x_wconf 77' lang='lat' dir='ltr'>auf</span> <span class='ocrx_word' id='word_1_320' title='bbox 445 2088 547 2132; x_wconf 77' lang='grc' dir='ltr'><em>τῆλε,</em></span> <span class='ocrx_word' id='word_1_321' title='bbox 601 2089 681 2121; x_wconf 84' lang='lat' dir='ltr'>sern</span> <span class='ocrx_word' id='word_1_322' title='bbox 705 2099 776 2121; x_wconf 86' lang='lat' dir='ltr'>von</span> <span class='ocrx_word' id='word_1_323' title='bbox 801 2089 916 2126; x_wconf 87' lang='lat' dir='ltr'>Rom,</span> <span class='ocrx_word' id='word_1_324' title='bbox 945 2088 991 2120; x_wconf 82' lang='lat' dir='ltr'>da</span> <span class='ocrx_word' id='word_1_325' title='bbox 1016 2098 1058 2121; x_wconf 84' lang='lat' dir='ltr'>er</span> <span class='ocrx_word' id='word_1_326' title='bbox 1084 2087 1165 2121; x_wconf 84' lang='lat' dir='ltr'>sich</span> <span class='ocrx_word' id='word_1_327' title='bbox 1191 2098 1249 2132; x_wconf 82' lang='lat' dir='ltr'>ep.</span> <span class='ocrx_word' id='word_1_328' title='bbox 1274 2089 1322 2124; x_wconf 83' lang='lat'>38</span> <span class='ocrx_word' id='word_1_329' title='bbox 1342 2088 1452 2132; x_wconf 79' lang='lat' dir='ltr'>plane</span> <span class='ocrx_word' id='word_1_330' title='bbox 1475 2089 1620 2130; x_wconf 79' lang='lat' dir='ltr'>relega-</span> 
     </span>
     <span class='ocr_line' id='line_1_37' title="bbox 157 2135 1619 2184; baseline -0.001 -14"><span class='ocrx_word' id='word_1_331' title='bbox 157 2144 213 2171; x_wconf 68' lang='grc' dir='ltr'>[με</span> <span class='ocrx_word' id='word_1_332' title='bbox 237 2145 401 2184; x_wconf 80' lang='lat' dir='ltr'>genannt</span> <span class='ocrx_word' id='word_1_333' title='bbox 427 2137 543 2171; x_wconf 83' lang='lat' dir='ltr'>hatte.</span> <span class='ocrx_word' id='word_1_334' title='bbox 569 2155 613 2162; x_wconf 85' lang='lat'>-—</span> <span class='ocrx_word' id='word_1_335' title='bbox 662 2139 864 2180; x_wconf 63' lang='lat' dir='ltr'>Arnum„</span> <span class='ocrx_word' id='word_1_336' title='bbox 891 2135 952 2168; x_wconf 87' lang='lat' dir='ltr'>die</span> <span class='ocrx_word' id='word_1_337' title='bbox 979 2135 1086 2169; x_wconf 81' lang='lat' dir='ltr'>stadt</span> <span class='ocrx_word' id='word_1_338' title='bbox 1113 2135 1178 2168; x_wconf 87' lang='lat' dir='ltr'>der</span> <span class='ocrx_word' id='word_1_339' title='bbox 1203 2136 1476 2181; x_wconf 68' lang='lat' dir='ltr'>La’strygoner,</span> <span class='ocrx_word' id='word_1_340' title='bbox 1516 2136 1619 2170; x_wconf 81' lang='lat' dir='ltr'>iener</span> 
     </span>
     <span class='ocr_line' id='line_1_38' title="bbox 156 2183 1616 2231; baseline 0 -13"><span class='ocrx_word' id='word_1_341' title='bbox 156 2186 513 2231; x_wconf 82' lang='lat' dir='ltr'>Anthropophagen.</span> <span class='ocrx_word' id='word_1_342' title='bbox 562 2187 635 2218; x_wconf 87' lang='lat' dir='ltr'>Aus</span> <span class='ocrx_word' id='word_1_343' title='bbox 660 2186 816 2218; x_wconf 80' lang='lat' dir='ltr'>Homers</span> <span class='ocrx_word' id='word_1_344' title='bbox 842 2183 970 2228; x_wconf 79' lang='lat' dir='ltr'>Odyss.</span> <span class='ocrx_word' id='word_1_345' title='bbox 997 2184 1039 2223; x_wconf 92' lang='lat' dir='ltr'>X,</span> <span class='ocrx_word' id='word_1_346' title='bbox 1065 2183 1176 2218; x_wconf 72' lang='lat'>82—</span> <span class='ocrx_word' id='word_1_347' title='bbox 1202 2184 1372 2218; x_wconf 76' lang='lat' dir='ltr'>Formias</span> <span class='ocrx_word' id='word_1_348' title='bbox 1397 2184 1490 2218; x_wconf 84' lang='lat' dir='ltr'>dico.</span> <span class='ocrx_word' id='word_1_349' title='bbox 1510 2185 1616 2220; x_wconf 85' lang='lat' dir='ltr'>omis.</span> 
     </span>
     <span class='ocr_line' id='line_1_39' title="bbox 156 2231 1719 2279; baseline -0.003 -12"><span class='ocrx_word' id='word_1_350' title='bbox 156 2235 221 2268; x_wconf 84' lang='lat' dir='ltr'>Cd.</span> <span class='ocrx_word' id='word_1_351' title='bbox 249 2236 330 2269; x_wconf 85' lang='lat' dir='ltr'>Urs.</span> <span class='ocrx_word' id='word_1_352' title='bbox 358 2234 540 2279; x_wconf 83' lang='lat' dir='ltr'>probante</span> <span class='ocrx_word' id='word_1_353' title='bbox 567 2234 646 2277; x_wconf 86' lang='lat' dir='ltr'>ipso</span> <span class='ocrx_word' id='word_1_354' title='bbox 671 2238 708 2265; x_wconf 84' lang='lat' dir='ltr'>et</span> <span class='ocrx_word' id='word_1_355' title='bbox 733 2231 854 2273; x_wconf 87' lang='lat' dir='ltr'>Iunio,</span> <span class='ocrx_word' id='word_1_356' title='bbox 880 2237 917 2264; x_wconf 89' lang='lat' dir='ltr'>et</span> <span class='ocrx_word' id='word_1_357' title='bbox 942 2232 1172 2264; x_wconf 85' lang='lat' dir='ltr'>Liinemann.</span> <span class='ocrx_word' id='word_1_358' title='bbox 1210 2242 1294 2265; x_wconf 85' lang='lat' dir='ltr'>cum</span> <span class='ocrx_word' id='word_1_359' title='bbox 1318 2231 1470 2266; x_wconf 73' lang='lat' dir='ltr'>Schutz.</span> <span class='ocrx_word' id='word_1_360' title='bbox 1497 2231 1615 2267; x_wconf 84' lang='lat' dir='ltr'>delev.</span> <span class='ocrx_word' id='word_1_361' title='bbox 1674 2250 1675 2253; x_wconf 64' lang='lat'><em>=</em></span> <span class='ocrx_word' id='word_1_362' title='bbox 1716 2235 1719 2263; x_wconf 64' lang='grc' dir='ltr'>ἶ</span> 
     </span>
     <span class='ocr_line' id='line_1_40' title="bbox 153 2273 1718 2324; baseline -0.003 -7"><span class='ocrx_word' id='word_1_363' title='bbox 153 2285 229 2318; x_wconf 81' lang='lat' dir='ltr'>Mit</span> <span class='ocrx_word' id='word_1_364' title='bbox 255 2282 399 2320; x_wconf 68' lang='lat' dir='ltr'>Redit:</span> <span class='ocrx_word' id='word_1_365' title='bbox 436 2281 481 2313; x_wconf 80' lang='lat' dir='ltr'>da</span> <span class='ocrx_word' id='word_1_366' title='bbox 508 2281 567 2313; x_wconf 88' lang='lat' dir='ltr'>ein</span> <span class='ocrx_word' id='word_1_367' title='bbox 595 2281 739 2314; x_wconf 80' lang='lat' dir='ltr'>Attikus</span> <span class='ocrx_word' id='word_1_368' title='bbox 762 2290 830 2314; x_wconf 83' lang='lat' dir='ltr'>vor</span> <span class='ocrx_word' id='word_1_369' title='bbox 854 2279 958 2313; x_wconf 88' lang='lat' dir='ltr'>Allen</span> <span class='ocrx_word' id='word_1_370' title='bbox 986 2290 1023 2311; x_wconf 87' lang='lat' dir='ltr'>es</span> <span class='ocrx_word' id='word_1_371' title='bbox 1058 2286 1205 2320; x_wconf 87' lang='lat' dir='ltr'>wusste,</span> <span class='ocrx_word' id='word_1_372' title='bbox 1246 2280 1328 2313; x_wconf 84' lang='lat' dir='ltr'>dass</span> <span class='ocrx_word' id='word_1_373' title='bbox 1370 2279 1430 2312; x_wconf 85' lang='lat' dir='ltr'>die</span> <span class='ocrx_word' id='word_1_374' title='bbox 1463 2280 1615 2324; x_wconf 73' lang='lat' dir='ltr'>La&#39;stry-</span> <span class='ocrx_word' id='word_1_375' title='bbox 1715 2273 1718 2281; x_wconf 61' lang='lat'>¹</span> 
     </span>
     <span class='ocr_line' id='line_1_41' title="bbox 158 2327 1614 2373; baseline -0.002 -10"><span class='ocrx_word' id='word_1_376' title='bbox 158 2332 272 2373; x_wconf 53' lang='lat' dir='ltr'>§ouer</span> <span class='ocrx_word' id='word_1_377' title='bbox 297 2342 360 2363; x_wconf 89' lang='lat' dir='ltr'>um</span> <span class='ocrx_word' id='word_1_378' title='bbox 374 2329 545 2363; x_wconf 80' lang='lat' dir='ltr'>Formiae</span> <span class='ocrx_word' id='word_1_379' title='bbox 566 2329 646 2361; x_wconf 88' lang='lat' dir='ltr'>ihre</span> <span class='ocrx_word' id='word_1_380' title='bbox 667 2328 884 2363; x_wconf 82' lang='lat' dir='ltr'>VVolmsitze</span> <span class='ocrx_word' id='word_1_381' title='bbox 897 2327 1030 2360; x_wconf 84' lang='lat' dir='ltr'>sollten</span> <span class='ocrx_word' id='word_1_382' title='bbox 1057 2327 1197 2373; x_wconf 75' lang='lat' dir='ltr'>geliabt</span> <span class='ocrx_word' id='word_1_383' title='bbox 1211 2327 1341 2361; x_wconf 81' lang='lat' dir='ltr'>haben.</span> <span class='ocrx_word' id='word_1_384' title='bbox 1368 2345 1409 2353; x_wconf 92' lang='lat'>--</span> <span class='ocrx_word' id='word_1_385' title='bbox 1439 2327 1614 2369; x_wconf 63' lang='lat' dir='ltr'>filagrius.</span> 
     </span>
     <span class='ocr_line' id='line_1_42' title="bbox 155 2375 1613 2423; baseline -0.003 -12"><span class='ocrx_word' id='word_1_386' title='bbox 155 2379 353 2423; x_wconf 70' lang='lat' dir='ltr'>Pompeius</span> <span class='ocrx_word' id='word_1_387' title='bbox 390 2388 518 2423; x_wconf 75' lang='lat' dir='ltr'>weg-en</span> <span class='ocrx_word' id='word_1_388' title='bbox 555 2378 623 2409; x_wconf 80' lang='lat' dir='ltr'>dor</span> <span class='ocrx_word' id='word_1_389' title='bbox 657 2376 951 2421; x_wconf 76' lang='lat' dir='ltr'>Campanischcn</span> <span class='ocrx_word' id='word_1_390' title='bbox 976 2375 1368 2419; x_wconf 63' lang='lat' dir='ltr'>Landervertheilung‚</span> <span class='ocrx_word' id='word_1_391' title='bbox 1393 2392 1441 2399; x_wconf 89' lang='lat'>—-</span> <span class='ocrx_word' id='word_1_392' title='bbox 1480 2384 1613 2417; x_wconf 77' lang='lat' dir='ltr'>cogno-</span> 
     </span>
     <span class='ocr_line' id='line_1_43' title="bbox 156 2421 1614 2470; baseline 0 -15"><span class='ocrx_word' id='word_1_393' title='bbox 156 2437 232 2458; x_wconf 78' lang='lat' dir='ltr'>men</span> <span class='ocrx_word' id='word_1_394' title='bbox 268 2429 440 2470; x_wconf 83' lang='lat' dir='ltr'>Magnus.</span> <span class='ocrx_word' id='word_1_395' title='bbox 493 2443 534 2449; x_wconf 88' lang='lat'>——</span> <span class='ocrx_word' id='word_1_396' title='bbox 586 2424 714 2458; x_wconf 67' lang='lat' dir='ltr'>Crassi</span> <span class='ocrx_word' id='word_1_397' title='bbox 740 2423 896 2465; x_wconf 53' lang='lat' dir='ltr'>Diouis,</span> <span class='ocrx_word' id='word_1_398' title='bbox 923 2421 1033 2455; x_wconf 85' lang='lat' dir='ltr'>nicht</span> <span class='ocrx_word' id='word_1_399' title='bbox 1059 2423 1125 2455; x_wconf 88' lang='lat' dir='ltr'>der</span> <span class='ocrx_word' id='word_1_400' title='bbox 1153 2425 1321 2463; x_wconf 86' lang='lat' dir='ltr'>Crassus,</span> <span class='ocrx_word' id='word_1_401' title='bbox 1361 2421 1527 2455; x_wconf 82' lang='lat' dir='ltr'>welcher</span> <span class='ocrx_word' id='word_1_402' title='bbox 1553 2422 1614 2455; x_wconf 89' lang='lat' dir='ltr'>die</span> 
     </span>
     <span class='ocr_line' id='line_1_44' title="bbox 151 2469 1612 2518; baseline -0.003 -12"><span class='ocrx_word' id='word_1_403' title='bbox 151 2475 308 2507; x_wconf 74' lang='lat' dir='ltr'>Porther</span> <span class='ocrx_word' id='word_1_404' title='bbox 333 2474 510 2518; x_wconf 82' lang='lat' dir='ltr'>besiegte‚</span> <span class='ocrx_word' id='word_1_405' title='bbox 539 2472 633 2505; x_wconf 78' lang='lat' dir='ltr'>donn</span> <span class='ocrx_word' id='word_1_406' title='bbox 663 2473 782 2504; x_wconf 77' lang='lat' dir='ltr'>dieser</span> <span class='ocrx_word' id='word_1_407' title='bbox 808 2470 942 2505; x_wconf 76' lang='lat' dir='ltr'>filhrte</span> <span class='ocrx_word' id='word_1_408' title='bbox 967 2470 1027 2502; x_wconf 85' lang='lat' dir='ltr'>nie</span> <span class='ocrx_word' id='word_1_409' title='bbox 1053 2469 1123 2503; x_wconf 86' lang='lat' dir='ltr'>den</span> <span class='ocrx_word' id='word_1_410' title='bbox 1143 2471 1342 2504; x_wconf 79' lang='lat' dir='ltr'>Beinamen</span> <span class='ocrx_word' id='word_1_411' title='bbox 1364 2471 1499 2513; x_wconf 90' lang='lat' dir='ltr'>Dives;</span> <span class='ocrx_word' id='word_1_412' title='bbox 1528 2481 1612 2502; x_wconf 91' lang='lat' dir='ltr'>son-</span> 
     </span>
     <span class='ocr_line' id='line_1_45' title="bbox 153 2516 1613 2563; baseline -0.003 -9"><span class='ocrx_word' id='word_1_413' title='bbox 153 2523 240 2554; x_wconf 77' lang='lat' dir='ltr'>‹leru</span> <span class='ocrx_word' id='word_1_414' title='bbox 267 2522 431 2555; x_wconf 80' lang='lat' dir='ltr'>Licinius</span> <span class='ocrx_word' id='word_1_415' title='bbox 473 2523 620 2554; x_wconf 77' lang='lat' dir='ltr'>Crassus</span> <span class='ocrx_word' id='word_1_416' title='bbox 646 2521 778 2560; x_wconf 86' lang='lat' dir='ltr'>Dives,</span> <span class='ocrx_word' id='word_1_417' title='bbox 830 2519 896 2551; x_wconf 87' lang='lat' dir='ltr'>der</span> <span class='ocrx_word' id='word_1_418' title='bbox 930 2519 1064 2551; x_wconf 71' lang='lat' dir='ltr'>Priitor</span> <span class='ocrx_word' id='word_1_419' title='bbox 1098 2518 1156 2559; x_wconf 89' lang='lat' dir='ltr'>(S.</span> <span class='ocrx_word' id='word_1_420' title='bbox 1185 2518 1289 2563; x_wconf 84' lang='lat' dir='ltr'>epist.</span> <span class='ocrx_word' id='word_1_421' title='bbox 1313 2519 1382 2560; x_wconf 77' lang='lat'>49)</span> <span class='ocrx_word' id='word_1_422' title='bbox 1417 2517 1478 2550; x_wconf 88' lang='lat' dir='ltr'>des</span> <span class='ocrx_word' id='word_1_423' title='bbox 1506 2516 1613 2551; x_wconf 81' lang='lat' dir='ltr'>lahrs</span> 
     </span>
     <span class='ocr_line' id='line_1_46' title="bbox 151 2565 1614 2607; baseline -0.004 -4"><span class='ocrx_word' id='word_1_424' title='bbox 151 2570 230 2607; x_wconf 63' lang='lat'>695,</span> <span class='ocrx_word' id='word_1_425' title='bbox 258 2570 415 2602; x_wconf 70' lang='lat' dir='ltr'>welcher</span> <span class='ocrx_word' id='word_1_426' title='bbox 441 2580 506 2601; x_wconf 80' lang='lat' dir='ltr'>aus</span> <span class='ocrx_word' id='word_1_427' title='bbox 533 2569 655 2600; x_wconf 82' lang='lat' dir='ltr'>einem</span> <span class='ocrx_word' id='word_1_428' title='bbox 683 2567 848 2599; x_wconf 82' lang='lat' dir='ltr'>Reichen</span> <span class='ocrx_word' id='word_1_429' title='bbox 875 2565 933 2598; x_wconf 89' lang='lat' dir='ltr'>ein</span> <span class='ocrx_word' id='word_1_430' title='bbox 961 2567 1091 2598; x_wconf 82' lang='lat' dir='ltr'>Armer</span> <span class='ocrx_word' id='word_1_431' title='bbox 1117 2566 1251 2598; x_wconf 87' lang='lat' dir='ltr'>wurde.</span> <span class='ocrx_word' id='word_1_432' title='bbox 1322 2565 1356 2597; x_wconf 92' lang='lat' dir='ltr'>S.</span> <span class='ocrx_word' id='word_1_433' title='bbox 1385 2565 1504 2597; x_wconf 82' lang='lat' dir='ltr'>Valer.</span> <span class='ocrx_word' id='word_1_434' title='bbox 1531 2567 1614 2598; x_wconf 81' lang='lat' dir='ltr'>Ma-</span> 
     </span>
     <span class='ocr_line' id='line_1_47' title="bbox 151 2612 1610 2659; baseline -0.002 -11"><span class='ocrx_word' id='word_1_435' title='bbox 151 2618 237 2650; x_wconf 80' lang='lat' dir='ltr'>xim.</span> <span class='ocrx_word' id='word_1_436' title='bbox 265 2618 329 2656; x_wconf 78' lang='lat' dir='ltr'>Vl,</span> <span class='ocrx_word' id='word_1_437' title='bbox 357 2619 396 2652; x_wconf 88' lang='lat'>2:</span> <span class='ocrx_word' id='word_1_438' title='bbox 423 2616 559 2657; x_wconf 78' lang='lat' dir='ltr'>„Quid,</span> <span class='ocrx_word' id='word_1_439' title='bbox 586 2615 715 2659; x_wconf 84' lang='lat' dir='ltr'>inquit,</span> <span class='ocrx_word' id='word_1_440' title='bbox 742 2614 902 2648; x_wconf 75' lang='lat' dir='ltr'>Crasso?</span> <span class='ocrx_word' id='word_1_441' title='bbox 929 2623 1055 2646; x_wconf 85' lang='lat' dir='ltr'>nonne</span> <span class='ocrx_word' id='word_1_442' title='bbox 1074 2613 1250 2657; x_wconf 85' lang='lat' dir='ltr'>pecuniae</span> <span class='ocrx_word' id='word_1_443' title='bbox 1268 2612 1483 2656; x_wconf 78' lang='lat' dir='ltr'>magnitudo</span> <span class='ocrx_word' id='word_1_444' title='bbox 1510 2613 1610 2646; x_wconf 86' lang='lat' dir='ltr'>locu-</span> 
     </span>
     <span class='ocr_line' id='line_1_48' title="bbox 149 2660 1613 2710; baseline -0.002 -15"><span class='ocrx_word' id='word_1_445' title='bbox 149 2665 261 2710; x_wconf 66' lang='lat' dir='ltr'>pletis</span> <span class='ocrx_word' id='word_1_446' title='bbox 288 2676 494 2708; x_wconf 81' lang='lat' dir='ltr'>cognomen</span> <span class='ocrx_word' id='word_1_447' title='bbox 522 2663 646 2696; x_wconf 74' lang='lat' dir='ltr'>dedit?</span> <span class='ocrx_word' id='word_1_448' title='bbox 696 2663 756 2696; x_wconf 76' lang='lat' dir='ltr'>sod</span> <span class='ocrx_word' id='word_1_449' title='bbox 782 2662 903 2694; x_wconf 86' lang='lat' dir='ltr'>eidem</span> <span class='ocrx_word' id='word_1_450' title='bbox 929 2666 1053 2706; x_wconf 82' lang='lat' dir='ltr'>postea</span> <span class='ocrx_word' id='word_1_451' title='bbox 1079 2661 1207 2706; x_wconf 84' lang='lat' dir='ltr'>inopia</span> <span class='ocrx_word' id='word_1_452' title='bbox 1230 2666 1378 2705; x_wconf 85' lang='lat' dir='ltr'>turpem</span> <span class='ocrx_word' id='word_1_453' title='bbox 1403 2660 1613 2693; x_wconf 86' lang='lat' dir='ltr'>decoctoris</span> 
     </span>
     <span class='ocr_line' id='line_1_49' title="bbox 152 2708 1610 2756; baseline -0.002 -13"><span class='ocrx_word' id='word_1_454' title='bbox 152 2713 435 2756; x_wconf 60' lang='lat' dir='ltr'>superlationem</span> <span class='ocrx_word' id='word_1_455' title='bbox 470 2711 672 2745; x_wconf 78' lang='lat' dir='ltr'>iniunxit.“</span> <span class='ocrx_word' id='word_1_456' title='bbox 722 2710 899 2743; x_wconf 72' lang='lat' dir='ltr'>Erwa‘lmt</span> <span class='ocrx_word' id='word_1_457' title='bbox 924 2708 1016 2741; x_wconf 84' lang='lat' dir='ltr'>wird</span> <span class='ocrx_word' id='word_1_458' title='bbox 1041 2719 1080 2740; x_wconf 88' lang='lat' dir='ltr'>er</span> <span class='ocrx_word' id='word_1_459' title='bbox 1099 2709 1151 2741; x_wconf 83' lang='lat' dir='ltr'>als</span> <span class='ocrx_word' id='word_1_460' title='bbox 1176 2709 1305 2742; x_wconf 76' lang='lat' dir='ltr'>Priitor</span> <span class='ocrx_word' id='word_1_461' title='bbox 1336 2708 1374 2740; x_wconf 88' lang='lat' dir='ltr'>in</span> <span class='ocrx_word' id='word_1_462' title='bbox 1401 2719 1458 2752; x_wconf 89' lang='lat' dir='ltr'>ep.</span> <span class='ocrx_word' id='word_1_463' title='bbox 1475 2709 1517 2741; x_wconf 90' lang='lat' dir='ltr'>L.</span> <span class='ocrx_word' id='word_1_464' title='bbox 1544 2708 1610 2740; x_wconf 85' lang='lat' dir='ltr'>sub</span> 
     </span>
     <span class='ocr_line' id='line_1_50' title="bbox 152 2755 1605 2800; baseline -0.004 -9"><span class='ocrx_word' id='word_1_465' title='bbox 152 2762 208 2792; x_wconf 71' lang='lat' dir='ltr'>siu.</span> <span class='ocrx_word' id='word_1_466' title='bbox 240 2780 277 2784; x_wconf 91' lang='lat'>--</span> <span class='ocrx_word' id='word_1_467' title='bbox 306 2759 536 2800; x_wconf 75' lang='lat' dir='ltr'>consenescit,</span> <span class='ocrx_word' id='word_1_468' title='bbox 563 2770 662 2793; x_wconf 83' lang='lat' dir='ltr'>suam</span> <span class='ocrx_word' id='word_1_469' title='bbox 689 2758 945 2792; x_wconf 71' lang='lat' dir='ltr'>celebritatem</span> <span class='ocrx_word' id='word_1_470' title='bbox 973 2757 1125 2790; x_wconf 72' lang='lat' dir='ltr'>amittit.</span> <span class='ocrx_word' id='word_1_471' title='bbox 1154 2755 1346 2789; x_wconf 77' lang='lat' dir='ltr'>consuescit</span> <span class='ocrx_word' id='word_1_472' title='bbox 1372 2756 1494 2789; x_wconf 86' lang='lat' dir='ltr'>Beicri</span> <span class='ocrx_word' id='word_1_473' title='bbox 1511 2766 1605 2799; x_wconf 86' lang='lat' dir='ltr'>susp.</span> 
     </span>
    </p>
   </div>
   <div class='ocr_carea' id='block_1_6' title="bbox 1701 1168 1742 3006">
    <p class='ocr_par' dir='ltr' id='par_1_9' title="bbox 1701 1168 1742 3006">
     <span class='ocr_line' id='line_1_51' title="bbox 1701 1168 1742 3006; baseline 0 0"><span class='ocrx_word' id='word_1_474' title='bbox 1701 1168 1742 3006; x_wconf 95' lang='lat' dir='ltr'> </span> 
     </span>
    </p>
   </div>
  </div>
 </body>
</html>
