<?xml version="1.0" encoding="UTF-8"?>
<!DOCTYPE html PUBLIC "-//W3C//DTD XHTML 1.0 Transitional//EN"
    "http://www.w3.org/TR/xhtml1/DTD/xhtml1-transitional.dtd">
<html xmlns="http://www.w3.org/1999/xhtml" xml:lang="en" lang="en">
 <head>
  <title>
</title>
<meta http-equiv="Content-Type" content="text/html;charset=utf-8" />
  <meta name='ocr-system' content='tesseract 3.04.00' />
  <meta name='ocr-capabilities' content='ocr_page ocr_carea ocr_par ocr_line ocrx_word'/>
</head>
<body>
  <div class='ocr_page' id='page_1' title='image "./epistolaeadattic00ciceuoft/epistolaeadattic00ciceuoft_0236.png"; bbox 0 0 1742 3006; ppageno 0'>
   <div class='ocr_carea' id='block_1_1' title="bbox 162 61 1369 111">
    <p class='ocr_par' dir='ltr' id='par_1_1' title="bbox 162 61 1369 111">
     <span class='ocr_line' id='line_1_1' title="bbox 162 61 1369 111; baseline -0.004 0"><span class='ocrx_word' id='word_1_1' title='bbox 162 63 256 111; x_wconf 82' lang='lat'>220</span> <span class='ocrx_word' id='word_1_2' title='bbox 435 65 496 106; x_wconf 90' lang='lat' dir='ltr'>M.</span> <span class='ocrx_word' id='word_1_3' title='bbox 529 65 585 106; x_wconf 92' lang='lat' dir='ltr'>T.</span> <span class='ocrx_word' id='word_1_4' title='bbox 619 61 960 107; x_wconf 82' lang='lat' dir='ltr'>CICERONIS</span> <span class='ocrx_word' id='word_1_5' title='bbox 1001 62 1369 107; x_wconf 87' lang='lat' dir='ltr'>EPISTOLAE.</span> 
     </span>
    </p>
   </div>
   <div class='ocr_carea' id='block_1_2' title="bbox 158 175 1649 953">
    <p class='ocr_par' dir='ltr' id='par_1_2' title="bbox 158 175 1649 953">
     <span class='ocr_line' id='line_1_2' title="bbox 161 175 1638 232; baseline 0 -12"><span class='ocrx_word' id='word_1_6' title='bbox 161 190 259 220; x_wconf 90' lang='lat' dir='ltr'>eam</span> <span class='ocrx_word' id='word_1_7' title='bbox 289 189 462 232; x_wconf 89' lang='lat' dir='ltr'>quoque</span> <span class='ocrx_word' id='word_1_8' title='bbox 493 175 730 230; x_wconf 85' lang='lat' dir='ltr'>epistolam</span> <span class='ocrx_word' id='word_1_9' title='bbox 759 175 814 218; x_wconf 89' lang='lat' dir='ltr'>T.</span> <span class='ocrx_word' id='word_1_10' title='bbox 844 175 1058 217; x_wconf 78' lang='lat' dir='ltr'>Catienus</span> <span class='ocrx_word' id='word_1_11' title='bbox 1089 176 1429 229; x_wconf 70' lang='lat' dir='ltr'>circumgestat:</span> <span class='ocrx_word' id='word_1_12' title='bbox 1458 198 1512 206; x_wconf 88' lang='lat'>-</span> <span class='ocrx_word' id='word_1_13' title='bbox 1548 192 1638 220; x_wconf 89' lang='lat' dir='ltr'>»re-</span> 
     </span>
     <span class='ocr_line' id='line_1_3' title="bbox 161 231 1637 285; baseline 0 -11"><span class='ocrx_word' id='word_1_14' title='bbox 161 234 362 274; x_wconf 85' lang='lat' dir='ltr'>nuntiari</span> <span class='ocrx_word' id='word_1_15' title='bbox 403 231 486 272; x_wconf 89' lang='lat' dir='ltr'>tibi</span> <span class='ocrx_word' id='word_1_16' title='bbox 526 231 755 285; x_wconf 87' lang='lat' dir='ltr'>Licinium</span> <span class='ocrx_word' id='word_1_17' title='bbox 793 231 1063 285; x_wconf 81' lang='lat' dir='ltr'>plagiarium</span> <span class='ocrx_word' id='word_1_18' title='bbox 1093 244 1192 272; x_wconf 88' lang='lat' dir='ltr'>cum</span> <span class='ocrx_word' id='word_1_19' title='bbox 1223 244 1303 271; x_wconf 81' lang='lat' dir='ltr'>suo</span> <span class='ocrx_word' id='word_1_20' title='bbox 1332 231 1459 285; x_wconf 91' lang='lat' dir='ltr'>pullo</span> <span class='ocrx_word' id='word_1_21' title='bbox 1489 233 1637 274; x_wconf 88' lang='lat' dir='ltr'>milvi-</span> 
     </span>
     <span class='ocr_line' id='line_1_4' title="bbox 161 286 1638 342; baseline -0.001 -12"><span class='ocrx_word' id='word_1_22' title='bbox 161 303 220 330; x_wconf 91' lang='lat' dir='ltr'>no</span> <span class='ocrx_word' id='word_1_23' title='bbox 260 289 430 329; x_wconf 86' lang='lat' dir='ltr'>tributa</span> <span class='ocrx_word' id='word_1_24' title='bbox 468 287 691 341; x_wconf 65' lang='lat' dir='ltr'>exigere«</span> <span class='ocrx_word' id='word_1_25' title='bbox 764 286 943 327; x_wconf 80' lang='lat' dir='ltr'>Deinde</span> <span class='ocrx_word' id='word_1_26' title='bbox 974 299 1104 340; x_wconf 81' lang='lat' dir='ltr'>rogas</span> <span class='ocrx_word' id='word_1_27' title='bbox 1133 287 1345 338; x_wconf 83' lang='lat' dir='ltr'>Fabium,</span> <span class='ocrx_word' id='word_1_28' title='bbox 1388 290 1462 326; x_wconf 88' lang='lat' dir='ltr'>»ut</span> <span class='ocrx_word' id='word_1_29' title='bbox 1489 291 1535 327; x_wconf 87' lang='lat' dir='ltr'>et</span> <span class='ocrx_word' id='word_1_30' title='bbox 1563 301 1638 342; x_wconf 87' lang='lat' dir='ltr'>pa-</span> 
     </span>
     <span class='ocr_line' id='line_1_5' title="bbox 160 341 1647 396; baseline -0.002 -10"><span class='ocrx_word' id='word_1_31' title='bbox 160 350 274 386; x_wconf 83' lang='lat' dir='ltr'>trem</span> <span class='ocrx_word' id='word_1_32' title='bbox 315 346 360 383; x_wconf 84' lang='lat' dir='ltr'>et</span> <span class='ocrx_word' id='word_1_33' title='bbox 389 341 537 382; x_wconf 88' lang='lat' dir='ltr'>filium</span> <span class='ocrx_word' id='word_1_34' title='bbox 566 342 694 383; x_wconf 84' lang='lat' dir='ltr'>vivos</span> <span class='ocrx_word' id='word_1_35' title='bbox 723 344 969 393; x_wconf 87' lang='lat' dir='ltr'>comburat,</span> <span class='ocrx_word' id='word_1_36' title='bbox 998 341 1037 381; x_wconf 81' lang='lat' dir='ltr'>si</span> <span class='ocrx_word' id='word_1_37' title='bbox 1066 343 1229 396; x_wconf 85' lang='lat' dir='ltr'>possit:</span> <span class='ocrx_word' id='word_1_38' title='bbox 1271 342 1341 383; x_wconf 86' lang='lat' dir='ltr'>sin</span> <span class='ocrx_word' id='word_1_39' title='bbox 1370 342 1542 393; x_wconf 81' lang='lat' dir='ltr'>minus,</span> <span class='ocrx_word' id='word_1_40' title='bbox 1582 342 1647 384; x_wconf 85' lang='lat' dir='ltr'>ad-</span> 
     </span>
     <span class='ocr_line' id='line_1_6' title="bbox 158 397 1640 450; baseline -0.001 -10"><span class='ocrx_word' id='word_1_41' title='bbox 158 405 204 441; x_wconf 83' lang='lat' dir='ltr'>te</span> <span class='ocrx_word' id='word_1_42' title='bbox 243 398 417 450; x_wconf 83' lang='lat' dir='ltr'>mittat,</span> <span class='ocrx_word' id='word_1_43' title='bbox 459 398 526 438; x_wconf 90' lang='lat' dir='ltr'>uti</span> <span class='ocrx_word' id='word_1_44' title='bbox 555 397 727 438; x_wconf 89' lang='lat' dir='ltr'>iudicio</span> <span class='ocrx_word' id='word_1_45' title='bbox 758 399 1109 438; x_wconf 79' lang='lat' dir='ltr'>comburantur.«</span> <span class='ocrx_word' id='word_1_46' title='bbox 1170 397 1270 438; x_wconf 91' lang='lat' dir='ltr'>Hae</span> <span class='ocrx_word' id='word_1_47' title='bbox 1296 398 1458 438; x_wconf 86' lang='lat' dir='ltr'>literae</span> <span class='ocrx_word' id='word_1_48' title='bbox 1487 398 1566 439; x_wconf 87' lang='lat' dir='ltr'>abs</span> <span class='ocrx_word' id='word_1_49' title='bbox 1595 402 1640 439; x_wconf 80' lang='lat' dir='ltr'>te</span> 
     </span>
     <span class='ocr_line' id='line_1_7' title="bbox 158 452 1636 509; baseline -0.001 -14"><span class='ocrx_word' id='word_1_50' title='bbox 158 467 239 509; x_wconf 84' lang='lat' dir='ltr'>per</span> <span class='ocrx_word' id='word_1_51' title='bbox 277 454 426 494; x_wconf 90' lang='lat' dir='ltr'>iocum</span> <span class='ocrx_word' id='word_1_52' title='bbox 465 454 626 495; x_wconf 86' lang='lat' dir='ltr'>missae</span> <span class='ocrx_word' id='word_1_53' title='bbox 666 452 723 494; x_wconf 85' lang='lat' dir='ltr'>ad</span> <span class='ocrx_word' id='word_1_54' title='bbox 762 452 811 493; x_wconf 86' lang='lat' dir='ltr'>C.</span> <span class='ocrx_word' id='word_1_55' title='bbox 852 453 1086 505; x_wconf 80' lang='lat' dir='ltr'>Fabium,.</span> <span class='ocrx_word' id='word_1_56' title='bbox 1122 454 1161 493; x_wconf 88' lang='lat' dir='ltr'>si</span> <span class='ocrx_word' id='word_1_57' title='bbox 1209 452 1341 494; x_wconf 88' lang='lat' dir='ltr'>modo</span> <span class='ocrx_word' id='word_1_58' title='bbox 1381 456 1482 493; x_wconf 88' lang='lat' dir='ltr'>sunt</span> <span class='ocrx_word' id='word_1_59' title='bbox 1521 458 1636 505; x_wconf 81' lang='lat' dir='ltr'>tuae⁷</span> 
     </span>
     <span class='ocr_line' id='line_1_8' title="bbox 161 507 1636 564; baseline 0 -15"><span class='ocrx_word' id='word_1_60' title='bbox 161 522 294 564; x_wconf 91' lang='lat' dir='ltr'>quum</span> <span class='ocrx_word' id='word_1_61' title='bbox 322 510 547 563; x_wconf 78' lang='lat' dir='ltr'>leguntur,</span> <span class='ocrx_word' id='word_1_62' title='bbox 576 509 845 550; x_wconf 80' lang='lat' dir='ltr'>invidiosam</span> <span class='ocrx_word' id='word_1_63' title='bbox 875 508 1162 548; x_wconf 78' lang='lat' dir='ltr'>atrocitatem</span> <span class='ocrx_word' id='word_1_64' title='bbox 1190 510 1429 550; x_wconf 81' lang='lat' dir='ltr'>verborum</span> <span class='ocrx_word' id='word_1_65' title='bbox 1458 507 1636 550; x_wconf 85' lang='lat' dir='ltr'>habent.</span> 
     </span>
     <span class='ocr_line' id='line_1_9' title="bbox 160 563 1646 618; baseline -0.001 -12"><span class='ocrx_word' id='word_1_66' title='bbox 160 568 252 617; x_wconf 87' lang='lat' dir='ltr'>Ac,</span> <span class='ocrx_word' id='word_1_67' title='bbox 289 565 329 606; x_wconf 88' lang='lat' dir='ltr'>si</span> <span class='ocrx_word' id='word_1_68' title='bbox 358 564 555 606; x_wconf 90' lang='lat' dir='ltr'>omnium</span> <span class='ocrx_word' id='word_1_69' title='bbox 584 577 783 605; x_wconf 87' lang='lat' dir='ltr'>mearum</span> <span class='ocrx_word' id='word_1_70' title='bbox 812 568 1050 618; x_wconf 83' lang='lat' dir='ltr'>praecepta</span> <span class='ocrx_word' id='word_1_71' title='bbox 1080 563 1313 604; x_wconf 85' lang='lat' dir='ltr'>literarum</span> <span class='ocrx_word' id='word_1_72' title='bbox 1344 567 1541 617; x_wconf 79' lang='lat' dir='ltr'>repetes,</span> <span class='ocrx_word' id='word_1_73' title='bbox 1571 565 1646 605; x_wconf 83' lang='lat' dir='ltr'>in·-</span> 
     </span>
     <span class='ocr_line' id='line_1_10' title="bbox 160 619 1638 675; baseline -0.001 -13"><span class='ocrx_word' id='word_1_74' title='bbox 160 621 343 675; x_wconf 85' lang='lat' dir='ltr'>telliges</span> <span class='ocrx_word' id='word_1_75' title='bbox 389 633 486 661; x_wconf 86' lang='lat' dir='ltr'>esse</span> <span class='ocrx_word' id='word_1_76' title='bbox 537 619 656 661; x_wconf 87' lang='lat' dir='ltr'>nihil</span> <span class='ocrx_word' id='word_1_77' title='bbox 697 633 724 660; x_wconf 90' lang='lat' dir='ltr'>a</span> <span class='ocrx_word' id='word_1_78' title='bbox 765 633 834 660; x_wconf 89' lang='lat' dir='ltr'>me</span> <span class='ocrx_word' id='word_1_79' title='bbox 872 619 962 659; x_wconf 88' lang='lat' dir='ltr'>nisi</span> <span class='ocrx_word' id='word_1_80' title='bbox 1003 619 1220 660; x_wconf 86' lang='lat' dir='ltr'>orationis</span> <span class='ocrx_word' id='word_1_81' title='bbox 1258 620 1552 660; x_wconf 82' lang='lat' dir='ltr'>acerbitatem</span> <span class='ocrx_word' id='word_1_82' title='bbox 1593 625 1638 661; x_wconf 85' lang='lat' dir='ltr'>et</span> 
     </span>
     <span class='ocr_line' id='line_1_11' title="bbox 159 674 1637 727; baseline -0.001 -10"><span class='ocrx_word' id='word_1_83' title='bbox 159 676 439 718; x_wconf 82' lang='lat' dir='ltr'>iracundiam</span> <span class='ocrx_word' id='word_1_84' title='bbox 468 679 536 726; x_wconf 85' lang='lat' dir='ltr'>et,</span> <span class='ocrx_word' id='word_1_85' title='bbox 571 676 612 716; x_wconf 84' lang='lat' dir='ltr'>si</span> <span class='ocrx_word' id='word_1_86' title='bbox 641 674 788 727; x_wconf 78' lang='lat' dir='ltr'>forte,</span> <span class='ocrx_word' id='word_1_87' title='bbox 818 688 921 715; x_wconf 89' lang='lat' dir='ltr'>raro</span> <span class='ocrx_word' id='word_1_88' title='bbox 951 675 1186 715; x_wconf 85' lang='lat' dir='ltr'>literarum</span> <span class='ocrx_word' id='word_1_89' title='bbox 1215 675 1451 716; x_wconf 88' lang='lat' dir='ltr'>missarum</span> <span class='ocrx_word' id='word_1_90' title='bbox 1480 675 1637 716; x_wconf 89' lang='lat' dir='ltr'>indili-</span> 
     </span>
     <span class='ocr_line' id='line_1_12' title="bbox 158 729 1649 787; baseline -0.001 -14"><span class='ocrx_word' id='word_1_91' title='bbox 158 733 357 787; x_wconf 82' lang='lat' dir='ltr'>gentiam</span> <span class='ocrx_word' id='word_1_92' title='bbox 385 730 713 785; x_wconf 88' lang='lat' dir='ltr'>reprehensam.</span> <span class='ocrx_word' id='word_1_93' title='bbox 790 729 964 780; x_wconf 82' lang='lat' dir='ltr'>Quibus</span> <span class='ocrx_word' id='word_1_94' title='bbox 1005 729 1187 784; x_wconf 85' lang='lat' dir='ltr'>quidem</span> <span class='ocrx_word' id='word_1_95' title='bbox 1215 730 1262 770; x_wconf 90' lang='lat' dir='ltr'>in</span> <span class='ocrx_word' id='word_1_96' title='bbox 1292 731 1421 770; x_wconf 87' lang='lat' dir='ltr'>rebus</span> <span class='ocrx_word' id='word_1_97' title='bbox 1451 731 1491 771; x_wconf 88' lang='lat' dir='ltr'>si</span> <span class='ocrx_word' id='word_1_98' title='bbox 1521 731 1649 785; x_wconf 66' lang='lat' dir='ltr'>apud‘</span> 
     </span>
     <span class='ocr_line' id='line_1_13' title="bbox 159 786 1637 841; baseline -0.001 -12"><span class='ocrx_word' id='word_1_99' title='bbox 159 794 205 829; x_wconf 89' lang='lat' dir='ltr'>te</span> <span class='ocrx_word' id='word_1_100' title='bbox 244 788 345 841; x_wconf 86' lang='lat' dir='ltr'>plus</span> <span class='ocrx_word' id='word_1_101' title='bbox 385 787 632 827; x_wconf 85' lang='lat' dir='ltr'>auctoritas</span> <span class='ocrx_word' id='word_1_102' title='bbox 670 799 793 838; x_wconf 85' lang='lat' dir='ltr'>mea,</span> <span class='ocrx_word' id='word_1_103' title='bbox 850 799 982 840; x_wconf 85' lang='lat' dir='ltr'>quam</span> <span class='ocrx_word' id='word_1_104' title='bbox 1023 791 1101 826; x_wconf 85' lang='lat' dir='ltr'>tua</span> <span class='ocrx_word' id='word_1_105' title='bbox 1142 786 1238 826; x_wconf 83' lang='lat' dir='ltr'>sive</span> <span class='ocrx_word' id='word_1_106' title='bbox 1287 789 1447 826; x_wconf 87' lang='lat' dir='ltr'>natura</span> <span class='ocrx_word' id='word_1_107' title='bbox 1485 787 1637 839; x_wconf 86' lang='lat' dir='ltr'>paullo</span> 
     </span>
     <span class='ocr_line' id='line_1_14' title="bbox 158 840 1636 897; baseline -0.002 -12"><span class='ocrx_word' id='word_1_108' title='bbox 158 844 311 885; x_wconf 88' lang='lat' dir='ltr'>acrior</span> <span class='ocrx_word' id='word_1_109' title='bbox 337 842 433 884; x_wconf 85' lang='lat' dir='ltr'>sive</span> <span class='ocrx_word' id='word_1_110' title='bbox 461 842 679 897; x_wconf 88' lang='lat' dir='ltr'>quaedam</span> <span class='ocrx_word' id='word_1_111' title='bbox 708 841 901 882; x_wconf 89' lang='lat' dir='ltr'>dulcedo</span> <span class='ocrx_word' id='word_1_112' title='bbox 931 840 1192 882; x_wconf 85' lang='lat' dir='ltr'>iracundiae</span> <span class='ocrx_word' id='word_1_113' title='bbox 1234 841 1329 882; x_wconf 87' lang='lat' dir='ltr'>sive</span> <span class='ocrx_word' id='word_1_114' title='bbox 1359 840 1540 881; x_wconf 87' lang='lat' dir='ltr'>dicendi</span> <span class='ocrx_word' id='word_1_115' title='bbox 1570 842 1636 882; x_wconf 87' lang='lat' dir='ltr'>sal</span> 
     </span>
     <span class='ocr_line' id='line_1_15' title="bbox 158 896 1636 953; baseline -0.001 -14"><span class='ocrx_word' id='word_1_116' title='bbox 158 899 439 953; x_wconf 84' lang='lat' dir='ltr'>facetiaeque</span> <span class='ocrx_word' id='word_1_117' title='bbox 467 898 701 950; x_wconf 82' lang='lat' dir='ltr'>valuisset,</span> <span class='ocrx_word' id='word_1_118' title='bbox 731 896 849 938; x_wconf 90' lang='lat' dir='ltr'>nihil</span> <span class='ocrx_word' id='word_1_119' title='bbox 881 909 985 938; x_wconf 88' lang='lat' dir='ltr'>sane</span> <span class='ocrx_word' id='word_1_120' title='bbox 1015 903 1148 948; x_wconf 85' lang='lat' dir='ltr'>esset,</span> <span class='ocrx_word' id='word_1_121' title='bbox 1177 896 1299 952; x_wconf 87' lang='lat' dir='ltr'>quod</span> <span class='ocrx_word' id='word_1_122' title='bbox 1327 909 1406 938; x_wconf 89' lang='lat' dir='ltr'>nos</span> <span class='ocrx_word' id='word_1_123' title='bbox 1436 897 1636 951; x_wconf 86' lang='lat' dir='ltr'>poenite-</span> 
     </span>
    </p>
   </div>
   <div class='ocr_carea' id='block_1_3' title="bbox 998 1009 1124 1015">
    <p class='ocr_par' dir='ltr' id='par_1_3' title="bbox 998 1009 1124 1015">
     <span class='ocr_line' id='line_1_16' title="bbox 998 1009 1124 1015; baseline 0 0"><span class='ocrx_word' id='word_1_124' title='bbox 998 1009 1124 1015; x_wconf 95' lang='lat' dir='ltr'> </span> 
     </span>
    </p>
   </div>
   <div class='ocr_carea' id='block_1_4' title="bbox 158 1073 1642 1217">
    <p class='ocr_par' dir='ltr' id='par_1_4' title="bbox 158 1073 1642 1217">
     <span class='ocr_line' id='line_1_17' title="bbox 158 1073 1642 1117; baseline -0.002 -5"><span class='ocrx_word' id='word_1_125' title='bbox 158 1075 476 1117; x_wconf 85' lang='lat' dir='ltr'>schenschinder,</span> <span class='ocrx_word' id='word_1_126' title='bbox 503 1073 820 1114; x_wconf 82' lang='lat' dir='ltr'>Menschendieb‚</span> <span class='ocrx_word' id='word_1_127' title='bbox 849 1075 915 1108; x_wconf 86' lang='lat' dir='ltr'>der</span> <span class='ocrx_word' id='word_1_128' title='bbox 940 1075 1167 1108; x_wconf 83' lang='lat' dir='ltr'>wissentlich</span> <span class='ocrx_word' id='word_1_129' title='bbox 1195 1074 1289 1108; x_wconf 84' lang='lat' dir='ltr'>freie</span> <span class='ocrx_word' id='word_1_130' title='bbox 1315 1074 1522 1109; x_wconf 83' lang='lat' dir='ltr'>Menschen</span> <span class='ocrx_word' id='word_1_131' title='bbox 1550 1075 1642 1110; x_wconf 85' lang='lat' dir='ltr'>oder</span> 
     </span>
     <span class='ocr_line' id='line_1_18' title="bbox 158 1122 1640 1168; baseline -0.001 -8"><span class='ocrx_word' id='word_1_132' title='bbox 158 1126 307 1160; x_wconf 82' lang='lat' dir='ltr'>fremde</span> <span class='ocrx_word' id='word_1_133' title='bbox 330 1125 487 1159; x_wconf 86' lang='lat' dir='ltr'>Sklaven</span> <span class='ocrx_word' id='word_1_134' title='bbox 514 1122 634 1156; x_wconf 86' lang='lat' dir='ltr'>durch</span> <span class='ocrx_word' id='word_1_135' title='bbox 658 1123 740 1156; x_wconf 81' lang='lat' dir='ltr'>List</span> <span class='ocrx_word' id='word_1_136' title='bbox 766 1124 903 1168; x_wconf 78' lang='lat' dir='ltr'>(plaga,</span> <span class='ocrx_word' id='word_1_137' title='bbox 929 1123 1040 1164; x_wconf 75' lang='lat' dir='ltr'>Netz)</span> <span class='ocrx_word' id='word_1_138' title='bbox 1065 1123 1231 1166; x_wconf 80' lang='lat' dir='ltr'>anlockt‚</span> <span class='ocrx_word' id='word_1_139' title='bbox 1258 1134 1302 1155; x_wconf 87' lang='lat' dir='ltr'>an</span> <span class='ocrx_word' id='word_1_140' title='bbox 1328 1123 1411 1156; x_wconf 89' lang='lat' dir='ltr'>sich</span> <span class='ocrx_word' id='word_1_141' title='bbox 1437 1123 1548 1157; x_wconf 78' lang='lat' dir='ltr'>kauft</span> <span class='ocrx_word' id='word_1_142' title='bbox 1564 1126 1640 1158; x_wconf 87' lang='lat' dir='ltr'>und</span> 
     </span>
     <span class='ocr_line' id='line_1_19' title="bbox 158 1171 1635 1217; baseline -0.001 -9"><span class='ocrx_word' id='word_1_143' title='bbox 158 1187 207 1210; x_wconf 82' lang='lat' dir='ltr'>zu</span> <span class='ocrx_word' id='word_1_144' title='bbox 233 1174 393 1208; x_wconf 86' lang='lat' dir='ltr'>Sklaven</span> <span class='ocrx_word' id='word_1_145' title='bbox 418 1171 562 1206; x_wconf 82' lang='lat' dir='ltr'>wieder</span> <span class='ocrx_word' id='word_1_146' title='bbox 588 1171 774 1205; x_wconf 82' lang='lat' dir='ltr'>verkanft.</span> <span class='ocrx_word' id='word_1_147' title='bbox 843 1171 877 1204; x_wconf 90' lang='lat' dir='ltr'>S.</span> <span class='ocrx_word' id='word_1_148' title='bbox 904 1172 1077 1205; x_wconf 86' lang='lat' dir='ltr'>Pandect.</span> <span class='ocrx_word' id='word_1_149' title='bbox 1105 1172 1206 1211; x_wconf 83' lang='lat' dir='ltr'>XXI,</span> <span class='ocrx_word' id='word_1_150' title='bbox 1237 1173 1292 1206; x_wconf 87' lang='lat'>17.</span> <span class='ocrx_word' id='word_1_151' title='bbox 1333 1171 1484 1215; x_wconf 86' lang='lat' dir='ltr'>XLVII,</span> <span class='ocrx_word' id='word_1_152' title='bbox 1509 1174 1540 1207; x_wconf 87' lang='lat'>2.</span> <span class='ocrx_word' id='word_1_153' title='bbox 1567 1173 1635 1217; x_wconf 81' lang='lat' dir='ltr'>leg.</span> 
     </span>
    </p>
   </div>
   <div class='ocr_carea' id='block_1_5' title="bbox 103 1219 1636 1264">
    <p class='ocr_par' dir='ltr' id='par_1_5' title="bbox 103 1219 1636 1264">
     <span class='ocr_line' id='line_1_20' title="bbox 103 1219 1636 1264; baseline -0.001 -11"><span class='ocrx_word' id='word_1_154' title='bbox 103 1251 106 1253; x_wconf 19' lang='grc' dir='ltr'><strong>Α</strong></span> <span class='ocrx_word' id='word_1_155' title='bbox 159 1224 204 1258; x_wconf 80' lang='grc'>48</span> <span class='ocrx_word' id='word_1_156' title='bbox 239 1228 276 1255; x_wconf 88' lang='lat' dir='ltr'>et</span> <span class='ocrx_word' id='word_1_157' title='bbox 308 1223 365 1257; x_wconf 87' lang='lat'>52.</span> <span class='ocrx_word' id='word_1_158' title='bbox 406 1220 542 1261; x_wconf 89' lang='lat' dir='ltr'>XLIX,</span> <span class='ocrx_word' id='word_1_159' title='bbox 569 1220 627 1259; x_wconf 90' lang='lat'>15,</span> <span class='ocrx_word' id='word_1_160' title='bbox 656 1220 711 1254; x_wconf 82' lang='lat'>16.</span> <span class='ocrx_word' id='word_1_161' title='bbox 791 1220 899 1253; x_wconf 83' lang='lat' dir='ltr'>Diess</span> <span class='ocrx_word' id='word_1_162' title='bbox 925 1231 1000 1252; x_wconf 87' lang='lat' dir='ltr'>war</span> <span class='ocrx_word' id='word_1_163' title='bbox 1026 1219 1113 1253; x_wconf 80' lang='lat' dir='ltr'>sehr</span> <span class='ocrx_word' id='word_1_164' title='bbox 1138 1220 1223 1252; x_wconf 88' lang='lat' dir='ltr'>hart</span> <span class='ocrx_word' id='word_1_165' title='bbox 1249 1221 1417 1264; x_wconf 73' lang='lat' dir='ltr'>verpiint.</span> <span class='ocrx_word' id='word_1_166' title='bbox 1486 1220 1558 1253; x_wconf 88' lang='lat' dir='ltr'>Die</span> <span class='ocrx_word' id='word_1_167' title='bbox 1584 1221 1636 1252; x_wconf 87' lang='lat' dir='ltr'>ei-</span> 
     </span>
    </p>
   </div>
   <div class='ocr_carea' id='block_1_6' title="bbox 154 1266 1638 2750">
    <p class='ocr_par' dir='ltr' id='par_1_6' title="bbox 156 1266 1638 1834">
     <span class='ocr_line' id='line_1_21' title="bbox 158 1266 1636 1315; baseline -0.001 -13"><span class='ocrx_word' id='word_1_168' title='bbox 158 1270 373 1315; x_wconf 85' lang='lat' dir='ltr'>gentlichen</span> <span class='ocrx_word' id='word_1_169' title='bbox 398 1267 727 1308; x_wconf 58' lang='lat' dir='ltr'>sklavenhandler‚</span> <span class='ocrx_word' id='word_1_170' title='bbox 755 1266 814 1300; x_wconf 86' lang='lat' dir='ltr'>die</span> <span class='ocrx_word' id='word_1_171' title='bbox 840 1268 920 1302; x_wconf 81' lang='lat' dir='ltr'>sich</span> <span class='ocrx_word' id='word_1_172' title='bbox 946 1268 1017 1300; x_wconf 83' lang='lat' dir='ltr'>mit</span> <span class='ocrx_word' id='word_1_173' title='bbox 1043 1269 1129 1301; x_wconf 91' lang='lat' dir='ltr'>dem</span> <span class='ocrx_word' id='word_1_174' title='bbox 1154 1268 1254 1300; x_wconf 77' lang='lat' dir='ltr'>Kauf</span> <span class='ocrx_word' id='word_1_175' title='bbox 1278 1268 1354 1309; x_wconf 72' lang='lat' dir='ltr'>und.</span> <span class='ocrx_word' id='word_1_176' title='bbox 1379 1268 1542 1301; x_wconf 86' lang='lat' dir='ltr'>Verkauf</span> <span class='ocrx_word' id='word_1_177' title='bbox 1564 1280 1636 1301; x_wconf 90' lang='lat' dir='ltr'>von</span> 
     </span>
     <span class='ocr_line' id='line_1_22' title="bbox 157 1315 1636 1359; baseline -0.001 -8"><span class='ocrx_word' id='word_1_178' title='bbox 157 1318 317 1352; x_wconf 61' lang='lat' dir='ltr'>§klaven</span> <span class='ocrx_word' id='word_1_179' title='bbox 351 1316 646 1359; x_wconf 68' lang='lat' dir='ltr'>beschaftigten,</span> <span class='ocrx_word' id='word_1_180' title='bbox 679 1315 826 1348; x_wconf 85' lang='lat' dir='ltr'>hiessen</span> <span class='ocrx_word' id='word_1_181' title='bbox 855 1315 1024 1358; x_wconf 83' lang='lat' dir='ltr'>dagegen</span> <span class='ocrx_word' id='word_1_182' title='bbox 1049 1317 1267 1358; x_wconf 77' lang='lat' dir='ltr'>IWaugones.</span> <span class='ocrx_word' id='word_1_183' title='bbox 1327 1316 1393 1349; x_wconf 88' lang='lat' dir='ltr'>Bei</span> <span class='ocrx_word' id='word_1_184' title='bbox 1425 1315 1581 1350; x_wconf 75' lang='lat' dir='ltr'>Martia!</span> <span class='ocrx_word' id='word_1_185' title='bbox 1607 1318 1636 1358; x_wconf 84' lang='grc' dir='ltr'>Ι,</span> 
     </span>
     <span class='ocr_line' id='line_1_23' title="bbox 157 1363 1636 1409; baseline -0.002 -9"><span class='ocrx_word' id='word_1_186' title='bbox 157 1368 222 1408; x_wconf 81' lang='lat'>53,</span> <span class='ocrx_word' id='word_1_187' title='bbox 255 1367 277 1400; x_wconf 85' lang='lat'><strong>9</strong></span> <span class='ocrx_word' id='word_1_188' title='bbox 304 1365 402 1398; x_wconf 87' lang='lat' dir='ltr'>wird</span> <span class='ocrx_word' id='word_1_189' title='bbox 428 1363 494 1396; x_wconf 82' lang='lat' dir='ltr'>der</span> <span class='ocrx_word' id='word_1_190' title='bbox 516 1364 637 1397; x_wconf 82' lang='lat' dir='ltr'>Name</span> <span class='ocrx_word' id='word_1_191' title='bbox 663 1363 871 1409; x_wconf 79' lang='lat' dir='ltr'>plagiarius</span> <span class='ocrx_word' id='word_1_192' title='bbox 905 1363 1027 1396; x_wconf 82' lang='lat' dir='ltr'>einem</span> <span class='ocrx_word' id='word_1_193' title='bbox 1062 1364 1256 1407; x_wconf 82' lang='lat' dir='ltr'>gelehrten</span> <span class='ocrx_word' id='word_1_194' title='bbox 1281 1363 1404 1395; x_wconf 86' lang='lat' dir='ltr'>Diebe</span> <span class='ocrx_word' id='word_1_195' title='bbox 1438 1364 1636 1408; x_wconf 84' lang='lat' dir='ltr'>beigelegt,</span> 
     </span>
     <span class='ocr_line' id='line_1_24' title="bbox 161 1410 1638 1456; baseline -0.003 -8"><span class='ocrx_word' id='word_1_196' title='bbox 161 1415 227 1448; x_wconf 88' lang='lat' dir='ltr'>der</span> <span class='ocrx_word' id='word_1_197' title='bbox 262 1413 430 1447; x_wconf 88' lang='lat' dir='ltr'>Anderer</span> <span class='ocrx_word' id='word_1_198' title='bbox 462 1410 661 1445; x_wconf 81' lang='lat' dir='ltr'>Schriften</span> <span class='ocrx_word' id='word_1_199' title='bbox 692 1411 776 1444; x_wconf 88' lang='lat' dir='ltr'>sich</span> <span class='ocrx_word' id='word_1_200' title='bbox 809 1411 994 1456; x_wconf 65' lang='lat' dir='ltr'>zueignet,</span> <span class='ocrx_word' id='word_1_201' title='bbox 1031 1433 1072 1437; x_wconf 96' lang='lat'><strong>—</strong></span> <span class='ocrx_word' id='word_1_202' title='bbox 1104 1411 1203 1455; x_wconf 80' lang='lat' dir='ltr'>pullo</span> <span class='ocrx_word' id='word_1_203' title='bbox 1236 1411 1386 1444; x_wconf 77' lang='lat' dir='ltr'>milvino</span> <span class='ocrx_word' id='word_1_204' title='bbox 1422 1411 1638 1445; x_wconf 80' lang='lat' dir='ltr'>scherzhaft</span> 
     </span>
     <span class='ocr_line' id='line_1_25' title="bbox 159 1458 1636 1503; baseline -0.003 -7"><span class='ocrx_word' id='word_1_205' title='bbox 159 1468 250 1496; x_wconf 81' lang='lat' dir='ltr'>statt</span> <span class='ocrx_word' id='word_1_206' title='bbox 268 1460 357 1502; x_wconf 84' lang='lat' dir='ltr'>filio</span> <span class='ocrx_word' id='word_1_207' title='bbox 383 1459 523 1503; x_wconf 78' lang='lat' dir='ltr'>rapaci,</span> <span class='ocrx_word' id='word_1_208' title='bbox 548 1458 733 1493; x_wconf 88' lang='lat' dir='ltr'>wodurch</span> <span class='ocrx_word' id='word_1_209' title='bbox 758 1459 825 1492; x_wconf 88' lang='lat' dir='ltr'>der</span> <span class='ocrx_word' id='word_1_210' title='bbox 850 1461 970 1493; x_wconf 88' lang='lat' dir='ltr'>Vater</span> <span class='ocrx_word' id='word_1_211' title='bbox 994 1460 1059 1492; x_wconf 85' lang='lat' dir='ltr'>fiir</span> <span class='ocrx_word' id='word_1_212' title='bbox 1086 1460 1195 1492; x_wconf 82' lang='lat' dir='ltr'>einen</span> <span class='ocrx_word' id='word_1_213' title='bbox 1221 1458 1386 1502; x_wconf 86' lang='lat' dir='ltr'>Miluus,</span> <span class='ocrx_word' id='word_1_214' title='bbox 1415 1459 1448 1492; x_wconf 90' lang='lat' dir='ltr'>d.</span> <span class='ocrx_word' id='word_1_215' title='bbox 1477 1459 1503 1496; x_wconf 74' lang='lat' dir='ltr'>i.</span> <span class='ocrx_word' id='word_1_216' title='bbox 1531 1460 1636 1494; x_wconf 88' lang='lat' dir='ltr'>Wei-</span> 
     </span>
     <span class='ocr_line' id='line_1_26' title="bbox 159 1507 1636 1555; baseline -0.003 -11"><span class='ocrx_word' id='word_1_217' title='bbox 159 1510 222 1555; x_wconf 86' lang='lat' dir='ltr'>he,</span> <span class='ocrx_word' id='word_1_218' title='bbox 250 1510 365 1543; x_wconf 84' lang='lat' dir='ltr'>Geier</span> <span class='ocrx_word' id='word_1_219' title='bbox 391 1522 441 1540; x_wconf 68' lang='lat' dir='ltr'><em>z</em></span> <span class='ocrx_word' id='word_1_220' title='bbox 465 1509 531 1541; x_wconf 78' lang='lat' dir='ltr'>fiir</span> <span class='ocrx_word' id='word_1_221' title='bbox 557 1508 667 1540; x_wconf 76' lang='lat' dir='ltr'>einen</span> <span class='ocrx_word' id='word_1_222' title='bbox 692 1507 959 1541; x_wconf 67' lang='lat' dir='ltr'>rauberischen</span> <span class='ocrx_word' id='word_1_223' title='bbox 982 1508 1186 1542; x_wconf 86' lang='lat' dir='ltr'>Menschen</span> <span class='ocrx_word' id='word_1_224' title='bbox 1213 1507 1351 1540; x_wconf 72' lang='lat' dir='ltr'>erklart</span> <span class='ocrx_word' id='word_1_225' title='bbox 1377 1507 1481 1541; x_wconf 88' lang='lat' dir='ltr'>wird.</span> <span class='ocrx_word' id='word_1_226' title='bbox 1531 1508 1636 1542; x_wconf 89' lang='lat' dir='ltr'>Eben</span> 
     </span>
     <span class='ocr_line' id='line_1_27' title="bbox 157 1555 1633 1601; baseline -0.002 -9"><span class='ocrx_word' id='word_1_227' title='bbox 157 1571 198 1593; x_wconf 87' lang='lat' dir='ltr'>so</span> <span class='ocrx_word' id='word_1_228' title='bbox 225 1557 386 1592; x_wconf 88' lang='lat' dir='ltr'>bildlich</span> <span class='ocrx_word' id='word_1_229' title='bbox 411 1556 621 1601; x_wconf 85' lang='lat' dir='ltr'>gebraucht</span> <span class='ocrx_word' id='word_1_230' title='bbox 645 1556 764 1591; x_wconf 83' lang='lat' dir='ltr'>Plaut.</span> <span class='ocrx_word' id='word_1_231' title='bbox 787 1557 902 1589; x_wconf 86' lang='lat' dir='ltr'>Poen.</span> <span class='ocrx_word' id='word_1_232' title='bbox 931 1558 974 1597; x_wconf 91' lang='lat' dir='ltr'>V,</span> <span class='ocrx_word' id='word_1_233' title='bbox 1002 1558 1036 1598; x_wconf 86' lang='lat'>5,</span> <span class='ocrx_word' id='word_1_234' title='bbox 1064 1557 1126 1590; x_wconf 78' lang='lat'>13:</span> <span class='ocrx_word' id='word_1_235' title='bbox 1154 1563 1281 1589; x_wconf 86' lang='lat' dir='ltr'>metuo</span> <span class='ocrx_word' id='word_1_236' title='bbox 1306 1555 1450 1588; x_wconf 88' lang='lat' dir='ltr'>miluos.</span> <span class='ocrx_word' id='word_1_237' title='bbox 1500 1556 1633 1589; x_wconf 88' lang='lat' dir='ltr'>Pseud.</span> 
     </span>
     <span class='ocr_line' id='line_1_28' title="bbox 158 1601 1635 1653; baseline -0.001 -14"><span class='ocrx_word' id='word_1_238' title='bbox 158 1608 230 1652; x_wconf 81' lang='grc' dir='ltr'>ΙΙΙ,</span> <span class='ocrx_word' id='word_1_239' title='bbox 255 1608 289 1649; x_wconf 83' lang='grc'>2,</span> <span class='ocrx_word' id='word_1_240' title='bbox 315 1608 378 1653; x_wconf 73' lang='lat'>623</span> <span class='ocrx_word' id='word_1_241' title='bbox 430 1616 568 1649; x_wconf 88' lang='lat' dir='ltr'>coquus</span> <span class='ocrx_word' id='word_1_242' title='bbox 594 1604 757 1637; x_wconf 87' lang='lat' dir='ltr'>milvinis</span> <span class='ocrx_word' id='word_1_243' title='bbox 781 1605 976 1649; x_wconf 87' lang='lat' dir='ltr'>unguibus.</span> <span class='ocrx_word' id='word_1_244' title='bbox 1026 1624 1068 1629; x_wconf 89' lang='lat'>--</span> <span class='ocrx_word' id='word_1_245' title='bbox 1119 1603 1264 1645; x_wconf 79' lang='lat' dir='ltr'>iudicio,</span> <span class='ocrx_word' id='word_1_246' title='bbox 1291 1604 1362 1636; x_wconf 89' lang='lat' dir='ltr'>mit</span> <span class='ocrx_word' id='word_1_247' title='bbox 1387 1601 1532 1637; x_wconf 87' lang='lat' dir='ltr'>Urtheil</span> <span class='ocrx_word' id='word_1_248' title='bbox 1557 1604 1635 1637; x_wconf 88' lang='lat' dir='ltr'>und</span> 
     </span>
     <span class='ocr_line' id='line_1_29' title="bbox 156 1650 1632 1694; baseline -0.001 -6"><span class='ocrx_word' id='word_1_249' title='bbox 156 1655 297 1692; x_wconf 69' lang='lat' dir='ltr'>Recht.</span> <span class='ocrx_word' id='word_1_250' title='bbox 345 1653 450 1689; x_wconf 84' lang='lat' dir='ltr'>Uber</span> <span class='ocrx_word' id='word_1_251' title='bbox 473 1653 531 1685; x_wconf 79' lang='lat' dir='ltr'>sin</span> <span class='ocrx_word' id='word_1_252' title='bbox 555 1653 680 1694; x_wconf 78' lang='lat' dir='ltr'>minus,</span> <span class='ocrx_word' id='word_1_253' title='bbox 708 1653 831 1685; x_wconf 76' lang='lat' dir='ltr'>wofi&#39;xr</span> <span class='ocrx_word' id='word_1_254' title='bbox 857 1652 923 1686; x_wconf 89' lang='lat' dir='ltr'>Cd.</span> <span class='ocrx_word' id='word_1_255' title='bbox 950 1651 1033 1686; x_wconf 79' lang='lat' dir='ltr'>Md.</span> <span class='ocrx_word' id='word_1_256' title='bbox 1060 1651 1093 1684; x_wconf 77' lang='lat' dir='ltr'>si</span> <span class='ocrx_word' id='word_1_257' title='bbox 1119 1651 1242 1694; x_wconf 80' lang='lat' dir='ltr'>minus,</span> <span class='ocrx_word' id='word_1_258' title='bbox 1266 1663 1293 1684; x_wconf 89' lang='lat' dir='ltr'>s.</span> <span class='ocrx_word' id='word_1_259' title='bbox 1320 1650 1473 1685; x_wconf 86' lang='lat' dir='ltr'>Ramsh.</span> <span class='ocrx_word' id='word_1_260' title='bbox 1502 1652 1535 1694; x_wconf 83' lang='lat'>§.</span> <span class='ocrx_word' id='word_1_261' title='bbox 1551 1653 1632 1694; x_wconf 86' lang='grc'><strong>190,</strong></span> 
     </span>
     <span class='ocr_line' id='line_1_30' title="bbox 157 1700 1634 1743; baseline -0.005 -5"><span class='ocrx_word' id='word_1_262' title='bbox 157 1707 192 1739; x_wconf 85' lang='lat'>1.</span> <span class='ocrx_word' id='word_1_263' title='bbox 219 1705 325 1737; x_wconf 89' lang='lat' dir='ltr'>Anm.</span> <span class='ocrx_word' id='word_1_264' title='bbox 353 1703 388 1736; x_wconf 83' lang='lat'>3.</span> <span class='ocrx_word' id='word_1_265' title='bbox 423 1700 572 1734; x_wconf 81' lang='lat' dir='ltr'>Grotef.</span> <span class='ocrx_word' id='word_1_266' title='bbox 600 1701 629 1743; x_wconf 63' lang='grc' dir='ltr'>ἕ.</span> <span class='ocrx_word' id='word_1_267' title='bbox 649 1701 729 1735; x_wconf 81' lang='grc'><strong>406.</strong></span> <span class='ocrx_word' id='word_1_268' title='bbox 758 1718 802 1724; x_wconf 85' lang='grc'>-</span> <span class='ocrx_word' id='word_1_269' title='bbox 828 1700 939 1734; x_wconf 63' lang='grc' dir='ltr'>ἐφη-ἑά.</span> <span class='ocrx_word' id='word_1_270' title='bbox 966 1704 1082 1735; x_wconf 78' lang='grc' dir='ltr'><em>αινοε.</em></span> <span class='ocrx_word' id='word_1_271' title='bbox 1110 1700 1229 1739; x_wconf 60' lang='lat' dir='ltr'>verb„</span> <span class='ocrx_word' id='word_1_272' title='bbox 1265 1700 1330 1732; x_wconf 87' lang='lat' dir='ltr'>der</span> <span class='ocrx_word' id='word_1_273' title='bbox 1357 1700 1462 1733; x_wconf 83' lang='lat' dir='ltr'>Brief</span> <span class='ocrx_word' id='word_1_274' title='bbox 1485 1701 1535 1732; x_wconf 90' lang='lat' dir='ltr'>ist</span> <span class='ocrx_word' id='word_1_275' title='bbox 1561 1700 1634 1733; x_wconf 84' lang='lat' dir='ltr'>den</span> 
     </span>
     <span class='ocr_line' id='line_1_31' title="bbox 156 1747 1633 1794; baseline -0.003 -9"><span class='ocrx_word' id='word_1_276' title='bbox 156 1753 296 1785; x_wconf 82' lang='lat' dir='ltr'>Lesern</span> <span class='ocrx_word' id='word_1_277' title='bbox 331 1749 512 1794; x_wconf 70' lang='lat' dir='ltr'>anstiissig</span> <span class='ocrx_word' id='word_1_278' title='bbox 543 1757 673 1792; x_wconf 80' lang='lat' dir='ltr'>wegen</span> <span class='ocrx_word' id='word_1_279' title='bbox 707 1748 773 1781; x_wconf 88' lang='lat' dir='ltr'>der</span> <span class='ocrx_word' id='word_1_280' title='bbox 809 1748 936 1781; x_wconf 79' lang='lat' dir='ltr'>kalten</span> <span class='ocrx_word' id='word_1_281' title='bbox 970 1748 1236 1781; x_wconf 71' lang='lat' dir='ltr'>Grausamkeit</span> <span class='ocrx_word' id='word_1_282' title='bbox 1271 1748 1309 1780; x_wconf 86' lang='lat' dir='ltr'>in</span> <span class='ocrx_word' id='word_1_283' title='bbox 1344 1747 1466 1782; x_wconf 85' lang='lat' dir='ltr'>dieser</span> <span class='ocrx_word' id='word_1_284' title='bbox 1491 1748 1559 1785; x_wconf 81' lang='lat' dir='ltr'>Art</span> <span class='ocrx_word' id='word_1_285' title='bbox 1591 1759 1633 1781; x_wconf 88' lang='lat' dir='ltr'>zu</span> 
     </span>
     <span class='ocr_line' id='line_1_32' title="bbox 156 1799 344 1834; baseline -0.016 0"><span class='ocrx_word' id='word_1_286' title='bbox 156 1799 344 1834; x_wconf 81' lang='lat' dir='ltr'>scherzen.</span> 
     </span>
    </p>

    <p class='ocr_par' dir='ltr' id='par_1_7' title="bbox 154 1842 1634 2750">
     <span class='ocr_line' id='line_1_33' title="bbox 252 1842 1634 1885; baseline -0.004 -4"><span class='ocrx_word' id='word_1_287' title='bbox 252 1851 285 1883; x_wconf 87' lang='lat'>7.</span> <span class='ocrx_word' id='word_1_288' title='bbox 317 1855 393 1879; x_wconf 81' lang='lat' dir='ltr'>esse</span> <span class='ocrx_word' id='word_1_289' title='bbox 417 1842 510 1878; x_wconf 74' lang='lat' dir='ltr'>nihil</span> <span class='ocrx_word' id='word_1_290' title='bbox 540 1842 620 1878; x_wconf 90' lang='lat' dir='ltr'>Md.</span> <span class='ocrx_word' id='word_1_291' title='bbox 652 1844 749 1877; x_wconf 88' lang='lat' dir='ltr'>Vict.</span> <span class='ocrx_word' id='word_1_292' title='bbox 779 1847 809 1885; x_wconf 90' lang='lat' dir='ltr'>l,</span> <span class='ocrx_word' id='word_1_293' title='bbox 837 1846 870 1879; x_wconf 89' lang='lat'>2.</span> <span class='ocrx_word' id='word_1_294' title='bbox 897 1844 990 1878; x_wconf 76' lang='lat' dir='ltr'>m&#39;ltz&#39;l</span> <span class='ocrx_word' id='word_1_295' title='bbox 1015 1855 1091 1878; x_wconf 84' lang='lat' dir='ltr'>esse</span> <span class='ocrx_word' id='word_1_296' title='bbox 1121 1846 1216 1878; x_wconf 89' lang='lat' dir='ltr'>Cett.</span> <span class='ocrx_word' id='word_1_297' title='bbox 1243 1864 1286 1869; x_wconf 93' lang='lat'><strong>—</strong></span> <span class='ocrx_word' id='word_1_298' title='bbox 1333 1849 1424 1878; x_wconf 80' lang='lat' dir='ltr'>orat.</span> <span class='ocrx_word' id='word_1_299' title='bbox 1452 1844 1570 1878; x_wconf 81' lang='lat' dir='ltr'>acerb.</span> <span class='ocrx_word' id='word_1_300' title='bbox 1601 1847 1634 1877; x_wconf 80' lang='lat' dir='ltr'>et</span> 
     </span>
     <span class='ocr_line' id='line_1_34' title="bbox 156 1892 1633 1938; baseline -0.004 -8"><span class='ocrx_word' id='word_1_301' title='bbox 156 1898 265 1938; x_wconf 60' lang='lat' dir='ltr'>irae„</span> <span class='ocrx_word' id='word_1_302' title='bbox 293 1895 353 1928; x_wconf 84' lang='lat' dir='ltr'>die</span> <span class='ocrx_word' id='word_1_303' title='bbox 378 1892 581 1927; x_wconf 82' lang='lat' dir='ltr'>Bitterkeit</span> <span class='ocrx_word' id='word_1_304' title='bbox 606 1892 680 1924; x_wconf 89' lang='lat' dir='ltr'>und</span> <span class='ocrx_word' id='word_1_305' title='bbox 707 1893 768 1925; x_wconf 82' lang='lat' dir='ltr'>das</span> <span class='ocrx_word' id='word_1_306' title='bbox 793 1893 1052 1926; x_wconf 77' lang='lat' dir='ltr'>Auffahrende</span> <span class='ocrx_word' id='word_1_307' title='bbox 1078 1893 1115 1925; x_wconf 87' lang='lat' dir='ltr'>in</span> <span class='ocrx_word' id='word_1_308' title='bbox 1141 1894 1299 1926; x_wconf 85' lang='lat' dir='ltr'>Deinem</span> <span class='ocrx_word' id='word_1_309' title='bbox 1326 1893 1555 1926; x_wconf 80' lang='lat' dir='ltr'>Ausdrucke.</span> <span class='ocrx_word' id='word_1_310' title='bbox 1590 1911 1633 1917; x_wconf 93' lang='lat'>—</span> 
     </span>
     <span class='ocr_line' id='line_1_35' title="bbox 155 1941 1632 1987; baseline -0.003 -9"><span class='ocrx_word' id='word_1_311' title='bbox 155 1945 189 1978; x_wconf 73' lang='lat' dir='ltr'>si</span> <span class='ocrx_word' id='word_1_312' title='bbox 204 1946 327 1987; x_wconf 82' lang='lat' dir='ltr'>forle,</span> <span class='ocrx_word' id='word_1_313' title='bbox 355 1951 456 1981; x_wconf 79' lang='lat' dir='ltr'>raro,</span> <span class='ocrx_word' id='word_1_314' title='bbox 483 1941 671 1974; x_wconf 82' lang='lat' dir='ltr'>allensalls</span> <span class='ocrx_word' id='word_1_315' title='bbox 697 1942 811 1983; x_wconf 85' lang='lat' dir='ltr'>noch,</span> <span class='ocrx_word' id='word_1_316' title='bbox 840 1942 1013 1974; x_wconf 86' lang='lat' dir='ltr'>wiewohl</span> <span class='ocrx_word' id='word_1_317' title='bbox 1040 1942 1173 1974; x_wconf 86' lang='lat' dir='ltr'>selten.</span> <span class='ocrx_word' id='word_1_318' title='bbox 1203 1962 1243 1967; x_wconf 91' lang='lat'><strong>—</strong></span> <span class='ocrx_word' id='word_1_319' title='bbox 1290 1942 1391 1976; x_wconf 73' lang='lat' dir='ltr'>leter.</span> <span class='ocrx_word' id='word_1_320' title='bbox 1419 1941 1511 1974; x_wconf 78' lang='lat' dir='ltr'>miss.</span> <span class='ocrx_word' id='word_1_321' title='bbox 1539 1941 1632 1974; x_wconf 71' lang='lat' dir='ltr'>indt-</span> 
     </span>
     <span class='ocr_line' id='line_1_36' title="bbox 158 1989 1631 2034; baseline -0.004 -8"><span class='ocrx_word' id='word_1_322' title='bbox 158 1993 228 2034; x_wconf 79' lang='lat' dir='ltr'>lig.</span> <span class='ocrx_word' id='word_1_323' title='bbox 261 1992 284 2025; x_wconf 85' lang='lat' dir='ltr'>i.</span> <span class='ocrx_word' id='word_1_324' title='bbox 313 2003 347 2026; x_wconf 75' lang='lat' dir='ltr'>e.</span> <span class='ocrx_word' id='word_1_325' title='bbox 373 1991 558 2023; x_wconf 81' lang='lat' dir='ltr'>incautam</span> <span class='ocrx_word' id='word_1_326' title='bbox 586 1989 627 2021; x_wconf 87' lang='lat' dir='ltr'>in</span> <span class='ocrx_word' id='word_1_327' title='bbox 651 1989 769 2021; x_wconf 81' lang='lat' dir='ltr'>literis</span> <span class='ocrx_word' id='word_1_328' title='bbox 795 1990 1000 2022; x_wconf 85' lang='lat' dir='ltr'>scribendis</span> <span class='ocrx_word' id='word_1_329' title='bbox 1024 1989 1321 2028; x_wconf 75' lang='lat' dir='ltr'>festinationem,</span> <span class='ocrx_word' id='word_1_330' title='bbox 1362 1990 1482 2022; x_wconf 88' lang='lat' dir='ltr'>Deine</span> <span class='ocrx_word' id='word_1_331' title='bbox 1512 1989 1631 2021; x_wconf 85' lang='lat' dir='ltr'>Unbe—</span> 
     </span>
     <span class='ocr_line' id='line_1_37' title="bbox 156 2036 1632 2082; baseline -0.004 -8"><span class='ocrx_word' id='word_1_332' title='bbox 156 2039 384 2074; x_wconf 79' lang='lat' dir='ltr'>hutsamkeit</span> <span class='ocrx_word' id='word_1_333' title='bbox 404 2037 445 2070; x_wconf 88' lang='lat' dir='ltr'>in</span> <span class='ocrx_word' id='word_1_334' title='bbox 473 2036 825 2070; x_wconf 78' lang='lat' dir='ltr'>Gescha‘ftsbriesen</span> <span class='ocrx_word' id='word_1_335' title='bbox 851 2038 926 2070; x_wconf 89' lang='lat' dir='ltr'>und</span> <span class='ocrx_word' id='word_1_336' title='bbox 953 2038 1187 2082; x_wconf 83' lang='lat' dir='ltr'>Rescripten.</span> <span class='ocrx_word' id='word_1_337' title='bbox 1214 2056 1256 2061; x_wconf 93' lang='lat'>—</span> <span class='ocrx_word' id='word_1_338' title='bbox 1284 2036 1550 2080; x_wconf 73' lang='lat' dir='ltr'>reprehensam,</span> <span class='ocrx_word' id='word_1_339' title='bbox 1577 2047 1632 2069; x_wconf 89' lang='lat' dir='ltr'>wo</span> 
     </span>
     <span class='ocr_line' id='line_1_38' title="bbox 156 2083 1633 2132; baseline -0.004 -10"><span class='ocrx_word' id='word_1_340' title='bbox 156 2100 243 2122; x_wconf 81' lang='lat' dir='ltr'>man</span> <span class='ocrx_word' id='word_1_341' title='bbox 278 2098 404 2132; x_wconf 82' lang='lat' dir='ltr'>wegen</span> <span class='ocrx_word' id='word_1_342' title='bbox 436 2084 530 2118; x_wconf 80' lang='lat' dir='ltr'>m&#39;lzz&#39;l</span> <span class='ocrx_word' id='word_1_343' title='bbox 561 2085 622 2118; x_wconf 81' lang='lat' dir='ltr'>das</span> <span class='ocrx_word' id='word_1_344' title='bbox 654 2092 775 2118; x_wconf 86' lang='lat' dir='ltr'>neutr.</span> <span class='ocrx_word' id='word_1_345' title='bbox 811 2085 1062 2129; x_wconf 65' lang='lat' dir='ltr'>reprehensum</span> <span class='ocrx_word' id='word_1_346' title='bbox 1097 2092 1304 2120; x_wconf 82' lang='lat' dir='ltr'>erwartete.</span> <span class='ocrx_word' id='word_1_347' title='bbox 1378 2086 1500 2118; x_wconf 86' lang='lat' dir='ltr'>Allein</span> <span class='ocrx_word' id='word_1_348' title='bbox 1540 2083 1633 2117; x_wconf 75' lang='lat' dir='ltr'>nihil</span> 
     </span>
     <span class='ocr_line' id='line_1_39' title="bbox 156 2132 1628 2178; baseline -0.005 -8"><span class='ocrx_word' id='word_1_349' title='bbox 156 2137 228 2170; x_wconf 80' lang='lat' dir='ltr'>nisi</span> <span class='ocrx_word' id='word_1_350' title='bbox 252 2137 301 2169; x_wconf 89' lang='lat' dir='ltr'>ist</span> <span class='ocrx_word' id='word_1_351' title='bbox 326 2149 375 2166; x_wconf 71' lang='lat' dir='ltr'><em>z</em></span> <span class='ocrx_word' id='word_1_352' title='bbox 401 2139 559 2175; x_wconf 83' lang='lat' dir='ltr'>tantum,</span> <span class='ocrx_word' id='word_1_353' title='bbox 586 2144 663 2166; x_wconf 84' lang='lat' dir='ltr'>nur.</span> <span class='ocrx_word' id='word_1_354' title='bbox 715 2132 841 2166; x_wconf 76' lang='lat' dir='ltr'>Daher</span> <span class='ocrx_word' id='word_1_355' title='bbox 867 2134 930 2165; x_wconf 80' lang='lat' dir='ltr'>das</span> <span class='ocrx_word' id='word_1_356' title='bbox 958 2134 1132 2178; x_wconf 78' lang='lat' dir='ltr'>Zeugma.</span> <span class='ocrx_word' id='word_1_357' title='bbox 1182 2136 1216 2168; x_wconf 85' lang='lat' dir='ltr'>S.</span> <span class='ocrx_word' id='word_1_358' title='bbox 1243 2135 1394 2168; x_wconf 84' lang='lat' dir='ltr'>Ramsh.</span> <span class='ocrx_word' id='word_1_359' title='bbox 1424 2136 1452 2178; x_wconf 83' lang='lat'>§.</span> <span class='ocrx_word' id='word_1_360' title='bbox 1478 2134 1536 2172; x_wconf 83' lang='lat'>96,</span> <span class='ocrx_word' id='word_1_361' title='bbox 1548 2134 1580 2167; x_wconf 82' lang='lat'>2.</span> <span class='ocrx_word' id='word_1_362' title='bbox 1596 2133 1628 2164; x_wconf 83' lang='lat' dir='ltr'>b.</span> 
     </span>
     <span class='ocr_line' id='line_1_40' title="bbox 157 2181 1630 2226; baseline -0.005 -8"><span class='ocrx_word' id='word_1_363' title='bbox 157 2185 307 2218; x_wconf 86' lang='lat' dir='ltr'>Grotef.</span> <span class='ocrx_word' id='word_1_364' title='bbox 342 2183 432 2223; x_wconf 78' lang='lat'>208,</span> <span class='ocrx_word' id='word_1_365' title='bbox 467 2184 500 2215; x_wconf 90' lang='lat'>1.</span> <span class='ocrx_word' id='word_1_366' title='bbox 534 2182 627 2214; x_wconf 76' lang='lat' dir='ltr'>uber</span> <span class='ocrx_word' id='word_1_367' title='bbox 660 2181 753 2214; x_wconf 73' lang='lat' dir='ltr'>m&#39;hz&#39;l</span> <span class='ocrx_word' id='word_1_368' title='bbox 787 2181 857 2214; x_wconf 80' lang='lat' dir='ltr'>nisi</span> <span class='ocrx_word' id='word_1_369' title='bbox 888 2181 1039 2215; x_wconf 80' lang='lat' dir='ltr'>Ramsh.</span> <span class='ocrx_word' id='word_1_370' title='bbox 1075 2184 1103 2225; x_wconf 61' lang='grc' dir='ltr'>ᾗ.</span> <span class='ocrx_word' id='word_1_371' title='bbox 1135 2184 1222 2226; x_wconf 87' lang='grc'><strong>190,</strong></span> <span class='ocrx_word' id='word_1_372' title='bbox 1263 2182 1371 2215; x_wconf 74' lang='lat' dir='ltr'>Anni.</span> <span class='ocrx_word' id='word_1_373' title='bbox 1401 2184 1437 2218; x_wconf 82' lang='lat'>7.</span> <span class='ocrx_word' id='word_1_374' title='bbox 1483 2181 1630 2214; x_wconf 80' lang='lat' dir='ltr'>Grotef.</span> 
     </span>
     <span class='ocr_line' id='line_1_41' title="bbox 155 2229 1630 2277; baseline -0.001 -14"><span class='ocrx_word' id='word_1_375' title='bbox 155 2234 190 2277; x_wconf 70' lang='lat'>§-</span> <span class='ocrx_word' id='word_1_376' title='bbox 216 2234 296 2267; x_wconf 82' lang='grc'><strong>386.</strong></span> <span class='ocrx_word' id='word_1_377' title='bbox 334 2229 408 2264; x_wconf 90' lang='lat' dir='ltr'>und</span> <span class='ocrx_word' id='word_1_378' title='bbox 444 2230 660 2274; x_wconf 81' lang='lat' dir='ltr'>vorziiglich</span> <span class='ocrx_word' id='word_1_379' title='bbox 689 2230 844 2263; x_wconf 77' lang='lat' dir='ltr'>Ramsh.</span> <span class='ocrx_word' id='word_1_380' title='bbox 880 2232 909 2274; x_wconf 64' lang='grc' dir='ltr'>ς’.</span> <span class='ocrx_word' id='word_1_381' title='bbox 938 2231 1017 2264; x_wconf 80' lang='lat'>206.</span> <span class='ocrx_word' id='word_1_382' title='bbox 1046 2230 1085 2262; x_wconf 93' lang='lat' dir='ltr'>C.</span> <span class='ocrx_word' id='word_1_383' title='bbox 1114 2231 1149 2271; x_wconf 83' lang='lat'>3,</span> <span class='ocrx_word' id='word_1_384' title='bbox 1177 2243 1210 2265; x_wconf 87' lang='lat' dir='ltr'>e.</span> <span class='ocrx_word' id='word_1_385' title='bbox 1238 2232 1270 2266; x_wconf 84' lang='lat'>2.</span> <span class='ocrx_word' id='word_1_386' title='bbox 1316 2230 1465 2263; x_wconf 83' lang='lat' dir='ltr'>Grotef.</span> <span class='ocrx_word' id='word_1_387' title='bbox 1494 2232 1522 2274; x_wconf 86' lang='lat'>§.</span> <span class='ocrx_word' id='word_1_388' title='bbox 1548 2229 1630 2263; x_wconf 78' lang='grc'><strong>487-</strong></span> 
     </span>
     <span class='ocr_line' id='line_1_42' title="bbox 154 2275 1631 2322; baseline -0.005 -7"><span class='ocrx_word' id='word_1_389' title='bbox 154 2282 247 2315; x_wconf 76' lang='lat' dir='ltr'>iiber</span> <span class='ocrx_word' id='word_1_390' title='bbox 274 2280 334 2313; x_wconf 86' lang='lat' dir='ltr'>die</span> <span class='ocrx_word' id='word_1_391' title='bbox 360 2277 549 2310; x_wconf 73' lang='lat' dir='ltr'>erwahnte</span> <span class='ocrx_word' id='word_1_392' title='bbox 573 2279 703 2322; x_wconf 69' lang='lat' dir='ltr'>Figur.</span> <span class='ocrx_word' id='word_1_393' title='bbox 753 2278 881 2321; x_wconf 78' lang='lat' dir='ltr'>Vergl.</span> <span class='ocrx_word' id='word_1_394' title='bbox 910 2278 1034 2310; x_wconf 84' lang='lat' dir='ltr'>Cicer.</span> <span class='ocrx_word' id='word_1_395' title='bbox 1063 2278 1107 2310; x_wconf 87' lang='lat' dir='ltr'>de</span> <span class='ocrx_word' id='word_1_396' title='bbox 1135 2279 1273 2311; x_wconf 83' lang='lat' dir='ltr'>Officc.</span> <span class='ocrx_word' id='word_1_397' title='bbox 1302 2278 1333 2319; x_wconf 86' lang='lat'>1,</span> <span class='ocrx_word' id='word_1_398' title='bbox 1362 2279 1419 2320; x_wconf 84' lang='lat'>23,</span> <span class='ocrx_word' id='word_1_399' title='bbox 1447 2279 1512 2312; x_wconf 84' lang='grc' dir='ltr'>8οι</span> <span class='ocrx_word' id='word_1_400' title='bbox 1547 2275 1631 2308; x_wconf 78' lang='lat' dir='ltr'>Bel-</span> 
     </span>
     <span class='ocr_line' id='line_1_43' title="bbox 154 2325 1628 2370; baseline -0.004 -8"><span class='ocrx_word' id='word_1_401' title='bbox 154 2330 232 2362; x_wconf 88' lang='lat' dir='ltr'>lum</span> <span class='ocrx_word' id='word_1_402' title='bbox 257 2328 310 2362; x_wconf 79' lang='lat' dir='ltr'>ita</span> <span class='ocrx_word' id='word_1_403' title='bbox 335 2326 573 2370; x_wconf 68' lang='lat' dir='ltr'>suscipiatur,</span> <span class='ocrx_word' id='word_1_404' title='bbox 601 2333 639 2358; x_wconf 86' lang='lat' dir='ltr'>ut</span> <span class='ocrx_word' id='word_1_405' title='bbox 668 2325 761 2359; x_wconf 70' lang='lat' dir='ltr'>nihil</span> <span class='ocrx_word' id='word_1_406' title='bbox 786 2326 888 2358; x_wconf 76' lang='lat' dir='ltr'>aliud</span> <span class='ocrx_word' id='word_1_407' title='bbox 911 2325 983 2358; x_wconf 68' lang='lat' dir='ltr'>nisi</span> <span class='ocrx_word' id='word_1_408' title='bbox 1009 2338 1077 2370; x_wconf 83' lang='lat' dir='ltr'>pax</span> <span class='ocrx_word' id='word_1_409' title='bbox 1104 2329 1266 2369; x_wconf 74' lang='lat' dir='ltr'>quaesita</span> <span class='ocrx_word' id='word_1_410' title='bbox 1290 2337 1366 2359; x_wconf 84' lang='lat' dir='ltr'>esse</span> <span class='ocrx_word' id='word_1_411' title='bbox 1391 2326 1571 2358; x_wconf 83' lang='lat' dir='ltr'>videatur.</span> <span class='ocrx_word' id='word_1_412' title='bbox 1589 2342 1628 2346; x_wconf 84' lang='grc'><strong>-</strong></span> 
     </span>
     <span class='ocr_line' id='line_1_44' title="bbox 154 2372 1630 2420; baseline -0.004 -11"><span class='ocrx_word' id='word_1_413' title='bbox 154 2381 308 2417; x_wconf 82' lang='lat' dir='ltr'>natura,</span> <span class='ocrx_word' id='word_1_414' title='bbox 333 2376 634 2419; x_wconf 79' lang='lat' dir='ltr'>Temperament.</span> <span class='ocrx_word' id='word_1_415' title='bbox 662 2392 703 2398; x_wconf 96' lang='lat'>—-</span> <span class='ocrx_word' id='word_1_416' title='bbox 757 2374 904 2408; x_wconf 79' lang='lat' dir='ltr'>dulcedo</span> <span class='ocrx_word' id='word_1_417' title='bbox 930 2398 942 2410; x_wconf 65' lang='grc'><strong>.</strong></span> <span class='ocrx_word' id='word_1_418' title='bbox 970 2400 977 2406; x_wconf 91' lang='grc'><strong>.</strong></span> <span class='ocrx_word' id='word_1_419' title='bbox 1006 2403 1013 2410; x_wconf 78' lang='grc'><em>,</em></span> <span class='ocrx_word' id='word_1_420' title='bbox 1033 2375 1286 2418; x_wconf 79' lang='lat' dir='ltr'>facetiaeque,</span> <span class='ocrx_word' id='word_1_421' title='bbox 1325 2374 1384 2406; x_wconf 86' lang='lat' dir='ltr'>die</span> <span class='ocrx_word' id='word_1_422' title='bbox 1409 2372 1630 2420; x_wconf 79' lang='lat' dir='ltr'>Siissigkeit,</span> 
     </span>
     <span class='ocr_line' id='line_1_45' title="bbox 155 2420 1631 2466; baseline -0.005 -8"><span class='ocrx_word' id='word_1_423' title='bbox 155 2425 228 2458; x_wconf 85' lang='lat' dir='ltr'>den</span> <span class='ocrx_word' id='word_1_424' title='bbox 254 2423 438 2458; x_wconf 87' lang='lat' dir='ltr'>Iachzorn</span> <span class='ocrx_word' id='word_1_425' title='bbox 464 2423 692 2456; x_wconf 85' lang='lat' dir='ltr'>auszulassen</span> <span class='ocrx_word' id='word_1_426' title='bbox 729 2422 817 2455; x_wconf 88' lang='lat' dir='ltr'>oder</span> <span class='ocrx_word' id='word_1_427' title='bbox 850 2422 949 2455; x_wconf 75' lang='lat' dir='ltr'>stark</span> <span class='ocrx_word' id='word_1_428' title='bbox 975 2423 1167 2466; x_wconf 81' lang='lat' dir='ltr'>gesalzene</span> <span class='ocrx_word' id='word_1_429' title='bbox 1193 2422 1407 2456; x_wconf 79' lang='lat' dir='ltr'>Ausdriicke</span> <span class='ocrx_word' id='word_1_430' title='bbox 1433 2433 1467 2455; x_wconf 89' lang='lat' dir='ltr'>u.</span> <span class='ocrx_word' id='word_1_431' title='bbox 1494 2420 1631 2453; x_wconf 82' lang='lat' dir='ltr'>Scherz</span> 
     </span>
     <span class='ocr_line' id='line_1_46' title="bbox 154 2469 1631 2515; baseline -0.004 -9"><span class='ocrx_word' id='word_1_432' title='bbox 154 2473 421 2515; x_wconf 80' lang='lat' dir='ltr'>anzubringen.</span> <span class='ocrx_word' id='word_1_433' title='bbox 474 2470 527 2503; x_wconf 85' lang='lat' dir='ltr'>sal</span> <span class='ocrx_word' id='word_1_434' title='bbox 564 2471 662 2504; x_wconf 84' lang='lat' dir='ltr'>steht</span> <span class='ocrx_word' id='word_1_435' title='bbox 696 2470 914 2515; x_wconf 80' lang='lat' dir='ltr'>tropisch</span> <span class='ocrx_word' id='word_1_436' title='bbox 945 2470 1056 2503; x_wconf 86' lang='lat' dir='ltr'>nicht</span> <span class='ocrx_word' id='word_1_437' title='bbox 1081 2471 1200 2504; x_wconf 80' lang='lat' dir='ltr'>seiten</span> <span class='ocrx_word' id='word_1_438' title='bbox 1227 2472 1265 2504; x_wconf 89' lang='lat' dir='ltr'>in</span> <span class='ocrx_word' id='word_1_439' title='bbox 1292 2470 1534 2513; x_wconf 83' lang='lat' dir='ltr'>Verbindnng</span> <span class='ocrx_word' id='word_1_440' title='bbox 1561 2469 1631 2501; x_wconf 86' lang='lat' dir='ltr'>mit</span> 
     </span>
     <span class='ocr_line' id='line_1_47' title="bbox 155 2517 1629 2563; baseline -0.005 -9"><span class='ocrx_word' id='word_1_441' title='bbox 155 2522 317 2554; x_wconf 78' lang='lat' dir='ltr'>facetiae</span> <span class='ocrx_word' id='word_1_442' title='bbox 344 2521 397 2553; x_wconf 80' lang='lat' dir='ltr'>als</span> <span class='ocrx_word' id='word_1_443' title='bbox 423 2518 684 2563; x_wconf 85' lang='lat' dir='ltr'>Bezeichnung</span> <span class='ocrx_word' id='word_1_444' title='bbox 711 2519 770 2551; x_wconf 82' lang='lat' dir='ltr'>des</span> <span class='ocrx_word' id='word_1_445' title='bbox 797 2519 920 2551; x_wconf 84' lang='lat' dir='ltr'>seinen</span> <span class='ocrx_word' id='word_1_446' title='bbox 948 2519 1090 2553; x_wconf 78' lang='lat' dir='ltr'>VVitzes</span> <span class='ocrx_word' id='word_1_447' title='bbox 1118 2532 1147 2553; x_wconf 90' lang='lat' dir='ltr'>z.</span> <span class='ocrx_word' id='word_1_448' title='bbox 1172 2520 1215 2555; x_wconf 70' lang='lat' dir='ltr'>B.</span> <span class='ocrx_word' id='word_1_449' title='bbox 1245 2519 1380 2552; x_wconf 82' lang='lat' dir='ltr'>Officc.</span> <span class='ocrx_word' id='word_1_450' title='bbox 1408 2519 1438 2559; x_wconf 94' lang='lat'>1,</span> <span class='ocrx_word' id='word_1_451' title='bbox 1464 2519 1526 2552; x_wconf 79' lang='lat'>37:</span> <span class='ocrx_word' id='word_1_452' title='bbox 1553 2517 1629 2548; x_wconf 74' lang='lat' dir='ltr'>sele</span> 
     </span>
     <span class='ocr_line' id='line_1_48' title="bbox 156 2564 1629 2611; baseline -0.005 -9"><span class='ocrx_word' id='word_1_453' title='bbox 156 2576 193 2602; x_wconf 85' lang='lat' dir='ltr'>et</span> <span class='ocrx_word' id='word_1_454' title='bbox 219 2568 369 2602; x_wconf 81' lang='lat' dir='ltr'>facetiis</span> <span class='ocrx_word' id='word_1_455' title='bbox 399 2568 535 2602; x_wconf 71' lang='lat' dir='ltr'>caesar</span> <span class='ocrx_word' id='word_1_456' title='bbox 563 2568 651 2599; x_wconf 81' lang='lat' dir='ltr'>vicit</span> <span class='ocrx_word' id='word_1_457' title='bbox 678 2578 818 2600; x_wconf 85' lang='lat' dir='ltr'>omncs.</span> <span class='ocrx_word' id='word_1_458' title='bbox 870 2567 954 2611; x_wconf 74' lang='lat' dir='ltr'>Vgl.</span> <span class='ocrx_word' id='word_1_459' title='bbox 989 2567 1033 2600; x_wconf 92' lang='lat' dir='ltr'>de</span> <span class='ocrx_word' id='word_1_460' title='bbox 1057 2567 1144 2601; x_wconf 73' lang='lat' dir='ltr'>Nat.</span> <span class='ocrx_word' id='word_1_461' title='bbox 1172 2569 1288 2600; x_wconf 80' lang='lat' dir='ltr'>Deor.</span> <span class='ocrx_word' id='word_1_462' title='bbox 1323 2566 1373 2606; x_wconf 89' lang='lat'>11,</span> <span class='ocrx_word' id='word_1_463' title='bbox 1400 2566 1464 2600; x_wconf 85' lang='lat'>29:</span> <span class='ocrx_word' id='word_1_464' title='bbox 1516 2564 1629 2597; x_wconf 79' lang='lat' dir='ltr'>salem</span> 
     </span>
     <span class='ocr_line' id='line_1_49' title="bbox 157 2613 1626 2652; baseline -0.005 -2"><span class='ocrx_word' id='word_1_465' title='bbox 157 2618 268 2650; x_wconf 82' lang='lat' dir='ltr'>istum</span> <span class='ocrx_word' id='word_1_466' title='bbox 293 2617 329 2649; x_wconf 91' lang='lat' dir='ltr'>in</span> <span class='ocrx_word' id='word_1_467' title='bbox 356 2615 555 2648; x_wconf 86' lang='lat' dir='ltr'>irridendis</span> <span class='ocrx_word' id='word_1_468' title='bbox 588 2615 697 2647; x_wconf 81' lang='lat' dir='ltr'>nobis</span> <span class='ocrx_word' id='word_1_469' title='bbox 730 2615 846 2647; x_wconf 82' lang='lat' dir='ltr'>nolite</span> <span class='ocrx_word' id='word_1_470' title='bbox 874 2626 1107 2649; x_wconf 79' lang='lat' dir='ltr'>consumere.</span> <span class='ocrx_word' id='word_1_471' title='bbox 1137 2616 1181 2648; x_wconf 74' lang='lat' dir='ltr'>ad</span> <span class='ocrx_word' id='word_1_472' title='bbox 1206 2616 1292 2648; x_wconf 91' lang='lat' dir='ltr'>Div.</span> <span class='ocrx_word' id='word_1_473' title='bbox 1323 2615 1384 2652; x_wconf 85' lang='lat' dir='ltr'>lX,</span> <span class='ocrx_word' id='word_1_474' title='bbox 1415 2614 1475 2647; x_wconf 82' lang='lat'>15:</span> <span class='ocrx_word' id='word_1_475' title='bbox 1519 2613 1626 2645; x_wconf 79' lang='lat' dir='ltr'>urba-</span> 
     </span>
     <span class='ocr_line' id='line_1_50' title="bbox 156 2661 1626 2707; baseline -0.005 -10"><span class='ocrx_word' id='word_1_476' title='bbox 156 2666 196 2698; x_wconf 87' lang='lat' dir='ltr'>ni</span> <span class='ocrx_word' id='word_1_477' title='bbox 223 2665 326 2698; x_wconf 81' lang='lat' dir='ltr'>sales.</span> <span class='ocrx_word' id='word_1_478' title='bbox 359 2665 487 2697; x_wconf 84' lang='lat' dir='ltr'>Horat.</span> <span class='ocrx_word' id='word_1_479' title='bbox 515 2664 582 2707; x_wconf 88' lang='lat' dir='ltr'>Ep.</span> <span class='ocrx_word' id='word_1_480' title='bbox 612 2663 662 2704; x_wconf 88' lang='lat' dir='ltr'>ll,</span> <span class='ocrx_word' id='word_1_481' title='bbox 691 2665 726 2701; x_wconf 91' lang='lat'>2,</span> <span class='ocrx_word' id='word_1_482' title='bbox 753 2664 815 2697; x_wconf 78' lang='lat'>(302</span> <span class='ocrx_word' id='word_1_483' title='bbox 867 2664 940 2695; x_wconf 80' lang='lat' dir='ltr'>sale</span> <span class='ocrx_word' id='word_1_484' title='bbox 973 2664 1080 2707; x_wconf 78' lang='lat' dir='ltr'>nigro</span> <span class='ocrx_word' id='word_1_485' title='bbox 1114 2663 1305 2697; x_wconf 83' lang='lat' dir='ltr'>delectari.</span> <span class='ocrx_word' id='word_1_486' title='bbox 1357 2681 1396 2687; x_wconf 93' lang='lat'>—</span> <span class='ocrx_word' id='word_1_487' title='bbox 1450 2661 1626 2693; x_wconf 67' lang='lat' dir='ltr'>valuisset.</span> 
     </span>
     <span class='ocr_line' id='line_1_51' title="bbox 156 2710 1625 2750; baseline -0.005 -3"><span class='ocrx_word' id='word_1_488' title='bbox 156 2714 217 2747; x_wconf 68' lang='lat' dir='ltr'>Sic</span> <span class='ocrx_word' id='word_1_489' title='bbox 243 2714 334 2749; x_wconf 82' lang='lat' dir='ltr'>Ern.</span> <span class='ocrx_word' id='word_1_490' title='bbox 362 2712 459 2745; x_wconf 84' lang='lat' dir='ltr'>coni.</span> <span class='ocrx_word' id='word_1_491' title='bbox 487 2711 635 2746; x_wconf 81' lang='lat' dir='ltr'>Sch&#39;utz.</span> <span class='ocrx_word' id='word_1_492' title='bbox 665 2712 857 2745; x_wconf 53' lang='lat' dir='ltr'>valuissent</span> <span class='ocrx_word' id='word_1_493' title='bbox 885 2713 982 2750; x_wconf 75' lang='lat' dir='ltr'>Cett.</span> <span class='ocrx_word' id='word_1_494' title='bbox 1011 2711 1152 2746; x_wconf 83' lang='lat' dir='ltr'>Pendet</span> <span class='ocrx_word' id='word_1_495' title='bbox 1179 2723 1220 2745; x_wconf 84' lang='lat' dir='ltr'>ex</span> <span class='ocrx_word' id='word_1_496' title='bbox 1247 2710 1448 2744; x_wconf 75' lang='lat' dir='ltr'>auctoritas</span> <span class='ocrx_word' id='word_1_497' title='bbox 1475 2716 1562 2742; x_wconf 80' lang='lat' dir='ltr'>mea.</span> <span class='ocrx_word' id='word_1_498' title='bbox 1586 2725 1625 2730; x_wconf 46' lang='grc' dir='ltr'>ψ-</span> 
     </span>
    </p>
   </div>
   <div class='ocr_carea' id='block_1_7' title="bbox 1711 0 1742 3006">
    <p class='ocr_par' dir='ltr' id='par_1_8' title="bbox 1711 0 1742 3006">
     <span class='ocr_line' id='line_1_52' title="bbox 1711 0 1742 3006; baseline 0 0"><span class='ocrx_word' id='word_1_499' title='bbox 1711 0 1742 3006; x_wconf 95' lang='lat' dir='ltr'> </span> 
     </span>
    </p>
   </div>
  </div>
 </body>
</html>
