1742 3006
155 61 217 109 78
450 62 512 104 Μ.
544 62 599 105 Τ.
632 59 974 105 CICERONIS
1006 63 1380 123 EPISTgoLAE.

154 176 245 218 sita
275 180 346 219 est
375 176 656 216 humanitate
696 173 809 214 mihi
852 188 953 229 spes
994 174 1128 216 huius
1158 177 1378 219 levandae
1407 177 1656 222 molestiae.

154 232 298 287 Nam,
349 233 388 273 si
430 233 497 272 ita
526 231 740 271 statueris
771 235 816 270 et.
846 232 1096 271 irritabiles
1127 233 1302 274 animos
1332 246 1429 274 esse
1461 235 1656 288 optimo-

155 303 252 330 rum
283 301 418 343 saepe
448 287 682 328 hominum
712 291 757 327 et
787 287 967 327 eosdem
998 288 1270 341 placabiles,
1322 294 1367 329 et
1408 302 1505 330 esse
1536 290 1655 332 hanc

151 347 426 400 agilitatem,
455 346 506 384 ut
534 343 602 384 ita
631 342 794 393 dicam,
825 343 1156 397 mollitiamque
1181 350 1367 385 naturae
1390 345 1653 400 plerumque

152 402 373 442 bonitatis
404 403 464 452 et,
493 399 543 439 id
571 399 690 453 quod
721 403 855 452 caput
885 402 967 450 est,
997 400 1125 439 nobis
1155 401 1276 440 inter
1306 414 1385 441 nos
1408 406 1562 442 nostra
1591 402 1652 442 si-

150 470 206 498 ve
247 456 537 498 incommoda
575 456 671 496 sive
708 456 824 495 vitia
864 456 960 495 sive
1001 455 1190 496 iniurias
1230 469 1327 496 esse
1368 457 1652 505 tolerandas;

150 512 295 554 facile
325 513 466 565 haec,
506 510 879 567 quemadmodum
909 524 1065 564 spero,
1105 512 1442 566 mitigabuntur.
1504 512 1654 566 Quod,

150 580 252 622 ego»,
281 573 331 611 ut
359 568 519 617 facias,
549 572 594 608 te
626 580 719 608 oro.
789 565 904 607 Nam
935 567 992 607 ad
1021 579 1113 617 me,
1144 570 1221 621 qui
1252 574 1296 609 te
1328 569 1457 608 unice
1489 568 1651 622 diligo,

149 627 352 667 maxime
390 625 588 679 pertinet
623 623 845 663 neminem
876 635 972 664 esse
1002 635 1227 672 meorum,
1274 624 1351 677 qui
1382 630 1459 664 aut
1488 629 1532 665 te
1563 638 1652 665 non

150 686 274 723 amet
312 686 391 723 aut
430 681 508 721 abs
546 684 591 720 te
629 692 718 720 non
759 683 945 718 ametur.
1014 678 1106 718 Illa
1145 691 1247 731 pars
1286 680 1506 732 epistolae
1547 684 1651 721 tuae

149 740 339 780 minime
381 736 470 777 fuit
508 736 789 787 necessaria,
829 735 875 774 in
906 747 995 789 qua
1023 735 1239 787 exponis,
1270 748 1377 787 quas
1407 734 1650 776 facultates

149 799 232 837 aut
271 792 619 848 provincialium
659 796 737 832 aut
774 791 1042 831 urbanorum
1085 790 1420 830 commodorum
1459 795 1505 831 et
1541 792 1648 832 aliis

149 851 432 906 temporibus
484 852 531 890 et
580 860 661 903 me
699 847 821 900 ipso'
847 847 1032 887 consule
1071 847 1442 900 praetermiseris.
1527 846 1651 887 Mihi

150 909 274 949 enim
314 909 553 961 perspecta
593 907 662 944 est
701 903 941 957 integritas
983 907 1028 942 et
1067 902 1332 955 magnitudo
1372 901 1514 943 animi
1556 904 1647 945 tui;

149 972 297 1018 neque
327 976 410 1016 ego
441 963 559 1002 inter
587 973 658 1000 me
687 963 820 1013 atque
851 963 895 999 te
925 958 1169 1012 quidquam
1211 959 1427 999 interesse
1457 971 1649 1012 unquam

150 1020 267 1061 duxi
289 1023 472 1073 praeter
491 1016 770 1058 voluntatem
793 1015 1029 1055 institutae
1055 1015 1198 1054 vitae:
1231 1013 1349 1068 quod
1368 1028 1436 1054 me
1459 1015 1646 1055 ambitio
1676 1062 1681 1063 ⁷

149 1075 373 1131 quaedam
393 1074 450 1115 ad
470 1072 693 1119 honorum
712 1070 922 1121 studium,
952 1074 996 1110 te
1020 1073 1166 1110 autem
1182 1070 1274 1110 alia
1290 1071 1473 1110 minime
1497 1083 1646 1124 repre-

148 1131 393 1174 hendenda
423 1129 542 1170 ratio
574 1127 632 1169 ad
663 1125 901 1167 honestum
931 1126 1072 1166 otium
1104 1125 1249 1166 duxit.
1311 1125 1435 1167 Vera
1463 1126 1646 1180 quidem

146 1189 285 1230 laude
316 1184 581 1241 probitatis,
611 1183 890 1236 diligentiae,
922 1182 1160 1234 religionis
1192 1195 1331 1234 neque
1356 1196 1425 1222 me
1456 1182 1539 1222 tibi
1569 1196 1645 1222 ne-

145 1258 235 1300 que
268 1255 536 1298 quemquam
566 1244 811 1292 antepono:
863 1239 1030 1278 amoris
1061 1250 1169 1277 vero
1201 1250 1308 1290 erga
1336 1251 1421 1290 me,
1453 1251 1588 1291 quum
1617 1251 1646 1279 a

145 1303 353 1342 fraterno
384 1310 537 1339 amore
566 1295 902 1347 domesticoque
934 1293 1140 1343 discessi,
1172 1294 1254 1332 tibi
1287 1294 1453 1346 primas
1471 1292 1641 1335 defero.

144 1419 273 1454 „quae
311 1408 348 1440 in
383 1405 428 1438 iis
463 1400 582 1436 literis
617 1405 720 1432 tauta
748 1409 855 1431 causa
881 1397 990 1439 insit,
1025 1409 1094 1430 cur
1120 1405 1159 1430 tu
1187 1398 1241 1431 illi
1268 1404 1463 1443 tantopere
1487 1409 1644 1431 succen—

144 1457 270 1492 seas.“
324 1454 388 1488 Sic
425 1452 528 1486 Man.
554 1448 686 1483 Lamb.
715 1448 798 1480 Bos.
828 1447 966 1479 Graev.
1006 1447 1090 1478 Ern.
1127 1450 1160 1477 et
1188 1447 1273 1489 quid,
1297 1451 1428 1479 lantum
1457 1447 1493 1479 111
1521 1457 1644 1490 marg.

147 1507 254 1540 crat.
291 1506 374 1537 Asc.
428 1502 527 1533 Crat.
567 1497 664 1529 Vict.
703 1498 734 1530 1.
778 1497 813 1532 2.
889 1494 1015 1537 ecquid
1059 1495 1197 1527 tandem
1232 1505 1263 1531 c,
1317 1495 1361 1526 de
1406 1496 1498 1530 Ern.
1542 1501 1643 1539 susp,

143 1554 307 1589 Schiitz.
335 1550 427 1586 min.
482 1544 677 1581 ORELLI.
706 1561 752 1567 —-
795 1544 916 1575 levare
940 1543 1163 1582 molestiam,
1191 1542 1275 1574 eine
1303 1542 1549 1576 Beschwerde
1576 1544 1644 1576 he-

144 1603 235 1636 ben,
264 1620 302 1626 -
337 1603 370 1633 et
397 1597 532 1631 eosdem
559 1607 608 1624 z
634 1591 830 1632 ebenfalls,
857 1591 966 1623 auch.
1017 1589 1052 1623 S.
1083 1592 1233 1623 Ramsh.
1260 1594 1291 1633 δ.
1315 1592 1393 1631 158,
1411 1593 1443 1632 2,
1465 1592 1502 1625 h.
1542 1592 1640 1637 Gro-

142 1651 214 1684 tef,
245 1652 273 1694 ᾗ,
300 1649 381 1684 290,
411 1663 452 1669 --
482 1641 669 1681 bonitatis,
698 1640 756 1672 ein
784 1639 923 1672 Beweis
951 1649 1018 1670 von
1047 1639 1171 1670 61116111
1197 1644 1308 1681 guten
1336 1641 1500 1672 Herzen.
1534 1640 1642 1673 Uber

143 1695 414 1731 dieuenGenit.
440 1702 580 1738 posses.
611 1689 671 1721 bei
697 1698 771 1720 esse
797 1699 822 1719 s.
843 1687 992 1719 Grotef.
1021 1686 1052 1730 §
1065 1687 1145 1722 236.
1175 1687 1258 1724 Zus.
1280 1705 1323 1711 —
1350 1692 1471 1731 caput,
1497 1689 1641 1734 Haupt-

143 1746 275 1782 sacihe,
303 1764 347 1769 -
375 1752 455 1782 ονο,
482 1740 566 1774 Asc.
595 1738 699 1772 Crat.
727 1736 863 1771 Lamb.
891 1745 1003 1777 rogo,

194 1796 196 1799 ’
245 1796 278 1828 5.
322 1791 502 1836 ιΐαετιίίαὶ.
531 1812 538 1819 .
566 1811 573 1818 .
602 1785 767 1818 cmmnocl.
825 1782 1126 1828 Gelegenheiten
1160 1784 1200 1816 111
1234 1783 1303 1816 den
1331 1783 1530 1817 Provinzen
1565 1785 1640 1818 und

140 1845 178 1877 in
205 1843 309 1877 :Rom
333 1835 608 1873 vortlieilhafte
635 1832 841 1866 Geschiifte
867 1844 913 1865 zu
938 1830 1110 1865 machen.
1139 1851 1181 1855 —
1207 1842 1259 1865 me
1282 1834 1362 1875 ipso
1387 1842 1482 1865 cons.
1534 1833 1636 1866 Illud

139 1893 227 1936 ips«)
255 1888 414 1936 augendi
441 1887 518 1919 111111
545 1883 686 1923 habet,
725 1891 785 1914 1116
811 1881 890 1925 ipso
919 1880 1096 1918 consule,
1132 1891 1203 1925 quo
1229 1886 1398 1924 tempore
1425 1881 1542 1914 etiam
1570 1893 1638 1925 per

139 1952 204 1975 me
232 1936 402 1972 adiuvari
428 1932 612 1979 potuisses
640 1941 682 1962 ac
710 1929 912 1962 debuisses.
939 1928 1150 1962 ERNEST.
1211 1926 1291 1972 Vgl.
1319 1929 1471 1962 Ramsh.
1501 1929 1534 1972 ὃ.
1555 1931 1634 1969 158,

139 1991 174 2030 2,
199 1987 242 2021 «d.
273 2006 315 2011 -
343 1983 555 2026 integritas,
604 1979 666 2012 Sic
693 1977 796 2011 Med.
823 1978 942 2011 Oxon.
968 1978 1002 2012 2.
1055 1976 1147 2009 Cod.
1173 1976 1346 2009 Anibi-os.
1373 1977 1465 2010 Edd.
1496 1978 1579 2010 Asc.
1605 1979 1637 2012 2.

140 2038 249 2071 Crat.
277 2035 376 2067 Vict.
408 2035 437 2065 1.
464 2032 497 2066 2.
538 2029 642 2062 Man.
679 2027 808 2059 Lamb.
835 2025 1051 2069 Significat:
1085 2024 1253 2058 Atticum
1285 2025 1448 2058 liberum
1487 2036 1564 2058 esse
1589 2026 1635 2059 ab

140 2084 266 2119 omnis
291 2079 465 2116 utilitatis
490 2077 614 2111 minus
640 2076 817 2108 honestae
844 2074 982 2108 studio.
1016 2074 1226 2115 ingenuitas
1250 2074 1387 2117 NIargo
1399 2073 1498 2107 Med.
1514 2074 1632 2110 Oxon,

137 2135 172 2167 J.
227 2131 320 2167 Cdd.
347 2129 508 2172 NIalasp.
529 2127 612 2159 Asc.
636 2127 666 2159 l.
695 2125 780 2158 Bos.
809 2134 888 2168 sqq.
918 2123 991 2156 013.
1041 2122 1173 2154 Cicero
1193 2121 1320 2154 deutet
1346 2133 1407 2163 an,
1436 2122 1518 2154 dass
1534 2121 1637 2154 nach⁴

136 2179 268 2214 sei-ner
294 2172 566 2220 Uberzeugnng
590 2173 736 2206 Attikus
761 2172 866 2204 nicht
892 2182 954 2203 aus
979 2169 1226 2203 unsittliehen
1254 2170 1455 2212 Griinden,
1490 2181 1552 2204 um
1579 2176 1634 2203 et-

136 2241 197 2262 wa
231 2239 275 2262 zu
316 2229 436 2262 Hause
477 2225 563 2257 dem
599 2220 771 2256 Wucher
806 2219 880 2252 und
914 2219 978 2252 der
1005 2217 1282 2251 Gewinnsucht
1308 2231 1355 2251 zu
1381 2219 1512 2261 leben,
1564 2219 1636 2251 wie

136 2277 300 2323 Quintus
327 2275 410 2309 sich
436 2274 544 2307 hatte
570 2269 750 2303 einreden
777 2268 919 2309 lassen,
957 2266 1038 2299 ihm
1065 2267 1123 2298 die
1150 2267 1371 2311 Begleitung
1397 2267 1498 2300 nach
1523 2265 1635 2300 Asien

134 2324 414 2370 abgeschlagen
439 2321 556 2363 habe3
602 2318 681 2351 dass
716 2316 900 2349 vielinelir
925 2315 1028 2349 seine
1057 2314 1387 2359 Grossherzigkeit
1411 2315 1473 2349 die
1500 2315 1633 2359 Quelle

135 2374 259 2407 seim„-
284 2367 684 2414 Zuruckgezogenheit
718 2376 786 2397 von
821 2365 918 2398 allen
944 2363 1286 2406 Staatsgeschaften
1312 2363 1378 2396 sei.
1425 2363 1557 2407 Vergl.
1586 2375 1632 2396 zu

133 2422 255 2468 Epist·
289 2423 319 2456 1·
356 2421 410 2454 im
433 2418 517 2452 Αηξ,
571 2434 611 2440 -
664 2414 779 2459 quidq.
808 2413 993 2453 interesse,
1020 2411 1100 2444 dass
1125 2411 1259 2456 irgend
1287 2411 1346 2443 6111
1371 2410 1632 2445 Unterschied

135 2472 205 2507 sei.
232 2489 277 2496 -
319 2472 468 2515 praeter
491 2465 561 2499 vol.
588 2465 669 2497 inst.
697 2462 812 2501 vitae,
853 2461 906 2493 als
941 2460 1001 2492 die
1027 2459 1123 2492 freie
1151 2459 1262 2493 Wahl
1288 2469 1438 2492 unseres
1463 2460 1631 2494 Lebens-

133 2520 256 2564 pians.
286 2537 330 2543 --
355 2516 516 2558 ambitio,
542 2512 669 2554 Trieb‚
696 2508 1041 2554 emporznstreben.
1079 2525 1122 2532 —-
1165 2506 1329 2547 honores,
1356 2506 1630 2541 Ehrenstellen.

136 2586 181 2593 .-.
207 2568 326 2608 ratio,
354 2566 555 2600 Sinnesart.
598 2581 640 2587 —-
695 2559 792 2592 Vera
820 2580 829 2589 .
859 2582 867 2590 .
895 2556 1000 2589 lande
1020 2556 1156 2599 probz'l.
1184 2566 1240 2598 e.‚
1267 2557 1306 2588 in
1332 2556 1451 2598 Dem,
1481 2556 1630 2590 worauf

135 2615 355 2650 das‘wahre
380 2614 462 2648 Lol)
491 2612 591 2646 eines
616 2606 824 2643 Menschen
852 2605 1016 2645 beruht,
1053 2604 1218 2637 ntimlich
1246 2604 1286 2636 in
1313 2604 1629 2640 Rechtschaffen-

134 2665 219 2702 licit
245 2676 280 2700 11.
306 2675 335 2696 S.
364 2663 392 2696 f.
421 2683 463 2689 --
506 2668 627 2693 umore
653 2656 763 2699 vulgo
792 2653 966 2694 additur,
994 2652 1078 2692 sed,
1113 2664 1228 2697 quum
1254 2652 1316 2685 hic
1344 2653 1483 2701 frigeat
1509 2659 1546 2686 et
1571 2654 1628 2687 fa-

136 2714 210 2747 cile
221 2724 263 2746 ex
275 2709 584 2745 antecedentibus
601 2705 845 2748 intelligatur,
858 2701 1036 2736 Ernestio
1055 2712 1207 2735 suasore
1222 2701 1387 2745 expunxi.
1405 2694 1625 2736 SCHUTZ.

132 2763 255 2796 Recte
281 2759 449 2794 defendit
475 2756 623 2791 Bentiv.
676 2751 874 2788 ORELLI.
925 2768 971 2775 —
1022 2759 1123 2792 quum
1148 2777 1158 2789 ,
1185 2773 1194 2783 ,
1223 2774 1229 2780 .
1257 2748 1421 2792 discessi,
1449 2749 1629 2784 zunichst
