1742 3006
5 2943 9 3006 l

529 98 847 142 EPISTOLA
875 98 1055 143 XVIII.
1485 97 1546 146 49

51 211 196 267 magis
241 225 373 267 quam
412 210 590 252 facetiis
633 211 878 259 ridiculus,
918 209 1035 251 nihil
1079 223 1213 266 agens
1243 224 1344 252 cum
1385 224 1432 252 re
1463 224 1542 266 pu-

50 270 195 321 blica,
236 270 460 309 seiunctus
500 268 554 308 ab
585 268 893 320 optiinatibu8‚
924 279 950 306 a
979 280 1065 321 quo
1095 267 1213 308 nihil
1246 280 1398 321 speres
1438 267 1541 307 boni

50 325 119 365 rei
161 325 395 379 publicae,
445 324 551 378 quia
588 337 674 363 non
714 324 835 372 vult3
885 321 1002 362 nihil
1044 329 1214 365 metuas
1254 323 1388 374 mali,
1436 324 1543 376 quia

50 393 141 421 non
171 379 318 420 audet.
378 379 492 419 Eius
534 383 683 420 autem
714 379 893 431 collega
931 382 976 418 et
1006 376 1051 417 in
1082 392 1151 418 me
1181 377 1541 433 perhonorificus

51 441 98 477 et
136 436 330 489 partium
375 434 603 475 studiosus
645 448 699 475 ac
728 433 940 475 defensor
976 434 1202 476 bonarum.
1263 434 1383 483 Quin
1426 447 1541 474 nunc

52 492 218 532 leviter
257 491 380 531 inter
417 504 463 531 se
495 490 732 530 dissident.
808 489 897 532 Sed
937 502 1122 542 vereor,
1168 504 1221 530 ne
1259 488 1372 541 hoc,
1419 490 1538 543 quod

54 545 272 588 infectum
310 550 403 596 est,
443 551 595 600 serpat
634 547 823 600 longius.
911 544 1061 586 Credo
1102 546 1220 586 enim
1261 550 1306 585 te
1345 546 1542 598 audisse,

51 616 184 656 quum
213 601 331 656 apud
362 600 602 642 Caesarem
631 616 712 656 pro
742 601 909 656 populo
939 599 1097 652 fieret,
1136 601 1313 642 venisse
1355 615 1408 641 eo
1446 616 1541 642 mu·

51 658 186 698 liebri
236 657 404 698 vestitu
441 659 618 706 virum3
681 658 814 712 idque
855 656 1127 698 sacrificium
1167 671 1301 711 quum
1338 657 1539 710 virgines

48 714 401 763 instaurassent‚
441 714 714 754 mentionem
753 727 779 754 a
809 713 864 763 Q.
897 712 1146 754 Cornificio
1187 714 1231 753 in
1263 717 1418 754 senatu
1450 712 1542 753 sac-

51 773 170 810 tam:
210 793 262 800 —
294 769 331 810 is
373 768 460 810 fuit
491 770 726 824 princeps3
765 782 819 809 ne
861 773 909 808 tu
948 768 1066 809 sorte
1107 768 1303 823 aliquem
1341 768 1543 809 nostrfim

53 828 208 879 putes3
248 846 302 854 -
331 829 487 878 postea
517 839 611 865 rem
652 839 710 865 ex
741 829 921 865 senatus
963 824 1167 865 consulto
1209 824 1264 864 ad
1304 824 1544 877 pontifices

53 881 243 921 relatam
273 880 410 934 idque
441 881 494 921 ab
525 882 582 921 iis
613 880 740 921 nefas
770 894 865 921 esse
897 880 1151 921 decretum:
1193 879 1356 933 deinde
1387 893 1446 920 ex
1476 894 1544 921 se-

53 940 182 977 natus
223 936 428 977 consulto
469 937 675 977 consules
718 938 999 991 rogationem
1039 936 1369 990 promulgasse3
1409 937 1544 976 uxori

55 992 294 1033 Caesarem
327 992 532 1032 nuntium
572 993 813 1033 remisisse.
884 992 938 1032 In
978 991 1066 1032 hac
1109 1004 1243 1033 causa
1282 989 1393 1031 Piso
1435 992 1545 1031 ami-

54 1048 173 1088 citia
201 1047 254 1088 P.
287 1047 442 1088 Clodii
472 1048 634 1089 ductus
665 1062 845 1102 operam
876 1048 983 1100 dat,
1014 1051 1064 1088 ut
1095 1061 1147 1088 ea
1178 1047 1382 1100 rogatio,
1413 1061 1545 1101 quam

58 1104 153 1158 ipse
183 1102 274 1144 fert
302 1107 349 1145 et
377 1102 468 1145 fert
498 1117 556 1146 ex
586 1109 766 1146 senatus
797 1104 1003 1145 consulto
1033 1108 1078 1144 et
1107 1103 1163 1145 de
1193 1103 1440 1157 religione,
1471 1116 1545 1144 an-

54 1260 319 1305 depravatione
345 1259 396 1293 im
415 1259 462 1292 ΙΙ.
479 1259 519 1292 Β.
547 1258 592 1292 de
612 1259 715 1293 Orat.
740 1261 769 1303 ξ.
797 1260 894 1302 252.)
907 1259 959 1293 als
987 1259 1105 1293 durch
1133 1259 1194 1292 die
1211 1258 1397 1292 Schneide
1418 1259 1545 1292 feinen

57 1309 132 1341 und
159 1309 364 1352 gesalligen
398 1307 538 1340 Witzes
565 1319 608 1340 zu
636 1308 788 1340 Lachen
818 1306 986 1341 maclit.“
1042 1310 1134 1342 Man
1170 1309 1328 1342 beachte
1355 1308 1418 1340 das
1445 1308 1546 1352 Spiel

58 1357 240 1389 zwiscben
258 1356 368 1398 sarie
394 1355 467 1387 und
494 1355 661 1388 Faceliis.
720 1356 787 1389 Bei
814 1357 1012 1389 Letzteren
1046 1357 1142 1403 liegt
1180 1357 1246 1389 der
1272 1357 1374 1388 Witz
1407 1355 1443 1388 in
1481 1356 1546 1388 der

56 1404 174 1437 Saclie
200 1405 253 1444 (in
282 1405 354 1446 re);
389 1403 450 1435 bei
485 1402 551 1435 der
581 1403 761 1436 dicacitas
797 1404 849 1436 im
883 1406 1016 1437 lVorte
1050 1405 1101 1445 (in
1137 1403 1268 1445 dicto.)
1318 1402 1352 1437 S.
1387 1403 1544 1449 Quintil.

59 1453 132 1490 Vl,
166 1453 208 1490 3,
242 1453 298 1486 21.
342 1450 385 1483 ad
415 1451 534 1484 Cicer.
571 1452 671 1485 Orat.
708 1453 766 1493 ΙΙ,
802 1454 864 1486 60:
904 1453 1182 1485 Demosthenes
1216 1464 1291 1485 uon
1325 1457 1404 1485 tam
1438 1452 1545 1485 dicax

59 1501 135 1534 suit
162 1512 270 1545 quam
299 1500 453 1532 facetus.
510 1501 578 1532 Est
611 1506 738 1532 autem
771 1500 862 1532 illud
896 1500 1050 1534 acrioris
1089 1501 1250 1545 ingenii,
1283 1500 1356 1533 hoc
1393 1500 1546 1533 maioris

60 1548 160 1581 artis.
189 1549 233 1580 de
273 1554 367 1580 orat.
395 1548 441 1588 Π,
469 1549 527 1585 60,
564 1547 646 1581 244.
684 1549 750 1585 62,
787 1549 867 1582 252.
906 1568 950 1573 —
978 1547 1073 1581 nihil
1101 1559 1163 1590 ag.
1200 1560 1230 1582 c.
1259 1559 1297 1581 re
1319 1548 1441 1592 φαῦλ,
1482 1549 1548 1581 der

59 1596 141 1629 sich
167 1597 237 1629 mit
259 1596 341 1628 dem
368 1594 481 1628 wohl
509 1594 571 1627 des
597 1596 716 1628 staats
740 1595 876 1629 Nichts
904 1609 951 1630 zu
977 1596 1144 1629 sehaffen
1169 1597 1312 1637 macht,
1339 1608 1412 1630 non
1440 1597 1545 1641 cogi-

57 1651 138 1676 tans
165 1644 255 1690 quid
281 1655 300 1676 e
327 1643 525 1688 republica
551 1644 610 1677 sit.
639 1661 683 1667 —-
713 1644 804 1677 Quin
830 1654 940 1687 nunc,
975 1645 1011 1677 ia
1037 1645 1155 1677 sehon
1183 1646 1283 1678 ietzt.
1332 1645 1394 1677 Sic
1425 1646 1542 1678 Codd.

60 1693 185 1737 Regii.
214 1693 294 1726 Bos.
321 1699 394 1725 cet.
422 1692 506 1736 quin
533 1691 641 1724 immo
658 1691 746 1724 Cod.
764 1693 907 1725 Medic.
940 1699 1027 1726 cett.
1045 1694 1243 1732 —clissixl.,
1278 1693 1431 1737 uncinig
1458 1694 1544 1726 sein.

155 1743 187 1776 3.
213 1740 283 1774 Sed
307 1746 426 1772 tamen
453 1751 594 1781 vereor,
621 1750 662 1772 ne
687 1739 756 1782 ivs.
784 1741 808 1773 l.
834 1751 952 1784 serp„
985 1747 1075 1776 statt
1107 1751 1153 1775 ne
1189 1742 1365 1785 contagio
1398 1742 1548 1786 longius

62 1796 187 1835 serpat
213 1789 235 1821 i.
264 1800 296 1824 e.
326 1799 370 1820 ne
399 1788 546 1821 macula
582 1800 601 1820 a
643 1788 773 1821 Clodio
800 1790 1030 1835 reipublicae
1067 1801 1214 1835 aspersa
1241 1790 1385 1833 longius
1413 1798 1547 1834 serpat,

63 1837 229 1883 quamvis
263 1837 426 1872 Messala
469 1836 600 1869 consul
634 1843 722 1879 agat
760 1845 907 1876 severe;
948 1839 1190 1871 metuendum
1225 1839 1345 1880 enim,
1388 1849 1432 1871 ne
1464 1839 1548 1871 Piso

63 1887 228 1930 collegae
262 1896 365 1918 suam
399 1885 524 1917 tabem
552 1884 722 1925 affricet3
758 1897 829 1918 was
867 1897 907 1919 er
939 1886 1040 1920 noch
1075 1886 1215 1920 einmal
1247 1898 1287 1919 so
1321 1887 1547 1920 ausdriickt:

62 1937 223 1973 Vereor,
260 1945 305 1966 ne
331 1933 424 1965 haec
530 1944 747 1977 magnorum
773 1933 1007 1979 reipublicae
1031 1935 1216 1969 malorum
1243 1946 1350 1968 causa
1377 1935 1465 1969 sint.
1514 1936 1547 1969 S.

63 1994 121 2028 ep.
155 1983 258 2024 XIX,
291 1983 325 2016 6.
392 1991 558 2024 serpere.
601 1988 700 2026 trop.
744 1982 822 2017 sich
864 1984 1100 2017 unvermerkt
1149 1984 1278 2016 weiter
1322 1983 1547 2023 verbi-eiten,

63 2030 162 2063 wird
195 2041 268 2062 von
302 2028 575 2072 Krankheiten,
616 2028 788 2063 seuchen
819 2032 896 2064 und
931 2032 1123 2077 sonstigen
1157 2025 1301 2071 melu,
1336 2031 1432 2065 auch
1466 2043 1551 2066 vom

64 2079 261 2112 Geri'ichte
301 2084 437 2122 gesagt.
479 2095 524 2102 ·—
563 2082 597 2110 te
630 2078 785 2112 audisse.
846 2080 982 2114 Cicero
1022 2080 1088 2113 hat
1120 2079 1310 2113 entweder
1342 2091 1551 2125 vergessen,

64 2127 148 2160 dass
167 2138 207 2159 er
232 2126 310 2158 ihm
333 2127 402 2158 den
419 2125 568 2158 Handel
586 2126 657 2158 mit
674 2127 825 2160 Clodius
841 2128 956 2162 sehon
983 2129 1226 2172 geschrieben
1245 2128 1309 2160 hat
1336 2131 1379 2169 (s.
1407 2140 1467 2174 ep.
1496 2131 1548 2164 16.

65 2177 98 2220 §-
124 2175 191 2215 3.)‚
225 2174 313 2207 oder
338 2185 378 2206 er
404 2174 508 2206 stent
534 2173 617 2206 sich
645 2186 695 2208 so.
723 2195 767 2200 —
794 2176 918 2219 idque,
957 2178 1098 2211 Muret.
1131 2176 1363 2210 vermuthete
1388 2176 1551 2220 ideoque,

67 2241 110 2248 —
137 2223 312 2263 instaur„
338 2222 481 2254 wieder
508 2233 799 2266 vorgenommen
828 2225 969 2264 hatten.
995 2226 1104 2258 niiml.
1131 2237 1191 2258 am
1208 2225 1408 2268 folgenden
1425 2227 1549 2270 'I'age;

66 2271 165 2304 denn
190 2271 250 2304 die
277 2270 522 2304 Ceremonien
549 2282 670 2304 waren
697 2275 849 2317 gestort.
876 2291 920 2298 -
942 2274 1123 2317 princeps,
1151 2274 1216 2306 der
1241 2274 1372 2315 Eme,
1401 2273 1466 2306 det
1491 2274 1553 2305 die

65 2318 186 2353 sache
212 2330 275 2352 zur
299 2317 466 2364 Sprache
498 2319 666 2352 brachte.
725 2320 859 2356 Cicero
893 2322 1022 2355 macht
1054 2322 1187 2355 liiemit
1221 2322 1283 2354 die
1315 2322 1452 2354 bittere
1484 2324 1553 2356 Be-

66 2367 250 2411 merkung
277 2368 342 2399 auf
368 2368 439 2399 den
466 2368 597 2410 Senat,
633 2368 714 2402 dass
749 2370 886 2402 Keiner
919 2369 986 2402 der
1019 2371 1271 2403 vornehmern
1303 2370 1376 2402 und
1410 2369 1552 2402 iilteren

68 2414 272 2448 senatorem
305 2415 425 2459 langst
461 2415 695 2460 ausgetreten
731 2418 804 2457 sei,
841 2418 912 2451 den
945 2429 985 2451 so
1010 2419 1292 2451 schcusslichen
1326 2417 1471 2451 vorfall
1505 2429 1553 2451 zu

71 2464 282 2496 erwshnen.
310 2480 352 2488 —
380 2461 559 2502 nostrftm,
595 2465 864 2501 consularium.
892 2484 933 2491 -—
960 2471 1081 2509 pules,
1112 2466 1320 2511 principem
1354 2466 1482 2498 fuisse.
1510 2484 1553 2490 —-

69 2512 196 2553 nesae,
225 2511 284 2543 ein
313 2511 496 2545 schweres
523 2512 763 2546 Verbrechen
791 2525 910 2559 gegen
937 2514 996 2547 die
1021 2515 1207 2558 Religion.
1235 2531 1279 2539 α-
1313 2518 1435 2556 rogat.
1466 2524 1556 2557 pro-

70 2558 206 2600 mulg.,
234 2559 399 2592 bekannt
423 2559 605 2604 gemacht
630 2561 779 2605 hatten,
812 2563 873 2595 die
898 2563 1016 2596 Sache
1052 2564 1159 2596 sollte
1184 2573 1253 2595 vor
1279 2561 1342 2594 das
1370 2562 1459 2595 volk
1488 2573 1555 2605 ge.-

70 2606 210 2640 bracht
244 2608 400 2640 werden.
434 2626 479 2634 --
506 2613 603 2642 tamt.
636 2610 777 2650 remis„
806 2611 876 2644 den
912 2610 1180 2644 Scheidebrief
1213 2609 1416 2656 ‘zugesandt
1448 2611 1552 2644 habe.

71 2653 184 2687 Scine
219 2655 448 2688 Gemahlinn
478 2656 575 2690 hiess
602 2658 792 2702 Pompeia.
828 2676 872 2683 -—-
896 2660 1002 2701 sert,
1034 2660 1259 2701 vorschliigt.
1294 2675 1338 2683 -—
1373 2662 1406 2690 et
1440 2672 1488 2690 z
1520 2665 1556 2690 et

71 2702 222 2746 quidem
248 2703 291 2736 de
314 2703 378 2737 rel.
405 2704 482 2737 und
509 2716 609 2738 zwar
634 2707 717 2738 eine
744 2707 862 2740 sache
889 2707 1121 2750 betreffend,
1149 2706 1268 2739 wobei
1295 2706 1356 2738 die
1383 2707 1557 2751 Religion

71 2749 372 2797 beffihrdetnist.
447 2751 634 2786 Dennoch
674 2754 791 2787 sti-ich
837 2755 967 2787 Lamb.
1008 2755 1101 2789 diess
1135 2759 1167 2787 et
1199 2753 1295 2787 nach
1338 2754 1409 2786 den
1443 2755 1559 2790 Codd.

70 2798 229 2844 Malasp.
281 2799 387 2834 Uber
413 2798 456 2831 de
488 2813 536 2832 z
562 2801 747 2840 abseiten‚
787 2813 816 2835 s.
852 2802 1005 2835 Ramsh.
1041 2806 1071 2847 ξ).
1110 2804 1188 2838 150.
1216 2803 1311 2836 iiber
1337 2806 1372 2835 et
1406 2802 1434 2845 §-
1485 2804 1560 2837 179.

141 2878 200 2904 cae..
227 2877 331 2904 ιιι-ΜΘ
351 2887 381 2903 v.
401 2877 525 2905 ninas.
563 2880 585 2903 ι.
1059 2859 1084 2897 4
