1742 3006
601 78 919 124 EPISTOLA
963 78 1055 122 CL.
1475 81 1571 129 515

33 176 39 246 ζ
76 189 243 231 iturum
272 194 317 232 te
344 191 391 232 in
423 190 576 232 Asiam
605 204 707 234 esse
734 194 891 247 putas,
934 191 991 232 ad
1032 203 1145 246 quae
1187 194 1384 246 tempora
1412 195 1457 234 te
1487 208 1568 235 ex-

31 253 37 330 l3>
75 251 355 359 ξξῖἓῐῗὲιέἑὲ
371 245 532 354 ]Γειοί33
572 260 643 289 me
673 247 912 290 certiorem
950 246 1088 289 velim
1126 251 1171 288 et
1209 247 1266 289 de
1304 248 1569 305 Eutychide

322 492 644 537 EPISTOLA
686 493 781 536 CL.
841 494 917 547 (ad
947 494 1056 538 Div.
1087 495 1198 537 VII.
1230 495 1315 542 17.)

229 567 311 603 Ser.
338 569 478 609 Romae
504 579 633 603 mense
658 569 825 605 Octobri.
854 571 898 606 A.
927 571 971 605 U.
999 570 1040 606 C.
1069 572 1150 608 700.
1177 574 1225 616 (a.
1255 569 1295 604 C.
1321 571 1399 613 54.)

27 670 29 688 Σ
72 634 266 689 Trebatio,
292 635 393 680 quod
419 635 524 670 urbis
548 635 779 671 desiderium
804 637 1036 683 deposuerit,
1073 637 1292 687 gratulatur
1325 644 1375 681 et,
1401 644 1444 672 ut
1476 638 1566 672 Cae-

27 719 31 732 ,
71 695 167 718 saris
192 694 285 731 erga
310 695 349 719 se
375 684 581 720 amicitiam
607 685 834 769 οοηιῆιζὲἐὲιῒᾶ.
848 693 992 772 ωιοηεὲ
1027 699 1142 732 quam
1163 687 1197 721 ei
1223 688 1458 721 fructuosam
1483 688 1566 721 fore

627 744 676 779 po
714 747 725 766 1
836 759 844 766 .
917 754 955 760 —
995 760 1005 770 .

519 798 701 834 CICERO
728 799 978 836 TREBATIO
1004 799 1050 838 S..
1069 802 1112 836 D.

183 867 259 909 Ex
288 866 376 908 tuis
405 865 548 909 literis
577 871 623 908 et
651 867 821 917 Quinto
851 867 987 909 fratri
1024 868 1193 924 gratias
1232 868 1308 923 egi
1336 872 1381 909 et
1408 872 1453 910 te
1484 868 1564 909 ali-

72 924 254 979 quando
284 922 544 964 collaudare
570 928 767 987 possum,
799 923 918 979 quod
950 923 1040 965 iam
1069 922 1242 966 videris
1272 928 1398 965 certa
1417 923 1566 979 aliqua

21 992 25 1034 3
72 980 118 1020 in
148 979 371 1022 sententia
401 978 667 1021 constitlsse.
724 978 840 1020 Nam
878 979 1126 1035 primorum
1166 979 1381 1020 mensium
1419 976 1564 1021 literis

21 1038 24 1091 ζ
71 1032 161 1078 tuis
197 1034 490 1079 vehementer
527 1035 864 1086 commovebar,
915 1036 1036 1090 quod
1076 1035 1194 1076 mihi
1241 1035 1469 1076 interdum
1510 1056 1564 1061 -

20 1094 25 1135 ἒ
71 1097 182 1148 pace
219 1096 297 1133 tua
333 1089 531 1135 dixerim
559 1115 614 1121 —-
655 1090 771 1132 levis
810 1090 857 1131 in
897 1091 1021 1132 urbis
1059 1090 1415 1146 urbanitatisque
1444 1090 1564 1132 desi-

19 1153 24 1177 ·’
71 1147 228 1198 derio,
257 1147 483 1189 interdum
512 1146 666 1202 piger,
707 1146 932 1188 interdum
961 1146 1147 1188 timidus
1185 1147 1234 1187 in
1263 1148 1413 1188 labore
1442 1145 1563 1200 mili-

18 1211 23 1241 ε
71 1201 174 1255 tari,
204 1216 338 1260 saepe
367 1207 511 1244 autem
540 1202 688 1246 etiam,
719 1203 842 1258 quod
874 1216 899 1243 a
928 1207 973 1243 te
1001 1202 1324 1244 alienissimum
1346 1206 1429 1253 est,
1458 1204 1562 1257 sub-

18 1254 22 1266 ⁷
70 1259 302 1316 impudens
331 1259 557 1302 videbare.
627 1258 874 1314 Tamquam
907 1258 1026 1300 enim
1055 1258 1361 1313 syngrapham
1391 1258 1448 1298 ad
1477 1254 1561 1299 im-

18 1362 21 1368 ,
70 1320 346 1371 peratorem‚
389 1329 478 1356 non
509 1313 742 1370 epistolam
771 1314 1013 1365 attulisses,
1052 1315 1137 1366 sic,
1177 1314 1370 1370 pecunia
1398 1314 1559 1365 ablata,

15 1376 21 1430 21
71 1373 251 1414 domum
281 1371 430 1413 redire
459 1372 753 1427 properabas:
798 1385 880 1412 nec
917 1370 1003 1413 tibi
1042 1370 1090 1412 in
1135 1374 1325 1412 mentem
1353 1370 1563 1412 veniebat

16 1469 19 1475 ,
70 1442 146 1470 eos
175 1427 324 1482 ipsos,
365 1426 444 1482 qui
484 1441 586 1468 cum
623 1426 901 1482 syngraphis
939 1426 1167 1469 venissent
1209 1426 1560 1475 Alexandream,

14 1478 19 1507 ³
70 1497 292 1525 nummum
332 1483 481 1525 adhuc
519 1483 686 1524 nullum
725 1483 902 1524 auferre
941 1482 1153 1538 potuisse.
1226 1482 1343 1537 Ego,
1391 1481 1431 1524 si
1472 1480 1561 1524 mei

12 1649 17 1694 ξ
68 1647 142 1680 den
168 1643 233 1679 ich
257 1644 421 1679 freilich
447 1644 558 1679 nicht
584 1642 722 1678 kenne.
751 1662 793 1668 —
832 1645 883 1678 ad
907 1655 997 1688 quae
1024 1649 1127 1688 temp.
1155 1651 1225 1679 cet.
1276 1645 1431 1680 Attikus
1458 1657 1561 1679 muss

68 1695 141 1729 den
177 1693 298 1735 Brief,
336 1704 449 1728 wozu
482 1692 578 1727 diess
612 1693 821 1740 Fragment
853 1692 1006 1740 gehort,
1043 1692 1219 1728 erhalten
1250 1693 1328 1727 und
1358 1695 1397 1726 in
1435 1694 1562 1728 seiner

13 1779 15 1784 A
70 1743 249 1777 Antwort
274 1741 335 1775 die
363 1742 450 1775 Zeit
477 1740 604 1776 seiner
625 1740 839 1775 Riickkehr
865 1741 1061 1776 bestimmt
1086 1741 1228 1785 haben3
1265 1743 1365 1776 denn
1389 1740 1454 1774 lim
1481 1744 1561 1777 142.

69 1791 98 1834 §.
127 1792 150 1827 2
183 1789 352 1824 schreibt
389 1790 544 1824 Cicero:
585 1789 741 1835 „recipe
775 1796 812 1823 te
844 1790 890 1823 ad
926 1800 1006 1829 nos,
1041 1790 1091 1823 ad
1126 1790 1223 1834 qnod
1251 1786 1388 1833 tempus
1422 1790 1562 1823 confir-

11 1834 14 1845 ’
69 1838 219 1873 masti.“

165 1885 427 1920 TREBATIO.
479 1884 518 1920 S.
545 1896 604 1931 ep.
633 1885 812 1919 CXLVII.
1378 1905 1380 1908 -

166 1937 199 1970 1.
252 1935 312 1968 Ex
345 1935 419 1967 tuis
451 1934 585 1975 literis,
619 1933 717 1967 nach
747 1933 945 1981 Empsang
980 1932 1119 1968 Deines
1156 1933 1302 1967 letzten
1337 1933 1472 1969 Briefs.
1516 1951 1563 1959 -

9 1991 12 2003 ¹
68 1983 220 2026 gratias
246 1982 307 2025 egi
332 1989 398 2017 tuo
424 1983 590 2016 nomine..
631 2000 673 2007 --
723 1982 898 2023 collaud.‚
924 1993 988 2015 aus
1015 1981 1160 2015 vollem
1188 1981 1490 2015 Herzen-loben.
1520 2002 1561 2009 -

8 2035 11 2068 ξ
69 2035 170 2064 certa
203 2030 253 2063 al.
288 2030 325 2063 in
350 2034 438 2063 sent.
467 2034 594 2071 const„
631 2030 753 2072 „weil
780 2031 839 2064 Du
875 2029 1031 2062 endlich
1064 2041 1112 2064 zu
1145 2029 1271 2063 einem
1305 2031 1428 2064 Fe‘sten
1464 2029 1559 2063 Ent-

69 2078 241 2113 schlusse
266 2077 438 2112 scheinst
464 2077 692 2126 gekornmen
718 2090 765 2111 zu
791 2078 913 2111 seir.“
956 2077 1012 2110 Er
1035 2077 1180 2110 konnte
1204 2077 1377 2111 n'a'mli‘ch
1402 2079 1561 2125 anfangs

8 2160 9 2163 ,
67 2127 150 2162 sich
176 2126 240 2160 des
266 2125 489 2160 Heimwehs
514 2125 625 2161 nicht
650 2125 865 2160 erwehren.
903 2141 946 2148 ——
994 2135 1085 2168 pace
1109 2129 1182 2167 tua,
1209 2126 1281 2159 mit
1311 2126 1453 2165 Deiner
1487 2126 1561 2159 Er-

69 2175 248 2209 laubniss.
283 2193 329 2199 —
363 2174 557 2208 urbanitas
593 2176 751 2208 umfasst
777 2173 865 2207 hier
898 2173 958 2206 die
993 2173 1216 2207 Geniisse
1249 2173 1336 2206 der
1368 2174 1558 2220 Haupt-

5 2219 8 2235 ³
70 2222 197 2258 stadt
231 2222 271 2255 in
305 2222 488 2256 Hinsicht
522 2222 584 2256 des
620 2223 818 2270 Umgangs
846 2234 881 2255 u.
908 2234 934 2254 s.
963 2217 1012 2254 ιγ’.
1075 2219 1115 2256 S.
1145 2233 1206 2267 ep·
1238 2220 1412 2265 CXXXV,
1442 2225 1471 2256 1.
1514 2240 1558 2247 -

5 2294 7 2315 ἱ
70 2273 196 2316 Tamq.
225 2270 319 2304 enim
345 2277 417 2304 etc.
468 2271 577 2304 Denn
603 2271 662 2305 Du
688 2271 831 2304 thatest
864 2268 974 2303 nicht
1005 2269 1153 2311 andex-s,
1187 2269 1240 2303 als
1267 2270 1310 2303 ob
1337 2265 1560 2304 Diranstatt

4 2336 7 2366 3
68 2320 171 2354 eines
198 2317 705 2366 Empsehlungsschreibens
732 2318 1039 2363 (epe-xxxin.)
1063 2317 1146 2351 eine
1172 2316 1472 2366 Anweisung
1497 2319 1563 2350 auf

4 2370 7 2405 ἶ
69 2369 144 2403 den
171 2367 384 2414 Imperator
410 2367 523 2400 Cas-ar·
548 2366 807 2415 hingebracht
843 2365 919 2399 und
946 2371 1024 2398 nun
1049 2364 1190 2399 Nichts
1215 2367 1354 2400 weiter
1388 2378 1436 2399 zu
1462 2364 1560 2398 thun

4 2421 6 2453 ζ
69 2416 221 2458 h'dttest,
248 2416 302 2449 als
329 2415 391 2448 die
413 2414 706 2449 Schuldsumme
730 2426 806 2449 von
832 2414 915 2447 ihm
943 2413 1206 2448 einzutreihen
1233 2414 1309 2446 und
1327 2414 1447 2446 damit
1466 2415 1559 2448 wie-

4 2472 5 2503 }
69 2465 137 2498 der
161 2463 260 2498 nach
286 2463 381 2498 Rom
409 2475 455 2496 zu
482 2475 638 2498 rennen.
666 2482 712 2488 —
745 2475 812 2497 nec
837 2462 904 2496 tibi
926 2461 964 2495 in
988 2473 1034 2494 m.
1062 2473 1154 2504 ven„
1182 2462 1285 2504 „und
1311 2463 1369 2496 Du
1395 2460 1561 2495 bedanh-

2 2511 5 2543 ὲ
69 2519 142 2547 test
168 2510 290 2555 nicht,
325 2511 405 2544 dass
433 2521 546 2560 sog-ar
570 2512 629 2545 die
656 2511 964 2546 Ehrenm‘ainnor.
1000 2509 1060 2542 dffie
1091 2510 1163 2543 mit
1189 2510 1473 2556 Anweisungen
1500 2509 1564 2542 aus

70 2559 279 2594 Ptolemaus
305 2559 471 2600 Auletes,
497 2559 613 2593 'ihren
638 2559 877 2594 wir-klichen
905 2557 1132 2598 Schuldner‚
1173 2557 1271 2590 nach
1298 2557 1561 2591 Alexandr-ion

1 2608 3 2621 ⁴*
69 2608 221 2650 lamen,
248 2606 304 2641 bis
331 2607 435 2641 diese
461 2606 605 2642 Stunde
631 2607 732 2643 noch
758 2608 899 2651 kei1153n
923 2603 1087 2653 Pfennig
1113 2604 1236 2639 haben
1263 2605 1437 2639 erhalten
1464 2604 1560 2639 kb'n-

2 2669 3 2675 ¹
70 2656 186 2689 nen.“
237 2655 321 2689 Von
346 2656 476 2689 diesen
502 2655 728 2690 creditoren
754 2656 818 2689 des
844 2653 1114 2703 Agyptischen
1141 2653 1284 2701 K'onigs
1322 2665 1403 2687 war
1435 2653 1476 2686 in
1502 2664 1558 2699 ep.

0 2710 3 2750 ξ
69 2703 172 2738 XCII
197 2703 248 2737 im
274 2702 361 2737 Anf.
389 2703 450 2738 die
476 2703 588 2738 Redo.
639 2703 728 2753 vgl.
754 2704 855 2738 Orat.
883 2713 955 2747 pro
978 2701 1105 2735 Rabir.
1133 2712 1167 2736 e.
1189 2702 1224 2736 3.

165 2753 198 2787 2.
227 2753 260 2783 si
288 2776 297 2784 .
329 2778 333 2782 .
364 2778 370 2783 .
402 2752 494 2794 dun,
521 2751 597 2785 sa'h’
624 2751 688 2785 ich
715 2752 813 2786 bloss
838 2752 906 2783 auf
927 2750 1077 2784 moinen
1104 2748 1293 2783 Vortheil.
1326 2768 1366 2774 —-
1404 2749 1558 2792 augend.

1063 2802 1159 2843 33*
