1742 3006
547 70 657 114 EPI
661 70 738 114 ST
740 70 865 114 OLA
904 73 1102 116 CXXV.
1483 76 1577 124 403

98 185 233 228 utilia
258 187 361 227 sunt
389 186 435 226 et
462 196 575 239 quae
604 184 686 225 ille
715 183 828 237 vult,
857 197 911 226 ea
939 184 1053 226 mihi
1082 186 1231 227 omnia
1258 186 1347 227 iam
1377 189 1422 228 et
1451 194 1574 230 recta

97 245 145 284 et
171 253 281 284 vera
307 239 557 282 videantur.
626 239 808 296 Neque,
849 243 900 280 ut
928 253 1010 294 ego
1040 242 1259 294 arbitror,
1288 247 1490 284 errarent
1517 258 1573 286 ne

97 296 350 340 adversarii
379 295 559 351 quidem
586 295 698 347 eius,
727 297 782 348 si,
811 309 946 349 quum
976 309 1105 350 pares
1134 310 1231 338 esse
1260 311 1348 341 non
1375 306 1572 354 possent,

96 365 297 408 pugnare
326 351 608 393 desisterent.
673 351 750 394 Me
779 351 960 406 quidem
990 352 1126 392 etiam
1156 353 1239 394 illa
1267 367 1339 395 res
1369 356 1570 398 consola-

96 414 186 462 tur,
214 407 335 462 quod
362 421 447 462 ego
476 408 516 447 is
545 419 667 459 sum,
697 407 771 447 cui
799 407 871 448 vel
900 408 1098 449 maxime
1128 409 1377 451 concedant
1405 425 1570 465 omnes,

94 467 148 505 ut
174 465 248 506 vel
277 476 330 504 ea
358 461 622 515 defendam,
672 476 786 517 quae
822 462 1067 518 Pompeius
1105 463 1242 516 velit,
1279 467 1351 506 vel
1383 469 1570 520 taceam,

94 519 169 561 vel
199 519 349 571 etiam,
378 518 427 559 id
449 518 570 572 quod
592 517 707 560 mihi
730 519 925 560 maxime
954 519 1091 571 lubet,
1121 519 1177 560 ad
1207 525 1360 562 nostra
1387 536 1457 564 me
1479 528 1570 564 stu-

95 575 173 616 dia
210 574 406 616 referam
446 575 702 616 literarum:
752 574 874 628 quod
901 574 1107 628 profecto
1136 574 1302 617 faciam
1322 608 1334 629 ,
1385 579 1425 618 si
1454 579 1569 620 mihi

126 643 175 671 er
224 629 426 671 eiusdem
473 630 720 672 amicitiam
760 630 929 672 licebit.
1014 631 1141 680 Quae
1181 632 1299 673 enim
1336 636 1570 687 proposita

116 690 273 727 uerant
301 687 452 738 nobis,
500 699 634 740 quum
662 692 708 727 et
737 685 981 728 honoribus
1010 687 1299 741 amplissimis
1329 693 1374 729 et
1403 690 1569 732 labori-

92 743 172 782 bus
211 742 422 783 maximis
462 741 688 796 perfuncti
726 755 948 793 essemus,
1004 742 1204 797 dignitas
1244 744 1290 783 in
1330 747 1568 787 sententiis

91 797 323 849 dicendis,
381 797 567 838 libertas
605 797 652 838 in
682 811 729 838 re
759 798 940 852 publica
969 798 1262 853 capessenda,
1314 812 1365 840 ea
1394 802 1569 843 sublata

91 856 216 901 tota3
246 853 328 894 sed
356 865 439 894 nec
466 852 582 893 mihi
610 854 770 907 magis,
800 866 933 907 quam
963 855 1179 895 omnibus.
1247 853 1364 896 Nam
1395 861 1469 897 aut
1497 870 1567 898 as-

92 908 374 949 sentiendum
414 911 483 949 est
522 908 649 948 nulla
677 921 777 949 cum
807 909 1030 962 gravitate
1069 910 1250 963 pauciS,
1293 914 1370 951 aut
1397 910 1568 954 frustra

92 964 458 1005 dissentiendum.
518 963 647 1004 Haec
676 977 760 1018 ego
789 963 848 1004 ad
877 968 921 1004 te
951 965 1008 1004 ob
1038 977 1135 1004 eam
1164 977 1342 1005 causam
1369 967 1567 1008 maxime

91 1021 258 1072 scribo,
287 1024 338 1061 ut
366 1020 455 1060 iam
485 1018 541 1060 de
571 1023 648 1061 tua
677 1032 850 1074 quoque
880 1020 1055 1060 ratione
1085 1019 1315 1061 meditere.
1357 1021 1567 1064 Commu-

90 1079 186 1117 tata
214 1079 311 1116 tota
340 1075 456 1116 ratio
485 1078 556 1115 est
585 1079 788 1127 Senatus,
827 1075 1125 1128 iudiciorum,
1157 1076 1222 1116 rei
1252 1076 1391 1117 totius
1420 1079 1566 1132 publi—

91 1144 186 1173 cae.
245 1130 403 1172 Otium
432 1131 560 1171 nobis
590 1130 895 1185 exoptandum
923 1134 1013 1172 est:
1053 1131 1174 1185 quod
1203 1131 1252 1183 ii,
1283 1133 1361 1186 qui
1389 1134 1565 1186 potiun-

88 1191 164 1228 tur
192 1198 356 1238 rerum,
385 1187 657 1240 praestaturi
685 1186 926 1239 videntur,
974 1187 1015 1227 si
1044 1187 1225 1240 quidam
1255 1186 1459 1229 homines
1487 1203 1565 1243 pa-

88 1243 272 1283 tientius
312 1255 465 1283 eorum
504 1242 752 1295 potentiam
792 1241 913 1283 serre
952 1242 1194 1297 potuerint.
1282 1243 1564 1297 Dignitatem

88 1297 271 1352 quidem
310 1298 439 1337 illam
478 1297 759 1337 consularem
800 1296 934 1338 sortis
976 1301 1021 1338 et
1051 1298 1297 1339 constantis
1328 1301 1565 1353 senatoris,

88 1352 208 1394 nihil
239 1356 308 1394 est
335 1351 457 1407 quod
486 1353 756 1405 cogitemus:
808 1353 973 1393 amissa
1001 1352 1132 1407 culpa
1162 1357 1231 1393 est
1259 1367 1437 1406 eorum,
1488 1357 1564 1410 qui

89 1421 116 1451 a
142 1412 295 1451 senatu
325 1412 370 1449 et
399 1406 603 1449 ordinem
632 1408 1046 1450 coniunctissimum
1076 1412 1122 1449 et
1150 1407 1377 1450 hominem
1406 1411 1564 1453 claris—

88 1525 150 1559 die
174 1524 429 1569 Hinneigung,
455 1524 628 1569 Neigung
653 1524 859 1562 desselben.
892 1545 930 1550 —
957 1529 1060 1559 ‘recta
1086 1530 1118 1558 et
1145 1536 1230 1559 cera
1256 1527 1324 1561 vid.
1352 1528 1400 1563 So
1416 1531 1564 1575 spricht

88 1585 150 1606 aus
174 1572 461 1618 Weltklugheit
487 1573 620 1606 Cicero
646 1585 733 1607 zum
758 1574 954 1611 Lentulus,
982 1592 1024 1599 —
1057 1575 1180 1616 Neque
1205 1575 1276 1607 mit
1296 1577 1393 1621 folg.
1418 1589 1461 1611 ne
1488 1580 1566 1623 qui-

85 1621 165 1655 dem
188 1620 282 1654 hebt
307 1620 367 1653 die
390 1621 582 1664 Negation
606 1621 716 1654 nicht
742 1623 819 1663 auf,
847 1622 1010 1655 sondern
1037 1622 1096 1655 die
1111 1623 1301 1666 Negation
1329 1625 1392 1658 des
1419 1626 1562 1661 letzten

85 1668 248 1714 Begriffs
281 1669 465 1702 varstan-kt
499 1668 594 1702 nach
626 1669 780 1703 Grieeh.
815 1670 912 1704 Sitte
943 1670 1005 1703 die
1031 1676 1183 1704 erstere.
1235 1669 1282 1704 So
1310 1673 1355 1705 de
1378 1675 1503 1711 Amic.
1530 1687 1562 1709 e.

88 1719 147 1753 27.
175 1716 370 1760 Nunquam
395 1716 613 1762 Scipionem
640 1727 682 1750 ne
706 1718 862 1751 minima
888 1719 1026 1761 quidem
1052 1730 1093 1752 re
1121 1719 1274 1753 offendi.
1308 1722 1559 1765 Vg1.Ramsh.

87 1767 116 1809 ᾗ.
153 1765 241 1809 173,ω
266 1766 302 1806 3,
327 1765 415 1799 Not.
464 1765 511 1799 So
546 1762 612 1798 οὐκ
644 1764 794 1809 ἐποίησε
829 1765 933 1800 τοῦτο
968 1763 1130 1809 οὐδαμοῦ
1164 1763 1297 1806 οὐδεὶς.
1333 1765 1376 1802 οὗ
1409 1767 1561 1805 δύναται

88 1809 162 1846 οὔτ’
198 1810 238 1845 εὖ
270 1811 388 1858 λέγειν
424 1809 496 1846 οὔτ’
532 1805 571 1846 εὖ
598 1814 717 1846 ποιεῖν
742 1812 824 1854 τοὺς
849 1815 986 1858 φίλους.
1040 1816 1134 1849 Plat.
1167 1815 1292 1849 Parm.
1327 1824 1421 1851 extr.
1449 1816 1560 1854 τᾶλλα

86 1858 154 1893 τῶν
186 1858 236 1904 μὴ
261 1857 374 1894 ὄντων
405 1858 528 1895 οὐδενὶ
576 1857 719 1907 οὐδαμῇ
752 1859 918 1906 οὐδαμῶς
950 1860 1122 1907 οὐδεμίαν
1157 1866 1346 1898 κοινωνίαν
1380 1863 1463 1909 ἔχει.
1523 1867 1559 1901 S.

85 1909 294 1942 Butmanns
334 1909 401 1942 Gr.
429 1910 496 1943 Gr.
524 1912 554 1953 §-
586 1910 668 1945 135.
695 1921 781 1943 von
810 1911 891 1943 den
921 1912 1484 1956 Verneinungswo'rtern.
1513 1934 1558 1940 —

84 1960 243 2000 possent.
275 1958 502 2005 Mart.·Lag.
528 1956 618 1991 Sch.
644 1959 738 1991 Liin.
762 1960 907 2002 possint
925 1966 1058 1993 contra
1074 1959 1156 1995 Md.
1183 1961 1339 2004 Imperf.
1360 1962 1559 2006 significat,

84 2005 185 2049 ipsos
210 2005 440 2049 perspicere,
465 2016 503 2038 se
528 2005 689 2050 impares
714 2018 803 2040 esse.
832 2008 1026 2042 ORELLI.
1054 2028 1096 2033 -—-
1146 2008 1371 2042 desisterent.
1395 2012 1474 2046 Md.
1502 2012 1558 2045 de-

83 2052 258 2086 stiterent.
284 2053 420 2087 Bened.
446 2065 468 2086 e
494 2053 585 2086 edd.
610 2054 823 2088 desinerent.

178 2102 215 2136 3.
243 2101 302 2134 cui
325 2102 382 2135 vel
404 2112 450 2134 m.
475 2101 617 2134 conced.
641 2113 777 2144 omnes,
827 2103 911 2136 dem
938 2115 974 2136 es
1001 2104 1186 2136 Niemand
1211 2105 1420 2139 verdenken
1446 2107 1559 2148 kann,

86 2147 181 2181 dass.
237 2148 319 2182 Dex-
351 2150 492 2183 Romer
524 2149 643 2183 bleibt
674 2151 715 2183 in
752 2150 818 2183 der
849 2157 971 2183 ersten
1005 2153 1141 2184 Person
1174 2152 1383 2196 defendam,
1410 2159 1558 2195 taceam,

83 2195 258 2240 reseram.
309 2197 384 2231 Zur
409 2197 526 2230 Sache
553 2198 667 2241 vergl.
693 2210 751 2243 ep.
780 2199 873 2239 CIX,
900 2201 932 2234 2.
959 2217 1005 2223 —-
1034 2210 1103 2246 per
1128 2213 1177 2231 :t
1203 2201 1265 2237 ob,
1303 2222 1344 2228 —
1395 2202 1494 2244 dign.
1521 2203 1560 2235 in

83 2253 113 2276 s.
138 2244 293 2285 dicend.,
340 2245 410 2279 mit
440 2244 582 2279 Wiirde
615 2246 713 2280 bloss
745 2247 842 2280 nach
875 2247 1027 2291 eigener
1052 2248 1326 2293 Uberzeugung
1358 2262 1403 2283 zu
1429 2250 1558 2292 reden,

83 2291 208 2325 meine
241 2291 402 2327 Stimme
427 2293 654 2338 abzugeben.
694 2315 736 2321 -
788 2295 850 2328 lib.
878 2295 916 2327 in
941 2306 972 2328 r.
998 2306 1034 2339 p.
1061 2305 1115 2339 c.‚
1153 2297 1324 2331 Freiheit
1357 2298 1395 2331 in
1421 2299 1557 2337 Allem,

82 2351 156 2374 was
182 2339 244 2374 die
267 2341 614 2387 Staatsverwaltung
637 2342 796 2376 betrifft.

179 2389 216 2424 4.
243 2389 286 2422 de
309 2394 371 2423 tua
396 2415 405 2424 .
431 2415 439 2422 .
468 2415 476 2423 .
504 2390 660 2429 ratione,
685 2391 780 2425 iiber
806 2389 866 2422 die
892 2389 1028 2431 Pax-tei,
1055 2389 1117 2422 die
1143 2390 1240 2424 auch
1266 2392 1323 2425 Du
1349 2403 1395 2424 zu
1421 2392 1561 2435 ergrei-

85 2435 147 2468 fen
173 2435 267 2470 hast.
293 2456 340 2462 -——
389 2438 514 2480 ratio,
541 2438 606 2471 der
632 2438 752 2481 Geist,
779 2437 935 2483 l'esprit.
968 2456 1012 2461 —
1059 2438 1212 2480 potiunt.
1242 2450 1382 2480 rerum,
1417 2440 1558 2473 welche

86 2482 169 2515 sich
194 2484 255 2517 die
279 2484 433 2520 h'ochste
457 2486 603 2521 Gewalt
626 2498 835 2521 anmasscn.
886 2484 924 2518 S.
954 2487 1109 2519 Ramsh.
1138 2489 1164 2531 §.
1196 2489 1275 2528 111,
1301 2488 1333 2520 4.
1361 2498 1398 2522 ιι.
1428 2488 1507 2530 144,
1525 2488 1557 2521 4.

87 2531 239 2568 Grotef.
266 2534 296 2576 §.
320 2535 410 2577 242,
436 2534 468 2567 4.
495 2536 575 2569 257.
604 2553 648 2560 -—
696 2539 891 2578 praestare
917 2547 965 2564 Ξ
992 2534 1212 2575 concedere,
1249 2535 1487 2577 zugestehen,
1513 2554 1555 2560 -—

86 2578 121 2611 si
145 2579 283 2622 quidam
307 2580 413 2621 hom„
442 2581 481 2614 in
505 2583 641 2627 primis
667 2584 725 2620 M.
753 2583 846 2617 Cato
873 2582 1024 2626 eiusque
1051 2594 1222 2615 sororum
1247 2581 1330 2621 viri,
1362 2583 1415 2615 M.
1443 2582 1558 2617 Bibu-

86 2626 141 2659 lus
173 2633 210 2660 et
235 2628 278 2661 L.
306 2630 492 2664 Domitius
518 2631 804 2669 Ahenobarbus,
848 2630 1015 2664 Caesaris
1049 2638 1086 2663 et
1114 2629 1283 2674 Pompeii
1317 2637 1459 2665 veteres
1486 2632 1558 2664 ini-

87 2674 193 2711 mici.
219 2675 422 2712 MANUT.
473 2697 516 2704 --
564 2677 660 2712 nihil
683 2682 748 2721 cst,
775 2679 875 2722 quod,
925 2677 960 2710 S.
990 2678 1139 2709 Ramsh.
1167 2679 1195 2721 §.
1224 2678 1302 2716 184,
1334 2681 1363 2714 l.
1391 2691 1427 2713 ιι.
1453 2680 1500 2714 N.
1531 2682 1562 2713 1.

90 2723 237 2757 Grotef-
267 2726 297 2768 ξ.
325 2725 407 2761 396.
435 2725 543 2759 Anm.
570 2727 653 2762 432.
681 2730 789 2763 Amn,
817 2728 849 2761 2.
870 2744 911 2750 -
940 2725 1097 2758 ordinem
1123 2725 1462 2766 coniwtctissimwn,
1493 2727 1562 2760 den

1065 2776 1162 2818 26*
