1742 3006
192 116 289 161 210
468 116 527 157 M.
560 116 615 158 T.
648 111 993 157 CICERONIS
1024 112 1401 157 EPISTOLAE.

197 230 260 280 is,
289 229 367 283 qui
398 228 535 279 olim,
573 227 757 280 praetor
784 240 919 281 quum
949 229 1092 278 esset,
1131 225 1190 276 Q.
1221 225 1432 267 Catulum
1472 239 1532 268 ex
1569 229 1683 273 inse-
1728 253 1731 255 ·

196 286 317 325 riore
347 286 450 325 loco
479 284 672 322 iusserat
701 281 882 334 dicere,
928 282 1136 324 Vettium
1166 282 1213 322 in
1243 281 1413 324 Rostra
1441 283 1685 337 produxit3

198 353 387 394 eumque
417 340 462 378 in
493 351 547 379 eo
576 338 679 378 loco
709 338 970 390 constituit,
1013 350 1102 392 quo
1139 336 1306 379 Bibulo
1347 339 1523 379 consuli
1567 342 1686 395 aspi-

199 410 300 437 rare
331 409 419 436 non
459 395 637 435 liceret.
706 393 799 434 Hic
837 394 920 435 ille
960 393 1135 446 omnia,
1176 407 1287 448 quae
1325 395 1501 448 voluit,
1541 395 1599 436 de
1638 409 1687 438 re

198 452 382 506 publica
420 450 568 500 dixit3
610 453 658 490 ut
697 450 775 503 qui
805 449 915 490 illuc
943 448 1092 490 factus
1121 450 1446 505 institutusque
1473 452 1686 494 venisset.

198 508 403 548 Primum
441 505 714 561 Caepionem
750 505 807 546 de
846 505 1051 546 oratione
1088 517 1170 546 sua
1206 507 1416 560 sustulit,
1467 520 1601 562 quem
1639 508 1687 549 in

197 568 354 605 senatu
376 563 595 604 acerrime
611 561 889 611 nominarat3
918 564 969 602 ut
987 564 1224 616 appareret
1244 566 1423 604 noctem
1442 567 1488 604 et
1505 566 1688 605 noctur-

198 633 299 660 nam
322 619 693 673 deprecationem
723 617 1057 667 intercessisse3
1088 616 1283 671 deinde,
1312 631 1423 673 quos
1453 619 1501 659 in
1530 622 1687 661 senatu

197 689 252 716 ne
274 674 539 716 tenuissima
558 673 741 728 quidem
763 673 1020 727 suspicione
1039 674 1280 727 attigerat,
1310 687 1386 715 eos
1408 675 1685 718 nominavit:

198 731 468 782 Lucullum,
511 742 538 770 a
566 742 655 783 quo
685 729 868 770 solitum
897 741 994 770 esse
1023 728 1082 769 ad
1118 742 1167 770 se
1205 728 1328 770 mitti
1367 729 1418 771 C.
1447 731 1687 784 Fannium,

196 787 354 838 illum,
393 786 471 840 qui
515 785 562 825 in
600 784 656 826 P.
688 784 900 826 Clodium
939 783 1293 839 subscripserat3
1333 783 1386 825 L.
1417 785 1686 838 Domitium,

198 842 327 882 cuius
358 840 538 882 domum
568 841 859 882 constitutam
890 839 1056 892 fuisse,
1086 840 1204 882 unde
1234 841 1412 894 eruptio
1433 840 1587 883 fieret:
1615 855 1688 883 me

198 911 286 938 non
316 897 590 948 nominavit,
631 896 709 938 sed
741 896 865 938 dixit
894 896 1176 938 consularem
1205 896 1450 950 disertum,
1487 898 1687 940 vicinum

197 1037 258 1069 len
285 1035 389 1075 liess,
426 1034 494 1068 wie
518 1035 592 1069 tief
623 1035 705 1068 sein
739 1034 916 1069 Ansehen
949 1040 1063 1068 unter
1097 1037 1227 1069 essars
1261 1035 1464 1069 Consulate
1498 1034 1685 1080 gesunken

199 1095 290 1118 war.
340 1085 374 1117 S.
405 1084 510 1119 Orat.
538 1084 576 1117 in
607 1083 803 1117 Vatin..—-
830 1083 870 1118 Q.
895 1083 1093 1117 Lutatium
1119 1083 1310 1126 Catulum,
1337 1084 1380 1129 Q.
1395 1085 1437 1118 F.
1461 1083 1506 1129 Q.
1533 1084 1579 1117 N.
1630 1082 1686 1117 Er

199 1143 274 1164 war
299 1132 368 1167 676
395 1132 467 1165 mit
492 1131 659 1177 Lepidus
687 1131 847 1170 Consul,
873 1131 935 1164 bei
961 1131 1027 1164 der
1051 1132 1321 1166 Verrinischen
1345 1132 1460 1176 mage
1487 1131 1591 1165 einer
1616 1131 1685 1164 der

198 1180 380 1222 Richter,
407 1180 481 1213 und
505 1180 667 1213 weihete
693 1180 756 1213 das
784 1179 1013 1224 Capitolium
1038 1180 1117 1222 ein,
1147 1191 1220 1213 was
1247 1179 1419 1214 desshalb
1444 1179 1522 1212 sein
1547 1180 1686 1213 Monu-

198 1235 366 1262 mentum
392 1234 558 1272 genannt
583 1227 688 1261 wird.
729 1230 765 1262 S.
795 1228 901 1261 Orat.
929 1228 999 1261 Pis.
1025 1229 1060 1263 3.
1108 1227 1172 1261 Als
1201 1228 1317 1261 Casei·
1349 1228 1415 1261 ibn
1451 1238 1580 1272 wegen
1617 1227 1686 1260 der

199 1276 589 1320 VViederherstellung
615 1277 679 1310 des
693 1276 871 1321 Capitols‚
896 1287 959 1309 um
985 1275 1090 1313 diese
1114 1276 1216 1310 Ehre
1241 1275 1325 1310 dem
1352 1275 1552 1321 Pompeius
1575 1286 1685 1309 zuzu-

199 1324 370 1366 wendzm,
405 1325 457 1364 (S.
483 1324 638 1358 Sueton.
667 1325 770 1359 caes.
798 1335 831 1357 c.
863 1325 918 1358 15.
945 1335 981 1357 u.
1008 1325 1082 1358 Dio
1107 1322 1315 1365 XXXVII.)
1347 1333 1414 1356 vor
1447 1324 1530 1357 dem
1564 1323 1686 1357 Volke

198 1384 267 1406 zur
293 1374 608 1417 Verantwortung
634 1383 725 1417 zog,
752 1371 836 1406 liess
861 1382 902 1404 er
927 1371 1014 1414 ilm,
1039 1373 1125 1406 weil
1150 1382 1192 1406 er
1207 1371 1321 1417 grade
1337 1371 1425 1404 kein
1441 1372 1683 1406 offentliches

199 1424 286 1455 Amt
312 1419 541 1463 behleidete,
575 1420 684 1453 nicht
709 1432 784 1453 von
811 1419 880 1452 der
908 1419 1183 1454 Rednerbiilme
1207 1419 1342 1462 reden,
1369 1419 1530 1453 sondern
1557 1430 1601 1452 ex
1624 1420 1683 1453 in-

198 1469 332 1502 feriori
358 1468 458 1505 loco.
485 1486 531 1493 —-
557 1468 751 1512 produxit,
783 1467 990 1515 eigentlich
1022 1469 1105 1503 that
1130 1468 1195 1502 das
1221 1467 1404 1502 Vatinius.
1454 1467 1490 1501 S.
1516 1468 1617 1502 Orat.
1642 1468 1683 1501 in

197 1519 324 1551 Vatin.
356 1529 387 1550 c.
418 1518 474 1551 10.
500 1516 547 1550 ad
571 1516 683 1550 Attic.
711 1517 777 1557 IV,
805 1520 836 1551 l.
864 1534 907 1541 -—-
935 1526 1003 1560 quo
1029 1542 1040 1554 .
1068 1541 1077 1550 .
1104 1541 1112 1550 .
1139 1516 1308 1560 aspirare
1333 1525 1406 1549 non
1433 1515 1585 1559 liceret,
1612 1515 1683 1549 den

198 1567 265 1599 der
291 1565 434 1601 Consul
459 1565 613 1598 Bibulus
639 1576 684 1599 zu
708 1565 898 1609 besteigen
923 1563 1034 1598 nicht
1066 1575 1196 1609 wagen
1231 1563 1371 1597 durfte.
1430 1565 1544 1597 Denn
1569 1565 1685 1599 Gasar

197 1614 275 1648 und
302 1613 431 1647 dessen
456 1612 660 1657 Anhanger
686 1625 721 1647 u.
748 1613 921 1646 Vatinius
945 1612 1086 1647 hielten
1112 1613 1175 1645 ihn
1203 1612 1254 1645 im
1280 1613 1402 1645 Hause
1427 1611 1683 1657 eingeschlos-

198 1673 279 1698 sen.
321 1662 354 1694 S.
384 1662 484 1696 Orat.
510 1662 550 1695 in
577 1661 700 1695 Vatin.
730 1671 765 1697 c.
794 1662 828 1695 9.
852 1671 888 1693 u.
915 1671 959 1694 zu
984 1671 1042 1705 ep.
1069 1659 1181 1701 XLV,
1207 1660 1240 1694 5.
1268 1671 1328 1693 am
1361 1660 1479 1693 Ende.
1511 1678 1556 1684 -—-
1589 1671 1684 1704 quae

198 1709 325 1744 voluit.
351 1709 505 1742 Schiitz.
534 1708 581 1741 de
606 1709 697 1742 Ern.
725 1719 826 1754 susp.
870 1707 943 1741 Hic
968 1707 1106 1751 omnia,
1133 1717 1224 1752 quae
1249 1707 1314 1740 ille
1338 1708 1462 1744 voluit.
1500 1708 1683 1742 Poterant

198 1757 334 1791 leniori
362 1757 587 1790 mutatione:
615 1756 714 1798 „Hic
739 1755 879 1795 omnia,
907 1756 973 1790 ille
998 1766 1089 1800 quae
1114 1756 1216 1789 vol.“
1249 1755 1446 1790 ORELLI.
1481 1773 1524 1779 —
1559 1760 1597 1789 ut
1622 1756 1685 1801 qui

200 1812 271 1839 cet.
321 1805 383 1838 Sic
409 1810 511 1838 recte
538 1804 635 1837 Vict.
663 1807 695 1839 1.
722 1806 755 1840 2.
783 1805 909 1846 Mam,
933 1805 1048 1837 modo
1072 1804 1182 1849 plene
1204 1803 1463 1848 distinguatur
1487 1810 1575 1838 ante
1600 1816 1680 1839 voc.

199 1854 368 1887 Primum.
387 1853 460 1886 OR.
484 1853 607 1895 „Zum
619 1853 796 1894 Beweise,
816 1852 885 1885 wie
901 1859 970 1896 gut
984 1863 1025 1886 er
1041 1858 1251 1897 zugestutzt
1267 1852 1545 1896 11.abgerichtet
1562 1854 1682 1886 war.“

199 1902 343 1936 Andere
369 1902 472 1935 lesen
500 1905 534 1934 et
569 1900 629 1944 qui
656 1901 729 1942 (z
761 1911 874 1945 quum
906 1901 961 1942 is)
994 1924 1004 1935 .
1039 1925 1048 1934 .
1081 1923 1092 1937 .
1126 1901 1301 1941 venisset,
1334 1899 1490 1944 primum
1522 1906 1597 1934 cet.
1634 1918 1678 1925 -

197 1950 367 1991 sustulit,
403 1949 546 1991 omisit,
579 1948 787 1994 praeteriit.
823 1966 864 1973 —
899 1952 1048 1981 noctem.
1098 1947 1277 1990 Servilia,
1319 1948 1381 1981 die
1425 1949 1572 1983 Mutter
1615 1948 1680 1983 des

196 2000 336 2043 iungen
363 1999 516 2039 Brutus,
541 1997 641 2030 lebte
667 1997 738 2031 seit
763 1995 883 2029 vielen
911 1997 1049 2030 Ialnren
1072 1997 1144 2030 mit
1170 1998 1283 2029 Casan·
1308 1995 1347 2028 in
1373 2007 1413 2029 so
1439 2007 1568 2041 engem
1582 1997 1680 2031 Ver-

197 2046 399 2087 standniss,
439 2046 523 2078 dass
549 2056 635 2078 man
661 2045 732 2078 den
765 2045 879 2078 Casar
911 2045 976 2077 fiir
1010 2044 1080 2077 den
1113 2047 1227 2078 Vater
1263 2043 1452 2089 desselben
1484 2045 1590 2079 hielt.
1635 2045 1674 2079 S.

197 2094 354 2128 Sueton.
382 2096 483 2126 Caes.
510 2105 544 2130 c.
572 2094 631 2128 50.
662 2113 701 2118 —
730 2103 751 2125 α
779 2103 845 2136 quo
870 2092 1017 2125 solitum
1043 2102 1120 2125 esse
1158 2091 1267 2125 mitti.
1319 2092 1423 2125 Uber
1455 2093 1583 2126 diesen
1607 2093 1679 2129 rnit

196 2143 319 2175 einem
345 2142 519 2175 Relativo
543 2141 802 2185 anfangendeu
827 2152 860 2173 u.
889 2140 943 2174 im
966 2143 1098 2173 Aecus.
1125 2152 1158 2175 c.
1183 2140 1254 2174 Ins.
1280 2141 1580 2185 ausgedriickten
1606 2142 1678 2174 An-
1699 2170 1707 2179 „

196 2190 400 2235 hangesatz
425 2201 453 2222 s.
479 2189 633 2224 Ramsh.
660 2189 693 2232 ς.
720 2189 802 2225 195.
830 2189 877 2227 11,
906 2191 938 2230 1,
965 2188 1002 2221 b.
1031 2189 1182 2221 Grotef.
1210 2190 1239 2233 §.
1257 2188 1339 2223 412.
1359 2191 1464 2222 Anm.
1505 2190 1676 2224 Lucull

196 2239 298 2272 ward
324 2238 375 2271 als
401 2237 519 2271 Feind
545 2238 607 2270 des
632 2237 832 2281 Pompeius
856 2237 893 2270 in
922 2236 1022 2270 diese
1046 2238 1175 2270 Blame
1201 2236 1404 2280 gebracht.
1433 2256 1476 2263 —
1512 2237 1553 2271 C.
1580 2237 1676 2272 Fan-

193 2287 314 2328 nium,
349 2286 408 2329 qui
434 2308 443 2317 .
474 2309 482 2317 .
512 2309 520 2319 .
545 2286 828 2328 subscripserat,
870 2285 937 2317 der
967 2285 1073 2318 einer
1107 2286 1174 2319 der
1203 2284 1389 2329 Ankla'ger
1425 2285 1488 2318 des
1522 2285 1676 2320 Clodius

194 2346 370 2379 gewesen
406 2345 493 2366 war.
545 2332 581 2367 S.
616 2334 662 2366 ad
697 2334 812 2366 Attin.
848 2333 931 2376 vll,
968 2333 1021 2367 15.
1054 2345 1087 2366 u.
1123 2345 1180 2378 ep.
1220 2334 1274 2367 18.
1308 2335 1364 2367 19.
1391 2334 1436 2369 21
1463 2345 1539 2367 uns.
1567 2336 1672 2379 Ausg.

193 2384 246 2416 Zu
272 2381 516 2424 subscribere,
542 2381 750 2425 Mitkla'ger
775 2380 874 2421 sein,
901 2381 977 2426 vgl.
997 2380 1043 2413 ad
1057 2380 1306 2420 Famil.v111,
1332 2382 1366 2416 8.
1390 2382 1515 2414 Tacit.
1543 2383 1675 2416 Annal.

196 2434 227 2471 l,
255 2431 311 2466 74.
339 2430 491 2465 cornel.
519 2430 632 2462 Attio.
659 2431 702 2464 6:
735 2429 930 2462 Neminem
957 2440 1080 2474 neque
1105 2441 1169 2463 suo
1187 2429 1339 2462 nomine
1363 2440 1486 2474 neque
1510 2430 1674 2464 subscri-

193 2479 281 2512 bens
317 2478 516 2512 accusavit.
566 2477 682 2511 Einer
713 2488 789 2509 war
822 2478 888 2510 der
924 2477 1200 2522 Hauptkliiger3
1239 2477 1301 2510 die
1337 2477 1499 2510 anderen
1533 2479 1673 2524 Kla'ger

192 2533 332 2560 setzten
361 2533 473 2559 unter
498 2525 626 2558 dessen
652 2525 820 2569 Anklage
838 2525 942 2559 ihren
958 2526 1103 2560 Namen
1129 2525 1448 2568 (subscribebant)
1476 2526 1551 2559 und
1576 2538 1671 2561 wur-

191 2575 261 2607 den
288 2575 409 2607 davon
434 2574 706 2618 subscriptores
737 2580 907 2617 genennt.
959 2592 1001 2597 —
1054 2573 1097 2608 L.
1125 2573 1322 2607 Domitium
1359 2574 1668 2618 Ahenobarbum,

191 2623 257 2655 der
289 2622 349 2655 ein
388 2622 535 2655 Freund
568 2622 634 2655 der
670 2623 889 2666 Optimaten
921 2633 998 2656 war
1029 2622 1103 2654 und
1136 2623 1188 2655 im
1220 2621 1307 2655 Iahr
1331 2623 1401 2657 700
1435 2622 1506 2656 mit
1530 2624 1669 2669 Appius

190 2671 364 2705 Claudius
392 2671 455 2704 das
483 2670 661 2703 Consulat
686 2669 916 2703 verwaltete.
947 2670 986 2704 S.
1014 2681 1072 2715 ep.
1099 2670 1142 2711 X,
1167 2672 1200 2704 4.
1227 2669 1326 2709 XXI,
1356 2671 1410 2704 12.
1436 2689 1480 2695 —
1504 2672 1594 2704 unde
1618 2685 1667 2702 z

189 2725 230 2751 ut
256 2718 351 2751 inde.
378 2718 410 2750 S.
439 2718 592 2751 Ramsh.
619 2718 654 2762 §.
682 2720 762 2755 193,
791 2718 843 2753 ΙΙ.
871 2737 914 2742 -
941 2718 1094 2751 vicinum
1120 2718 1291 2754 consulis.
1334 2720 1447 2752 Ciisar
1472 2718 1666 2752 bewohnte

189 2767 240 2801 als
267 2766 442 2800 Pontifex
467 2767 653 2801 Maximus
679 2767 750 2800 den
769 2764 1162 2813 Oberpriestcrlicheu
1183 2765 1314 2800 Pallast
1338 2766 1378 2800 in
1405 2766 1476 2803 der
1499 2766 1663 2812 heiligen
