1742 3006
572 75 883 123 EPISTOLA
912 76 1068 121 XXX.
1488 74 1571 121 127

76 209 163 239 non
193 193 437 249 sapientem
484 192 751 246 praesertim
790 204 923 246 quum
962 191 1009 231 id
1048 187 1369 241 commiserim,
1424 190 1471 229 ut
1499 188 1574 230 ille

78 254 192 294 alter
221 263 356 292 annus
386 247 518 288 etiam
548 249 729 289 tertium
754 251 902 301 posset
931 247 1165 288 adducere.
1205 245 1337 296 Quod
1366 244 1573 300 quoniam
1612 257 1639 296 3

79 310 308 363 peccatum
328 317 472 345 meum
496 317 593 346 esse
630 302 859 355 confiteor,
889 305 957 344 est
984 302 1227 355 sapientiae
1256 305 1386 356 atque
1423 300 1577 342 huma-

79 364 234 405 nitatis
263 366 391 411 tuae,
430 372 587 401 curare
628 365 671 401 et
699 359 941 414 perficere,
990 361 1039 398 ut
1067 357 1153 398 hoc
1181 358 1325 399 minus
1356 357 1578 412 sapienter

81 433 107 461 a
146 433 218 461 me
257 416 481 472 provisum
526 416 754 470 diligentia
789 419 866 457 tua
907 414 1172 467 corrigatur.
1232 415 1300 454 Ac
1338 414 1377 454 si
1408 417 1453 455 te
1482 414 1578 467 ipse

81 473 380 517 vehementius
409 471 467 512 ad
495 486 644 513 omnes
674 475 822 526 partes
854 472 966 512 bene
992 468 1204 510 audiendi
1233 469 1462 519 excitaris3
1491 482 1579 510 non

83 536 131 572 ut
159 544 258 571 cum
287 529 410 580 aliis,
461 528 539 569 sed
579 532 627 569 ut
664 533 808 569 tecum
846 527 936 568 iam
976 525 1071 580 ipse
1112 528 1277 574 certes3
1326 526 1365 565 si
1405 538 1578 567 omnem

83 592 203 629 tuam
242 588 456 635 mentem,
507 597 685 637 curam,
735 583 1052 638 cogitationem
1093 581 1150 622 ad
1199 581 1484 623 excellentem
1531 581 1577 622 in

84 641 283 685 omnibus
322 641 451 680 rebus
491 641 634 681 laudis
673 641 963 694 cupiditatem
1000 637 1229 679 incitaris.-
1278 636 1388 677 mihi
1429 637 1578 688 crede,

84 712 192 739 unus
221 709 357 738 annus
387 695 562 737 additus
592 697 735 737 labori
763 701 838 738 tuo
868 696 1106 736 multorum
1128 707 1341 736 annorum
1364 694 1579 735 laetitiam

84 754 234 806 nobis,
265 752 455 807 gloriam
485 765 592 795 vero
622 753 756 793 etiam
793 752 985 806 posteris
1026 751 1192 791 nostris
1231 751 1403 791 afferet.
1462 748 1581 799 Qua-
1620 760 1645 798 ιι

86 813 266 865 propter
302 808 389 849 hoc
431 812 475 850 te
514 809 706 863 primum
743 821 878 862 rogo,
920 820 975 848 ne
1017 805 1255 847 contrahas
1294 819 1347 846 ac
1375 805 1582 847 demittas

86 867 280 907 animum
316 877 425 905 neve
463 868 506 906 te
536 865 687 916 obrui,
730 868 954 917 tamquam
982 861 1146 912 fluctu,
1185 863 1251 902 sic
1281 862 1584 916 magnitudine

86 922 256 976 negotii
296 921 438 961 sinas:
489 924 729 975 contraque
762 920 908 973 erigas
938 932 992 960 ac
1021 919 1204 961 resistas
1235 918 1327 960 sive
1357 919 1491 959 etiam
1520 919 1584 958 ul-

86 982 158 1019 tro
189 989 396 1017 occurras
425 977 627 1031 negotiis.
686 975 841 1030 Neque
885 976 1003 1017 enim
1041 974 1262 1016 eiusmodi
1297 977 1469 1028 partem
1499 974 1585 1015 rei-

86 1033 286 1089 publicae
313 1032 457 1087 geris‚
488 1034 535 1073 in
564 1046 649 1087 qua
680 1032 858 1073 fortuna
887 1032 1164 1083 dominetur,
1195 1030 1274 1072 sed
1303 1031 1350 1071 in
1378 1043 1466 1085 qua
1494 1031 1586 1085 plu-

86 1153 135 1175 zu
152 1140 355 1186 gerechten
369 1138 603 1174 Vorwiirfen
629 1140 750 1188 geben
773 1139 936 1173 miichte.
972 1139 1044 1172 Die
1067 1139 1205 1173 feinste
1224 1139 1359 1173 Welt-
1384 1138 1461 1172 und
1478 1138 1586 1172 Men·

89 1187 414 1228 schenkenntniss,
445 1188 512 1221 der
537 1188 664 1222 tiefste
690 1187 801 1221 Blick
829 1187 867 1220 in
894 1188 955 1221 das
982 1190 1083 1221 Herz
1110 1186 1230 1220 seines
1246 1186 1422 1225 Brudem,
1442 1186 1502 1219 die
1524 1197 1589 1232 ge-

88 1237 294 1271 wandteste
304 1235 668 1279 Geschicklichkeit‚
686 1236 813 1269 seinen
828 1236 979 1270 Lehren
992 1235 1069 1269 und
1080 1235 1379 1282 Ermahnungen
1389 1234 1465 1267 und
1478 1235 1590 1268 selbst

88 1285 174 1317 dem
197 1284 315 1318 Tadel
348 1286 421 1318 alle
446 1285 566 1317 Harte
596 1297 642 1317 zu
675 1283 854 1326 nehmen,
891 1295 957 1316 um
990 1285 1131 1317 seinem
1158 1283 1303 1317 Zurufe
1329 1282 1510 1330 Eingang
1543 1294 1592 1315 zu

88 1331 343 1374 verschaffen‚
378 1332 474 1366 diess
499 1331 600 1365 Alles
626 1332 725 1364 wird
752 1332 835 1365 dem
870 1331 1178 1365 aufmerksamen
1203 1333 1319 1365 Leser
1344 1330 1459 1363 dieses
1485 1330 1592 1365 Brie-

88 1381 146 1413 ses
171 1379 279 1413 nicht
303 1378 505 1427 entgehen.
549 1380 601 1413 Es
627 1379 676 1412 ist
701 1379 871 1412 derselbe
898 1380 951 1412 als
977 1379 1062 1411 eine
1090 1378 1319 1418 exhortatio,
1349 1378 1384 1410 ia
1409 1378 1481 1411 wie
1507 1378 1591 1412 eine

91 1428 223 1462 Oratio
256 1428 484 1469 anzusehen,
526 1427 651 1460 worin
680 1426 813 1461 Cicero
840 1426 940 1460 seine
968 1427 1082 1460 Ideen
1108 1427 1202 1460 iiber
1228 1427 1288 1460 die
1312 1425 1593 1474 Amtsfiihrung·

91 1477 192 1510 eines
217 1475 458 1509 Statthalters
483 1474 554 1508 mit
579 1475 707 1509 Musse
733 1475 995 1522 niedergelegt
1021 1474 1100 1508 hat.
1122 1494 1165 1498 —
1188 1485 1258 1507 non
1276 1485 1354 1518 sap.
1380 1474 1479 1508 kurz
1505 1481 1593 1508 statt

84 1525 169 1567 feci
194 1524 353 1568 quidem,
391 1523 454 1557 sed
490 1533 560 1556 non
592 1523 778 1567 sapienter
795 1523 894 1566 feci.
927 1541 967 1547 «-
997 1522 1037 1557 id
1062 1533 1188 1556 comm.
1218 1523 1367 1557 Ernest.
1393 1521 1587 1558 vermuth.

91 1573 147 1606 ita
173 1583 300 1605 comm.
331 1570 430 1605 ohne
456 1570 572 1605 Noth.

187 1622 222 1655 3.
250 1624 287 1652 ut
313 1617 379 1652 hoc
395 1644 402 1652 .
420 1643 430 1659 ‚
451 1645 458 1652 .
481 1619 712 1663 corrigatur,
739 1621 819 1654 dass
845 1621 895 1654 du
922 1621 997 1655 mir
1023 1623 1094 1656 den
1121 1621 1315 1664 Vorwurf,
1350 1620 1460 1655 nicht
1485 1631 1592 1668 sorg-

93 1668 204 1714 saltig
235 1678 359 1715 genug
395 1666 603 1714 gehandelt
642 1681 687 1702 zu
722 1668 864 1711 haben,
911 1669 1034 1703 durch
1068 1671 1151 1703 eine
1185 1670 1288 1703 desto
1322 1669 1593 1716 sorgfaltigere

96 1716 376 1762 Amtsfiihrung
399 1722 596 1761 ersparest.
614 1717 836 1759 §.tm—Ac
852 1717 989 1751 :und
1015 1729 1131 1761 zwar‚
1157 1724 1195 1751 et
1220 1729 1306 1751 sane
1332 1716 1597 1762 quidem.-si

96 1764 279 1804 esrcitaris,
316 1775 421 1796 wenn
454 1765 516 1797 Du
549 1764 648 1798 Dich
683 1765 794 1798 selbst
827 1765 898 1798 mit
938 1766 1114 1799 mehrem
1148 1766 1287 1799 Ernste
1330 1777 1401 1799 zur
1440 1763 1593 1799 Wach-

93 1812 254 1847 samkeit
279 1811 378 1846 nach
405 1813 506 1846 allen
532 1813 657 1846 Seiten
684 1813 785 1846 eines
809 1819 924 1859 guten
942 1814 1034 1848 Rufs
1061 1815 1127 1846 hin
1153 1813 1395 1850 erwecktest.
1416 1834 1458 1839 —
1478 1823 1594 1846 secum

96 1864 251 1901 certare,
279 1870 315 1893 es
341 1861 412 1894 mit
438 1861 518 1894 sich
545 1860 788 1902 aufnehmen,
823 1860 905 1894 sich
938 1874 983 1895 zu
1013 1861 1245 1896 iibertreffen
1281 1861 1434 1896 suchen.
1474 1880 1516 1886 --
1551 1862 1600 1893 ad

95 1909 339 1942 excellentem.
373 1909 520 1942 Ernest.
555 1909 695 1942 Schiitz
731 1909 788 1942 ed.
822 1910 914 1943 min.
951 1910 999 1942 ad
1030 1910 1250 1943 excellentis.
1295 1910 1441 1952 Placet,
1483 1909 1596 1942 etiam

95 1962 255 2002 propter
281 1967 355 2001 seq.
383 1958 585 1991 lectionem
615 1957 883 2000 (excellentiam
909 1958 1026 2001 lens.)
1057 1958 1256 1994 ORELLI.
1276 1977 1322 1983 -
1340 1958 1379 1990 in
1406 1968 1499 1991 omn.
1519 1958 1596 1990 reb.

95 2005 156 2038 Sic
182 2004 283 2038 Med.
310 2015 403 2039 omn.
436 2006 476 2038 in
513 2007 610 2039 Cett.
645 2006 718 2038 Das
745 2007 874 2040 Futur.
921 2012 1038 2040 exact.
1082 2007 1278 2047 excitaris,
1311 2006 1384 2039 wie
1409 2006 1595 2041 incitaris.

97 2054 145 2085 ist
180 2051 268 2085 selu·
293 2051 457 2086 treffend
484 2053 712 2100 gebraucht‚
748 2054 792 2087 da
820 2053 977 2096 Quintus
1011 2054 1084 2088 den
1111 2053 1279 2088 Versuch
1306 2059 1382 2087 erst
1407 2065 1506 2089 muss
1532 2065 1599 2100 ge-

97 2100 228 2133 macht
253 2098 389 2140 haben,
417 2100 487 2134 ehe
514 2102 574 2134 die
601 2100 740 2149 Fulge:
766 2113 856 2135 unus
882 2113 995 2136 annus
1014 2129 1022 2138 .
1044 2127 1051 2135 .
1070 2128 1077 2135 .
1097 2103 1245 2145 afferet,
1272 2102 1462 2136 eintreten
1481 2102 1598 2135 wird:

96 2148 174 2181 und
199 2148 292 2180 eben
319 2159 356 2181 so
383 2148 530 2196 richtig
557 2149 657 2197 folgt
681 2153 720 2182 ut
747 2175 755 2183 .
785 2173 794 2183 .
822 2155 940 2184 certes
965 2151 1019 2184 als
1045 2151 1207 2189 presens,
1236 2150 1280 2183 da
1314 2150 1374 2183 die
1408 2150 1597 2196 angedeu-

97 2201 174 2229 tete
201 2195 536 2243 Handlungsweise
570 2196 680 2231 nicht
711 2198 782 2231 soll
817 2199 870 2231 als
911 2209 1134 2247 vex-gangen
1173 2198 1597 2246 undabgeschlossen,

99 2243 259 2277 sondern
294 2245 347 2277 als
387 2247 426 2277 in
468 2245 536 2278 der
569 2244 743 2278 Zukunft
782 2247 1045 2294 gegenw'zirtig
1085 2245 1296 2294 angesehen
1339 2247 1506 2282 werden.
1558 2245 1594 2280 S.

99 2291 240 2336 Zumpt
265 2290 294 2332 §.
321 2293 391 2326 509
418 2309 460 2315 —
487 2294 566 2328 517.
619 2294 766 2328 Grotef.
795 2296 874 2329 176.
897 2296 930 2328 4.

195 2340 227 2373 4.
254 2349 298 2372 ne
310 2338 506 2374 contrahas
524 2352 568 2374 ac
584 2341 716 2375 demitt.
734 2343 861 2383 anim„
889 2342 950 2376 die
969 2341 1077 2387 Segel
1094 2342 1203 2376 nicht
1223 2342 1391 2377 muthlos
1407 2341 1598 2375 einzuzie-

103 2385 185 2419 hen.
234 2387 308 2420 Ein
340 2398 430 2422 vom
455 2387 719 2423 Schiffswesen
757 2390 970 2424 entlehntes
996 2391 1101 2431 Bild,
1136 2392 1206 2425 wie
1234 2392 1295 2425 bei
1320 2394 1450 2424 Horat.
1477 2401 1595 2423 carm.

101 2433 154 2471 ll,
181 2436 236 2477 10,
263 2437 319 2471 23.
347 2437 434 2483 Vgl.
463 2438 569 2482 epist.
594 2437 688 2476 XXI,
716 2439 750 2472 2.
779 2438 823 2471 de
852 2438 940 2472 Nat.
968 2439 1080 2474 Deor.
1108 2439 1158 2478 11,
1186 2441 1218 2473 4.
1246 2439 1291 2472 de
1319 2439 1433 2484 Legg.
1461 2438 1514 2479 11,
1542 2438 1598 2472 15.

103 2480 150 2514 ad
175 2482 260 2516 niv.
288 2484 335 2517 11.
361 2485 426 2527 583
453 2496 498 2517 zu
524 2486 654 2518 demitt.
681 2486 853 2529 animum,
893 2487 966 2519 den
992 2486 1107 2520 Muth
1134 2487 1269 2521 sinken
1294 2487 1426 2528 lassen,
1464 2486 1509 2519 de
1535 2486 1598 2520 Fi-

103 2528 206 2562 nibb.
237 2531 280 2569 V,
320 2532 375 2565 15.
416 2537 568 2566 mentem
603 2531 712 2580 Virg.
747 2534 836 2567 Aen.
872 2535 954 2571 XII,
993 2536 1074 2570 609.
1113 2554 1154 2558 —
1190 2547 1253 2576 ac,
1293 2535 1393 2567 Crat.
1437 2534 1532 2566 Vict.
1565 2536 1597 2571 l,

103 2576 234 2609 bamb.
261 2578 351 2610 Ern.
379 2584 450 2613 aut.
478 2581 650 2615 Ersteres
676 2581 835 2629 richtig,
864 2582 954 2616 weil
979 2582 1059 2616 sich
1085 2582 1193 2616 nicht
1220 2587 1333 2615 contr.
1366 2581 1442 2615 und
1468 2582 1599 2616 demitt.

106 2624 268 2676 *eundern
303 2626 430 2667 erigas
463 2639 506 2661 ac
534 2630 683 2662 resistas
718 2630 840 2664 ienem
883 2636 1071 2678 entgegen
1111 2636 1250 2677 gesetzt
1290 2629 1349 2663 ist.
1394 2650 1436 2655 —
1483 2631 1600 2669 obrui,

105 2671 349 2720 uberwiiltigt
373 2676 537 2710 werden.
564 2695 610 2702 --
636 2677 767 2719 erigas
792 2678 869 2711 scil.
897 2684 951 2718 te,
986 2679 1064 2712 dass
1090 2679 1148 2712 Du
1175 2677 1273 2711 Dich
1308 2676 1483 2712 aufrecht
1518 2677 1601 2710 hal-

106 2724 187 2753 tent.
215 2730 278 2763 que
303 2720 399 2754 nach
425 2733 468 2756 ne
495 2735 542 2753 :z
567 2726 629 2758 sed
655 2732 785 2759 contra
811 2736 905 2773 rogo
931 2732 968 2759 te
995 2728 1127 2773 erigas.
1148 2744 1193 2750 --
1214 2726 1251 2758 in
1280 2736 1348 2768 qua
1365 2727 1466 2768 sort.
1495 2726 1600 2767 dom„

108 2776 166 2798 wo
193 2768 254 2801 ein
282 2768 410 2803 Zusall
436 2771 506 2804 den
534 2783 679 2818 ganzen
705 2774 841 2817 Ersolg
875 2773 981 2807 einer
1006 2773 1322 2820 Unternehmung
1358 2773 1602 2808 entscheiden
