1742 3006
125 52 213 102 134
391 57 457 102 Μ.
487 58 544 101 T.
574 53 920 106 CICERONIS
950 54 1326 100 EPISTOLAE.

118 169 258 212 fuerit
286 168 492 224 ignotus3
531 166 642 209 huic
669 169 883 221 quantum
912 167 1184 210 credendum
1213 170 1299 222 sit,
1338 168 1469 211 vide:
1520 183 1609 210 non

124 226 235 280 quin
263 225 438 280 possint
466 224 598 266 multi
628 236 726 265 esse
755 224 1063 278 provinciales
1092 225 1183 267 viri
1213 225 1347 274 boni3
1399 223 1480 265 sed
1519 223 1626 267 hoc.

121 294 310 338 sperare
339 281 466 333 licet,
497 279 702 322 iudicare
731 280 1036 334 periculosum
1066 285 1146 322 est.
1204 279 1367 322 Multis
1398 281 1520 321 enim
1547 281 1609 321 si-

122 338 420 380 mulationum
459 336 710 380 involucris
746 336 918 390 tegitur
957 340 1002 377 et
1040 337 1168 391 quasi
1198 337 1314 380 velis
1344 336 1612 390 quibusdam

122 393 387 436 obtenditur
405 393 752 448 uniuscuiusque
773 396 958 434 natura:
987 390 1128 445 frons,
1157 394 1296 446 oculi,
1324 393 1478 434 vultus
1507 405 1610 447 per-

122 463 255 506 saepe
284 450 584 499 mentiuntur3
628 450 776 491 oratio
805 461 915 490 vero
942 449 1217 502 saepissime.
1290 448 1610 500 Quamobrem,

123 505 202 561 qui
231 508 359 562 potes
388 506 589 560 reperire
619 519 678 547 ex
707 519 760 546 eo
791 517 957 559 genere
987 503 1240 557 hominum,
1284 505 1361 559 qui
1391 504 1610 559 pecuniae

124 561 379 616 cupiditate
419 561 608 604 adducti
648 565 832 603 careant
862 560 921 601 iis
952 561 1084 601 rebus
1115 561 1343 614 omnibus,
1393 573 1421 601 a
1449 560 1611 615 quibus

122 631 204 659 nos
231 617 404 660 divulsi
432 631 529 659 esse
558 629 647 658 non
676 629 937 672 possumus,
967 619 1012 657 te
1044 620 1208 668 autem,
1238 617 1436 657 alienum
1464 615 1613 658 homi-

122 686 227 714 nem
263 677 414 715 ament
453 686 512 715 ex
553 674 702 715 animo
731 686 786 714 ac
814 685 904 714 non
934 673 1006 713 sui
1035 672 1264 713 commodi
1294 685 1431 714 causa
1471 672 1612 713 simu-

123 729 246 771 lent?
304 728 426 770 Mihi
465 729 646 784 quidem
685 741 979 784 permagnum
1020 727 1224 778 videtur3
1276 728 1545 782 praesertim
1573 728 1614 768 si

122 785 262 826 iidem
301 784 502 827 homines
540 785 763 840 privatum
799 798 887 826 non
928 784 1023 826 fere
1050 796 1341 839 quemquam,
1381 787 1614 838 praetores

124 854 302 895 semper
330 855 481 884 omnes
511 845 670 884 amant.
738 840 840 892 Quo
880 853 934 882 ex
961 854 1125 895 genere
1164 841 1203 881 si
1232 853 1360 894 quem
1403 838 1521 881 forte
1548 839 1614 880 tui

125 899 330 951 cognosti
359 898 652 940 amantiorem
681 919 736 935 —.-
764 897 865 939 fieri
894 897 1010 938 enim
1038 895 1183 951 potuit
1210 919 1265 926 -——
1290 908 1420 952 quam
1440 900 1614 950 tempo-

124 955 204 1004 ris,
233 953 349 995 hunc
373 968 481 996 vero
512 953 569 995 ad
598 959 720 995 tuum
750 967 981 996 numerum
1011 954 1198 994 libenter
1227 951 1498 994 adscribito:
1543 951 1614 993 sin

124 1012 272 1050 autem
311 1010 358 1051 id
394 1024 482 1052 non
511 1010 781 1065 perspicies,
822 1011 990 1051 nullum
1020 1022 1156 1065 genus
1186 1008 1271 1050 erit
1299 1008 1346 1049 in
1377 1007 1615 1050 familiari-

124 1069 217 1107 tate
254 1066 496 1109 cavendum
535 1067 702 1120 magis:
751 1070 988 1121 propterea
1026 1065 1144 1121 quod
1172 1069 1216 1106 et
1245 1077 1395 1106 omnes
1424 1065 1520 1108 vias
1539 1078 1618 1119 pe-

132 1121 291 1164 cuniae
319 1126 481 1164 norunt
509 1126 554 1163 et
582 1123 730 1164 omnia
756 1123 970 1178 pecuniae
999 1133 1132 1163 causa
1150 1120 1322 1162 faciunt
1350 1124 1409 1173 et,
1439 1121 1616 1176 quicum

124 1178 288 1220 victuri
316 1192 404 1220 non
433 1182 564 1231 sunt,
597 1179 690 1220 eius
721 1179 1038 1220 existimationi
1069 1177 1301 1219 consulere
1329 1190 1416 1218 non
1446 1181 1616 1220 curant.

122 1234 269 1288 Atque
317 1236 454 1277 etiam
505 1248 528 1275 e
573 1235 759 1277 Graecis
809 1235 920 1290 ipsis
969 1234 1210 1288 diligenter
1248 1233 1470 1274 cavendae
1519 1237 1619 1274 sunt

120 1290 344 1343 quaedam
374 1289 720 1340 familiaritates,
750 1294 927 1346 praeter
954 1289 1184 1332 hominum
1206 1302 1546 1344 perpaucorum,
1576 1289 1616 1330 si

218 1397 264 1431 V.
292 1399 349 1432 15.
375 1397 477 1439 vide,
504 1396 694 1436 hedenke,
728 1397 947 1441 beherzige,
983 1396 1174 1440 iiberlege.
1200 1415 1244 1421 —
1272 1406 1341 1429 non
1374 1394 1479 1438 quin,
1512 1393 1620 1428 nicht

126 1445 178 1479 als
204 1445 252 1480 ob
279 1445 402 1478 nicht.
451 1445 486 1478 S.
514 1445 671 1479 Ramsh.
699 1445 736 1490 §.
764 1447 850 1488 186,
890 1446 1036 1478 Grotef.
1063 1445 1100 1489 ἕ.
1127 1445 1217 1487 394,
1249 1446 1383 1488 Zumpt
1408 1444 1436 1486 §.
1465 1442 1546 1477 536.
1573 1460 1618 1466 —

121 1493 398 1537 provinciales,
427 1493 486 1527 die
511 1493 550 1526 in
576 1494 687 1527 Asien
716 1493 929 1537 ansiissigen
955 1493 1188 1526 Remischen
1214 1494 1378 1537 Btuger,
1414 1490 1619 1535 Zollpach-

122 1548 198 1584 ter,
225 1542 803 1586 Geldausleiher,Negocianten
831 1542 922 1574 aller
947 1543 1035 1582 Art3
1063 1542 1139 1574 also
1166 1552 1240 1573 von
1267 1541 1338 1574 den
1365 1539 1618 1582 eingebornen

125 1590 318 1624 Griechen
345 1590 647 1624 unterschieden.
675 1609 719 1614 —
746 1589 933 1631 iudicare,
968 1590 1032 1634 qui
1066 1600 1110 1622 ex
1143 1600 1275 1622 eorum
1309 1598 1468 1622 numero
1500 1586 1619 1619 bonus

124 1638 184 1672 sit.
222 1657 266 1662 —
298 1637 348 1671 iis
385 1639 501 1672 rebus.
553 1639 615 1671 Sic
642 1638 758 1679 (Md.)
783 1638 913 1670 Lamb.
942 1638 1042 1671 vict.
1071 1638 1113 1679 2,
1147 1636 1204 1670 his
1239 1639 1333 1670 Cett.
1369 1635 1619 1669 Sanissimum

123 1686 227 1719 hunc
253 1685 381 1719 locum
407 1697 488 1719 esse
515 1685 694 1719 viderunt
721 1685 872 1730 Madvig
899 1686 937 1727 1,
976 1697 1010 1730 p.
1049 1687 1097 1720 32
1135 1691 1174 1718 et
1198 1686 1340 1719 Bentiv.
1376 1683 1438 1727 qni
1471 1694 1508 1727 p.
1536 1694 1567 1716 c.
1595 1693 1620 1716 a

123 1738 253 1768 carent
279 1733 327 1767 iis
352 1745 386 1767 r.
417 1744 449 1767 ο.
468 1758 476 1766 .
496 1760 504 1767 .
525 1758 533 1766 .
566 1744 774 1777 possumus,
810 1731 1051 1777 qzcemquczm‚‘
1080 1733 1140 1776 qui
1174 1736 1208 1766 te
1235 1745 1269 1768 a.
1295 1733 1328 1767 Ιι.
1356 1735 1479 1767 amet.
1495 1755 1504 1764 .
1521 1756 1530 1764 .
1567 1731 1620 1764 se*-

123 1782 233 1815 mulet
248 1782 379 1816 Lamb.
408 1781 505 1816 coni.
533 1782 594 1825 qui
615 1793 721 1826 quum
744 1793 811 1827 pec
838 1793 869 1818 c.
897 1793 931 1815 a.
960 1785 1112 1815 careant
1137 1780 1195 1814 his
1228 1792 1258 1815 r.
1283 1793 1380 1816 0....
1413 1789 1619 1823 possumus,

124 1835 159 1864 te
185 1833 305 1863 lamen
332 1840 364 1862 a.
393 1828 426 1864 Ῐι.
456 1836 527 1863 cet.
556 1829 700 1863 Schiitz
726 1832 762 1873 2,
789 1830 890 1864 coni.
927 1849 971 1854 —
1009 1841 1032 1863 a
1069 1829 1194 1873 quibus
1218 1841 1256 1866 n.
1284 1830 1357 1863 div.
1386 1839 1414 1862 e.
1440 1838 1510 1861 non
1531 1838 1618 1871 pos-

122 1888 257 1921 sumus,
283 1889 417 1923 nempe
442 1878 525 1911 luce
551 1878 653 1911 urbis
680 1879 836 1919 Rornae,
864 1878 1073 1912 amicorum
1101 1877 1391 1918 consuetudine,
1425 1876 1621 1908 literarum

121 1928 265 1960 fructu.
292 1919 509 1961 SCHUTZ.
534 1945 578 1951 —-
607 1926 780 1966 alienum,
809 1927 1097 1970 fremdarffigw,
1125 1926 1189 1958 cni
1218 1926 1271 1958 nil
1297 1936 1383 1958 cum
1407 1924 1488 1957 istis
1516 1935 1619 1957 com-

121 1986 244 2008 mune.
273 1993 317 1999 --
339 1984 597 2018 permagnum,
636 1975 888 2020 perdifficile,
925 1975 983 2007 vix
1013 1974 1196 2007 credibile
1221 1974 1303 2009 scil,
1332 1972 1499 2017 reperire
1525 1973 1620 2005 tales

123 2023 314 2059 homines.
361 2042 405 2047 —
448 2022 691 2066 praesertim,
738 2024 902 2057 zumabl.
964 2024 999 2056 S.
1034 2023 1171 2067 Zumpt
1206 2022 1240 2066 ᾗ.
1277 2024 1358 2057 273.
1397 2039 1443 2044 —
1481 2025 1619 2057 amant.

123 2071 295 2104 Lambin.
324 2072 419 2104 coni.
448 2081 554 2115 quum
580 2071 690 2104 iidem
710 2096 718 2103 .
740 2098 749 2107 .
768 2100 776 2107 ‚
805 2074 933 2104 ament.
968 2070 1095 2104 Etiam
1132 2071 1277 2103 Ernest.
1312 2069 1463 2102 volebat
1494 2068 1528 2101 si
1552 2094 1565 2105 .
1584 2092 1592 2102 .
1610 2093 1619 2102 .

126 2122 255 2152 ament.
289 2120 444 2153 Poterat
476 2119 644 2152 scribere
679 2119 816 2153 Cicero
856 2119 890 2152 si
923 2119 1063 2162 quidem
1096 2118 1273 2154 iidem...
1308 2121 1455 2158 <imaum
1499 2117 1621 2149 noluit

127 2174 254 2201 antem
279 2174 439 2213 propter
473 2167 646 2212 proxime
679 2168 904 2213 praecedens
939 2167 1086 2211 quidem.
1120 2166 1318 2201 ORELLI.
1353 2185 1398 2190 -
1432 2165 1618 2207 cognosti,

125 2216 259 2248 Lamb.
289 2216 502 2259 cognovisti.
531 2235 575 2240 —
603 2216 692 2249 tui..
721 2216 1019 2250 amantiorem...
1056 2226 1161 2259 quam
1196 2215 1373 2257 temporis
1405 2214 1430 2247 i.
1464 2225 1497 2245 e.
1538 2224 1621 2245 inn-

125 2264 227 2296 ueris
252 2263 332 2302 tui,
360 2263 457 2308 quod
483 2275 593 2308 quum
621 2266 787 2298 maxime
813 2264 933 2309 geriS,
962 2275 1074 2309 quum
1101 2276 1171 2308 pro
1198 2269 1372 2308 praetore
1398 2261 1619 2307 provinciae

125 2322 280 2357 praees,
321 2312 521 2359 der-‘mehr
548 2324 592 2345 an
619 2312 764 2346 Deiner
790 2315 928 2347 Person
964 2313 1015 2345 als
1051 2324 1095 2344 an
1130 2312 1271 2346 Deiner
1305 2311 1453 2343 warde
1487 2309 1616 2354 hinge.

123 2352 340 2395 scliU'l'Z.
387 2360 490 2394 Uber
516 2359 580 2393 das
607 2361 786 2406 Particip.
811 2361 882 2394 mit
908 2359 993 2394 dem
1021 2360 1148 2394 Genit.
1176 2372 1203 2393 s.
1233 2359 1383 2392 Grotef.
1411 2360 1440 2400 ᾗ.
1467 2358 1557 2398 244,
1584 2360 1620 2392 4.

124 2408 276 2442 Ramsh.
304 2408 338 2451 ἓ.
367 2410 455 2450 107,
494 2409 529 2443 4.
566 2426 609 2432 —
644 2410 693 2442 acl
726 2413 843 2449 tnzmz5
875 2408 939 2442 sed
977 2413 1119 2441 tuorum
1157 2420 1177 2441 e
1206 2407 1380 2452 Longolii
1409 2406 1480 2441 Cd.
1511 2406 1619 2450 prob.

128 2457 254 2490 Ursin.
283 2456 436 2490 Schiitz.
464 2456 604 2489 Bentiv.
643 2457 840 2491 ORELLI.
874 2476 919 2482 —-
952 2467 1067 2499 genus
1101 2457 1187 2489 erit.
1223 2455 1286 2490 Sic
1319 2454 1424 2490 Med.
1454 2454 1556 2487 Vict.
1587 2456 1620 2495 l,

127 2505 171 2545 2,
206 2503 276 2537 erit
301 2515 420 2545 genus
446 2505 543 2539 Cett.
573 2523 616 2528 —
644 2505 723 2538 vius
753 2506 929 2548 pecuniae
959 2505 1186 2545 faciundae,
1219 2503 1464 2545 auferendae,
1498 2504 1619 2546 wege

127 2551 204 2584 und
230 2553 404 2586 Schliche
431 2552 528 2586 Geld
556 2564 598 2586 zu
625 2554 795 2586 machon.
823 2572 866 2577 --
893 2564 963 2587 non
989 2564 1157 2597 semper,
1193 2552 1258 2585 sed
1290 2563 1358 2598 per
1392 2552 1508 2584 breve
1534 2556 1617 2583 tan-

131 2606 211 2632 tuin
240 2606 391 2644 tempus
416 2601 562 2634 victuri.
589 2619 632 2625 ——
659 2601 817 2634 alicuius
843 2601 949 2636 exist.
974 2602 1184 2643 consulere,
1213 2601 1276 2633 fiir
1304 2599 1476 2633 leniands
1502 2604 1618 2643 guten

130 2648 206 2681 Rus
229 2660 383 2693 sorgen,
423 2648 507 2682 sich
534 2649 664 2683 darum
690 2648 949 2683 bcki'nnmern.
1010 2649 1048 2686 S.
1085 2649 1240 2682 Ramsli.
1273 2650 1301 2692 ᾗ.
1337 2649 1425 2686 123,
1465 2646 1617 2681 Groici'.

130 2698 156 2739 ᾗ
187 2697 271 2731 273.

229 2745 279 2780 16.
320 2746 490 2788 quaedam
525 2745 663 2780 delevit
707 2744 754 2779 de
794 2746 880 2780 Ern.
926 2756 1021 2791 susp.
1067 2744 1220 2780 Schiitz.
1288 2747 1408 2778 Recte
1453 2742 1623 2777 defendit
