1742 3006
550 39 869 83 EPISTOLA
898 40 1028 85 LIX.
1446 40 1540 90 239

54 152 297 195 Brundisio
339 152 529 208 profecti
559 164 707 193 sumus
748 165 785 193 a.
820 152 863 193 d.
894 166 933 194 v.
967 153 1194 197 Kalendas
1232 153 1390 198 Maias.
1448 156 1541 198 Per

55 210 372 251 Macedoniam
412 208 630 264 Cyzicum
669 210 938 262 petebamus.
1009 209 1052 251 O
1093 225 1162 253 me
1200 212 1443 266 perditum!
1496 212 1540 254 O

55 266 299 307 afflictum!
339 265 445 320 quid
472 279 588 306 nunc
618 278 771 318 rogem
800 269 869 317 te,
907 268 956 305 ut
986 267 1164 319 venias,
1208 269 1437 310 mulierem
1468 283 1542 310 ae-

53 336 204 376 gram,
234 326 278 363 et
307 335 495 375 corpore
524 326 569 361 et
597 321 743 361 animo
772 320 1048 362 consectam!
1085 323 1186 364 Non
1208 325 1384 379 rogem?
1434 325 1542 366 Sine

53 384 99 419 te
129 379 266 433 igitur
294 379 378 419 sim
390 379 405 417 ζ’
451 376 651 432 Opinoi·⁹
681 376 747 418 sic
775 390 928 430 agam:
959 377 997 417 si
1028 385 1095 419 est
1123 393 1220 434 spes
1252 381 1394 422 nostri
1424 381 1541 422 redi-

54 438 151 486 tus,
192 448 287 476 eain
325 432 563 474 confirmes
594 436 639 473 et
668 446 762 473 rem
791 433 997 482 adiuvem
1041 435 1134 487 sin,
1176 441 1224 477 ut
1262 452 1344 490 ego
1375 442 1541 491 metuo,

54 495 325 532 transactum
364 493 454 542 est,
494 502 668 544 quoquo
707 489 839 530 modo
879 494 1005 545 potes
1046 491 1103 531 ad
1143 505 1215 532 me
1258 492 1331 533 sac
1375 494 1540 535 venias.

53 547 202 588 Unum
230 545 315 586 hoc
343 546 479 586 scito:
526 547 637 587 site
674 544 869 597 habebo,
915 559 1002 586 non
1039 546 1149 587 mihi
1188 547 1372 589 videbor
1414 550 1543 604 plane

54 603 235 657 perisse.
293 601 381 642 Sed
410 602 515 656 quid
546 601 744 643 Tulliola
772 601 870 642 mezi
898 601 1001 643 fiet!
1051 604 1147 644 Iam
1188 603 1233 644 id
1263 618 1341 646 vos
1371 606 1542 647 videte:

53 657 163 698 mihi
192 658 316 698 deest
338 659 586 700 consilium.
647 657 736 698 Sed
766 662 909 710 certe,
939 672 1111 714 quoquo
1138 660 1269 701 modo
1291 675 1337 701 se
1367 675 1436 702 res
1465 661 1543 702 ha-

53 714 197 766 bebit,
237 715 355 755 illius
385 715 585 756 misellae
615 717 657 754 ct
694 715 979 755 matrimonio
1010 722 1055 757 et
1084 716 1231 758 sannae
1260 718 1542 758 serviendum

54 775 134 811 cst.
194 770 341 819 Quid?
381 771 541 812 Cicero
571 782 693 811 meus
723 770 828 825 quid
857 771 985 825 aget?
1023 772 1116 813 Iste
1146 787 1249 814 vcro
1281 774 1339 814 sit
1369 775 1414 814 in
1443 774 1542 814 sinu

54 840 232 880 semper
261 830 305 868 et
333 829 563 880 complexu
591 839 704 866 meo.
772 826 875 867 Non
905 841 1016 881 queo
1047 829 1174 883 plura
1202 829 1291 869 iam
1321 831 1542 870 scribere:

55 882 242 936 impedit
270 895 460 925 maeror.
528 883 601 924 Tu
630 880 735 935 quid
765 883 931 936 egeris,
972 885 1148 925 nescio:
1189 889 1335 925 utrum
1374 885 1542 940 aliquid

55 943 231 992 teneas,
263 952 339 992 an,
372 939 487 994 quod
516 943 690 986 metuo,
721 939 851 991 plane
879 940 940 979 sis
971 942 1168 994 spoliata.
1227 941 1465 992 Pisonem,
1495 945 1543 983 ut

55 995 238 1046 scribis,
278 1008 407 1050 spero
439 995 536 1036 fore
564 1008 738 1048 semper
766 999 977 1037 nostrum.
1037 997 1110 1037 De
1139 995 1312 1037 familia
1340 998 1543 1049 liberata,

55 1050 167 1092 nihil
197 1055 288 1103 est,
327 1051 443 1104 quod
482 1056 526 1093 te
555 1054 741 1093 moveat.
807 1052 1012 1092 Primum
1048 1053 1136 1094 tuis
1174 1053 1238 1094 ita
1277 1055 1545 1108 promissum

55 1111 150 1159 est,
180 1110 223 1148 te
252 1108 470 1148 facturam
499 1121 621 1160 esse,
665 1111 713 1147 ut
742 1108 925 1162 quisque
955 1114 1072 1150 esset
1100 1110 1298 1150 meritus.
1355 1110 1440 1151 Est
1469 1123 1545 1150 au-

53 1167 144 1203 tem
184 1163 230 1203 in
269 1162 425 1205 officio
463 1164 608 1205 adhuc
652 1161 885 1217 Orpheus:
935 1168 1169 1218 praeterea
1212 1180 1371 1220 magno
1412 1180 1545 1220 opere

53 1231 197 1262 nemo.
268 1220 530 1262 Ceterorum
568 1233 797 1262 servorum
837 1232 890 1261 ea
929 1233 1062 1263 causa
1101 1226 1192 1274 est,
1232 1228 1306 1275 ut,
1349 1223 1387 1262 si
1418 1235 1488 1263 res
1517 1235 1546 1263 a

149 1364 189 1400 3.
215 1375 251 1397 α.
278 1364 310 1396 d.
341 1362 387 1399 V.
417 1364 506 1397 Kal.
533 1362 648 1405 Mai„
674 1376 734 1399 am
761 1366 818 1400 25.
843 1365 960 1411 April.
988 1377 1021 1398 a.
1048 1366 1081 1398 d.
1108 1366 1163 1398 ΙΙ.
1191 1366 1280 1402 Kal.
1308 1367 1436 1399 Lamb.
1457 1367 1543 1401 Bos.

55 1422 103 1446 ex
128 1411 263 1445 Rutilii
290 1412 451 1445 coniect.
481 1413 648 1446 Rectius:
671 1414 768 1457 prid.
790 1413 877 1446 Kal.
895 1414 998 1447 Maii
1023 1412 1178 1447 Schiitz.
1206 1415 1288 1447 Csr.
1315 1420 1442 1448 tamen
1469 1416 1546 1449 Ga-

55 1461 180 1494 ratoni
206 1460 253 1494 ad
278 1460 403 1493 Plane.
428 1472 463 1505 p.
493 1462 573 1495 226.
605 1461 676 1495 Ed.
704 1467 863 1496 nostrae.
893 1462 1090 1495 ORELLI.
1123 1463 1220 1506 prid.
1248 1463 1336 1497 Kal.
1363 1462 1460 1496 ῙΙῙαί.
1489 1463 1545 1496 le-

56 1508 223 1553 gendum
249 1518 326 1541 esse
353 1514 497 1542 constat
516 1519 561 1541 ex
583 1508 642 1543 die
663 1516 856 1543 extremae
873 1510 1054 1555 epistolae
1071 1510 1258 1556 adscripta
1277 1517 1314 1544 et
1331 1522 1377 1544 ex
1401 1522 1463 1556 ep.
1484 1512 1545 1546 6⁰.

55 1548 272 1590 SGJH‘J'J'Z.
302 1576 341 1581 ——
374 1557 404 1589 O
428 1557 633 1598 affliclum,
663 1559 703 1590 o!
732 1557 796 1590 ich
818 1559 893 1591 tief
917 1559 1137 1604 gebeugtei·.
1160 1577 1202 1582 —
1231 1569 1310 1592 eam
1336 1559 1546 1599 confirmes,

56 1615 96 1637 so
123 1603 258 1637 bleibst
284 1603 334 1637 du
359 1605 398 1636 in
425 1605 518 1638 Rom
547 1605 624 1638 und
649 1605 865 1639 beffirderst
890 1605 991 1639 diese
1026 1605 1224 1655 Hoffnung
1250 1607 1369 1641 durch
1394 1607 1545 1655 th‘sitige

53 1650 285 1686 Nachhfflfe.
321 1670 363 1675 ——
401 1663 475 1686 rem
509 1653 675 1693 ηιίἱιιηέ,
712 1654 842 1688 hamb.
878 1665 920 1686 re
950 1654 1023 1687 adi.
1058 1672 1101 1677 —
1133 1655 1190 1687 sin
1229 1659 1454 1688 transacieam
1479 1660 1546 1696 ese,

54 1701 103 1734 ist
128 1700 216 1745 qber
239 1700 340 1733 Alles
367 1700 509 1734 vorbei.
536 1721 577 1727 ·-
606 1701 691 1745 quid
718 1702 755 1735 T.
783 1699 865 1735 mezi
883 1701 980 1742 fiet!
1005 1701 1040 1736 S.
1067 1702 1221 1736 Ramsh.
1249 1703 1278 1745 ξ.
1308 1705 1389 1745 143,
1415 1706 1448 1739 2.
1482 1703 1546 1737 sic

55 1747 266 1783 rectissime
292 1748 370 1782 Md.
398 1759 530 1797 margo
557 1750 661 1784 Crat.
689 1750 790 1783 Vict.
818 1753 850 1784 1.
878 1753 914 1786 2.
948 1751 1081 1785 Lamb.
1108 1750 1194 1794 quid
1218 1751 1259 1784 dc
1288 1752 1326 1785 T.
1353 1762 1399 1784 ex
1427 1752 1547 1785 inter-

56 1796 246 1842 polatione
279 1798 391 1831 Basil.
428 1800 529 1831 Crat.
570 1798 708 1832 Graev.
747 1799 839 1832 Ern.
874 1799 1012 1832 Bened.
1037 1798 1124 1834 Sch.
1151 1801 1249 1835 Liin.
1278 1799 1474 1834 ORELLI.
1502 1819 1547 1825 —

54 1844 282 1878 serviendum
308 1850 382 1886 ese,
418 1846 479 1880 die
513 1846 628 1881 Arme
654 1846 752 1880 wird
777 1847 886 1880 ihrer
911 1845 995 1881 Ehe
1021 1859 1055 1880 u.
1081 1847 1183 1881 ihres
1208 1854 1321 1893 guten
1348 1849 1442 1882 Rufs
1468 1860 1546 1882 we-

57 1903 130 1939 geu
155 1893 448 1928 zuriickbleiben
473 1897 636 1929 miissen.
661 1895 696 1929 S.
725 1894 794 1940 Ep.
813 1893 921 1929 VIII.
940 1892 1006 1928 'am
1023 1895 1141 1929 Ende.
1172 1914 1211 1920 -
1244 1896 1397 1936 cicero,
1424 1896 1547 1931 dieser

56 1941 205 1988 einzige
231 1943 332 1975 Sohn
359 1954 440 1976 war
465 1943 635 1977 damahls
660 1945 683 1978 6
703 1943 757 1976 bis
779 1946 798 1978 7
825 1944 914 1977 Iahr
939 1944 1006 1979 alt.
1034 1962 1078 1968 -
1104 1949 1225 1978 utrum
1245 1944 1387 1989 aliquid
1410 1949 1547 1987 teneas,

55 1989 101 2023 ob
128 1990 190 2022 Du
214 1990 315 2023 noch
340 1991 468 2024 Etwas
494 1991 690 2034 besitzest‚
717 1998 882 2039 gerettet
905 1990 1048 2026 habest.

150 2038 182 2071 4.
210 2038 388 2071 Pisonem.
437 2039 522 2072 Sein
549 2039 879 2087 Schwiegersohn.
906 2040 945 2076 S.
972 2051 1030 2085 op.
1058 2040 1171 2077 vm.
1199 2052 1258 2073 am
1285 2040 1412 2077 Ende‚
1438 2042 1483 2084 L,
1509 2042 1545 2077 3.

55 2085 187 2129 LXIX,
214 2088 245 2121 2.
274 2087 475 2121 LXXVIII.
503 2091 534 2122 1.
561 2089 721 2130 LXXIX,
747 2089 783 2123 3.
809 2089 972 2127 LXXXI,
992 2091 1027 2123 3.
1058 2107 1102 2113 —
1129 2088 1186 2121 De
1200 2089 1361 2131 familia
1388 2090 1549 2124 liberata

57 2139 128 2168 cet.
163 2135 295 2176 „XVas
322 2135 382 2168 die
404 2136 643 2184 Freilassung
661 2147 818 2170 unserer
834 2136 998 2170 Sklaven
1027 2137 1184 2178 betfiffl,
1210 2148 1249 2171 so
1276 2137 1354 2171 seh'
1372 2137 1437 2171 ich
1462 2137 1547 2172 kei-

56 2192 129 2215 nen
157 2183 288 2216 Grund
322 2182 425 2216 Dich
458 2184 677 2232 desswegen
710 2196 758 2217 zu
788 2184 1094 2232 beunruhigen.“
1142 2185 1202 2218 sie
1237 2186 1341 2219 hatte
1375 2187 1547 2234 mim-licii

57 2230 215 2277 geliiirt,
251 2231 386 2266 Cicero
413 2233 506 2266 habe
531 2233 604 2267 alle
639 2233 740 2266 seine
766 2245 802 2267 u.
830 2232 916 2267 ihre
943 2232 1106 2267 Skiaven
1133 2234 1390 2282 freigelassen.
1440 2227 1547 2270 Uber

55 2278 149 2311 nihil
174 2283 226 2312 est
253 2281 348 2323 quod
371 2291 404 2316 c.
435 2281 539 2314 Coni.
568 2294 594 2314 s.
620 2281 771 2316 Ramsh.
798 2281 827 2323 §.
856 2283 938 2322 18⁴,
968 2284 999 2322 l,
1027 2283 1071 2314 N.
1100 2283 1131 2315 1.
1160 2282 1409 2324 Grotef.432‚
1434 2282 1547 2317 Anu]-

57 2327 88 2360 2.
115 2328 289 2368 „Haereo
308 2328 347 2361 in
364 2329 547 2363 vocabulo
574 2329 743 2363 liberata.
793 2329 987 2372 Quomodo
1010 2329 1201 2375 liberatam
1226 2331 1318 2365 dicit
1343 2331 1546 2374 familiam,

57 2384 173 2417 quum
200 2377 316 2410 servis
342 2377 392 2410 ita
420 2378 613 2411 dumtaxat
637 2376 820 2423 promissa
847 2383 940 2411 esset
960 2379 1224 2419 manumissio,
1250 2380 1280 2412 si
1302 2379 1417 2412 fidem
1433 2390 1546 2425 prae·

58 2422 260 2456 stitissent?
292 2431 334 2458 ut
360 2426 555 2469 colligitur
580 2437 600 2459 e
627 2437 707 2470 sqq.
734 2426 868 2459 Fuitne
895 2426 1016 2473 igitur
1041 2427 1246 2469 libcramla,
1274 2432 1337 2460 aut
1364 2437 1439 2471 quo
1464 2438 1546 2460 ma-

60 2468 117 2514 gis
150 2470 296 2505 animus
327 2473 504 2508 inclinat:
537 2474 579 2507 de
600 2474 765 2515 stmzilla
797 2475 937 2508 urbana
969 2475 1059 2516 (cfr.
1096 2475 1185 2508 infr.
1222 2486 1278 2519 ep.
1315 2475 1366 2514 7.)
1394 2475 1464 2508 —'.’
1499 2475 1546 2509 de

58 2517 196 2550 rustica
220 2526 342 2562 certe,
370 2523 483 2556 etiam
509 2522 629 2564 fideli,
655 2522 847 2556 liberanda
873 2534 948 2556 non
982 2524 1239 2571 cogitabant.“
1276 2522 1471 2556 ORELLI.
1500 2542 1545 2548 —

60 2564 126 2597 ΕΜ
153 2566 190 2598 in
215 2566 362 2612 efficio,
389 2581 430 2604 er
455 2569 542 2604 thut
566 2569 667 2605 noch
704 2570 803 2604 seine
842 2571 992 2606 Pssicht.
1030 2591 1071 2596 —
1115 2582 1224 2603 nemo.
1261 2571 1362 2604 Mira
1388 2570 1544 2610 Schiitz.

59 2625 155 2657 susp.
186 2614 336 2649 Mnemo.
364 2617 556 2651 Sententia
575 2625 648 2654 est:
674 2625 854 2664 „praeter
872 2619 1062 2664 Orpheum
1085 2619 1210 2651 nullus
1237 2619 1318 2652 sere
1345 2630 1545 2654 servorum

58 2662 97 2692 in
134 2662 257 2695 officio
293 2667 387 2699 est.‘¹
421 2667 616 2699 ORELLI.
653 2685 695 2690 —-
734 2669 767 2700 si
800 2678 858 2700 res
885 2678 905 2700 a
934 2668 1034 2699 nobis
1061 2667 1213 2702 atn'sset,
1253 2666 1305 2698 im
1331 2668 1436 2701 Faue
1462 2668 1544 2702 dass

57 2710 130 2742 mir
164 2711 264 2743 mein
298 2713 516 2761 Verni'dgen
543 2726 770 2761 genommen
796 2717 938 2749 xviii-de.
990 2716 1050 2747 Sic
1077 2715 1218 2747 amicus
1252 2715 1450 2759 Lambini,
1483 2716 1542 2750 Si-
