1742 3006
101 146 105 149 1
142 80 237 128 540
417 80 481 123 M.
512 82 569 123 Τ.
602 77 942 123 CICERONIS
973 78 1347 123 EPISTOLAE.

326 211 639 255 EPISTOLA
670 209 886 254 CLVIII.
942 210 1022 264 (ad
1052 211 1109 262 Q.
1138 213 1212 253 Fr.
1241 210 1329 252 III.
1359 210 1421 260 8.)

260 286 339 320 Scr.
364 286 503 320 Romae
527 290 687 319 exeunte
712 283 918 322 Novembr.
943 284 986 319 A.
1012 285 1058 320 U.
1084 285 1125 320 C.
1151 285 1229 320 70⁰.
1279 285 1327 328 (a.
1354 286 1394 318 C.
1420 284 1496 327 54.)

141 356 324 390 Hortatur
348 353 530 393 fratrem,
563 357 604 385 ut
637 351 793 385 militiae
817 351 962 386 labores
985 357 1023 385 et
1047 356 1190 394 cetera,
1227 361 1323 396 quae
1348 351 1470 396 ipsum
1497 350 1614 385 offen-

143 403 253 445 dant,
278 401 457 447 perferat.
475 402 508 434 1.
535 399 670 433 deinde
697 400 741 433 de
768 399 941 433 cautione
967 399 1005 433 in
1030 399 1152 434 literis
1177 399 1305 433 dandis
1331 398 1554 433 adhibenda.
1581 401 1614 434 2.

142 451 187 484 de
212 452 384 495 poe'mate
410 448 455 481 ad
481 448 678 483 Caesarem
703 447 957 492 perficiendo,
989 447 1035 481 de
1070 459 1132 492 spe
1164 448 1447 481 candidatorum
1483 456 1615 480 consu-

141 499 236 533 latus
262 502 300 531 et
325 496 530 531 dictaturae
556 501 669 528 metu.
694 496 786 529 3-4.
815 495 860 528 de
885 494 1037 529 Serrani
1061 495 1132 528 filii
1157 496 1302 530 funere.
1326 497 1362 531 5.
1390 496 1435 530 de
1460 494 1617 530 Milonis

545 543 720 576 ludorum
765 548 946 589 apparatu
985 542 1129 577 scribit.
1172 545 1207 578 6.

606 622 804 658 MARCUS
837 621 878 664 Q.
909 620 1088 657 FRATRI
1111 623 1145 655 S.

252 690 482 746 Superiori
511 689 723 744 epistolae
750 688 867 743 quod
895 690 1210 743 respondeam,
1240 688 1347 730 nihil
1377 693 1468 731 est:
1505 703 1616 745 quae

141 747 270 802 plena
296 745 512 788 stomachi
541 750 584 786 et
620 746 896 799 querelarum
925 750 1014 795 est;
1052 758 1137 800 quo
1167 746 1214 785 in
1243 759 1401 798 genere
1430 747 1614 787 alteram

141 817 310 858 quoque
339 806 382 844 te
411 801 569 843 scribis
598 801 745 856 pridie
773 801 971 841 Labieno
1010 800 1212 850 dedisse3
1251 803 1325 855 qui
1353 800 1498 842 adhuc
1526 815 1614 842 non

140 862 334 902 venerat.
401 857 579 899 Delevit
608 859 725 898 enim
755 856 867 897 mihi
896 870 1066 897 omnem
1107 857 1353 897 molestiam
1392 858 1616 898 recentior
1650 900 1657 903 ,

142 916 339 970 epistola.
412 914 606 955 Tantum
635 917 679 955 te
706 915 751 953 et
778 925 932 953 moneo
962 916 1006 953 et
1048 925 1178 966 rogo,
1215 916 1264 952 ut
1301 913 1346 953 in
1387 913 1484 953 istis
1521 926 1614 954 mo-

143 972 285 1013 lestiis
335 973 382 1011 et
427 969 649 1010 laboribus
698 970 742 1009 et
790 967 1023 1009 desideriis
1074 967 1334 1020 recordere,
1380 968 1614 1009 consilium

141 1032 341 1068 nostrum
369 1024 485 1079 quod
515 1024 649 1064 fuerit
688 1023 977 1077 profectionis
1014 1026 1126 1064 tuae.
1198 1023 1301 1064 Non
1341 1024 1455 1064 enim
1494 1037 1614 1065 com-

141 1083 273 1123 moda
313 1080 526 1135 quaedam
573 1080 860 1134 sequebamur
897 1091 1034 1132 parva
1071 1091 1125 1119 ac
1160 1080 1417 1121 mediocria.
1492 1079 1613 1129 Quid

142 1140 262 1180 enim
302 1140 421 1188 erat,
474 1134 592 1189 quod
630 1135 826 1175 discessu
873 1138 1025 1175 nostro
1064 1135 1296 1176 emendum
1336 1135 1615 1189 putaremus?

139 1192 424 1235 Praesidium
450 1189 753 1231 firmissimum
781 1190 1031 1243 petebamus
1062 1203 1115 1231 ex
1152 1190 1307 1246 optimi
1336 1196 1379 1232 et
1408 1191 1617 1245 potentis-

140 1249 244 1290 simi
272 1247 361 1289 viri
388 1246 694 1288 benevolentia
723 1244 780 1287 ad
809 1259 982 1287 omnem
1011 1250 1172 1287 statum
1210 1250 1387 1287 nostrae
1424 1246 1615 1300 dignita-

139 1305 212 1347 tis.
278 1304 420 1345 Plura
446 1305 667 1357 ponuntur
694 1300 739 1341 in
776 1314 879 1355 spe,
925 1314 1053 1355 quam
1092 1301 1139 1342 in
1179 1302 1398 1356 pecuniis:
1446 1303 1615 1356 reliqua

141 1360 202 1401 ad
230 1360 450 1401 iacturam
479 1361 715 1399 struentur.
793 1356 943 1406 Quare
972 1357 1011 1397 si
1040 1358 1194 1398 crebro
1224 1358 1392 1399 referes
1421 1358 1614 1398 animum

138 1420 261 1458 tuum
290 1415 347 1456 ad
376 1414 592 1455 rationem
633 1418 678 1455 et
705 1413 866 1454 veteris
896 1412 1071 1454 consilii
1100 1414 1241 1454 nostri
1271 1418 1316 1455 et
1344 1414 1460 1467 spei,
1505 1413 1614 1454 saci-

139 1473 224 1514 lius
264 1471 373 1513 istos
410 1470 597 1511 militiae
635 1469 805 1510 labores
843 1472 1101 1523 ceteraque,
1142 1483 1253 1524 quae
1292 1473 1335 1511 te
1372 1469 1612 1521 offendunt,

139 1529 278 1570 feres:
319 1530 364 1569 et
390 1529 564 1578 tamen,
593 1539 724 1580 quum
752 1525 898 1576 voles,
928 1525 1131 1580 depones.
1189 1525 1281 1568 Sed
1311 1525 1403 1566 eius
1433 1526 1498 1566 rei
1521 1538 1612 1567 ma-

234 1686 267 1719 1.
300 1683 470 1718 Labieno.
501 1682 538 1717 S.
570 1692 629 1728 ep.
665 1679 775 1722 CLV,
801 1683 835 1717 2.
884 1682 995 1718 C'asar
1030 1681 1135 1716 hatte
1168 1680 1262 1723 ihu,
1299 1680 1344 1715 da
1370 1681 1429 1715 die
1457 1681 1613 1728 Kriegs-

137 1732 383 1779 operationen
408 1731 528 1764 dieses
553 1731 662 1764 Iahrs
686 1730 865 1777 beendigt
889 1730 1064 1764 schienen
1080 1754 1091 1772 ,
1117 1728 1217 1763 nach
1232 1730 1326 1763 Rom
1352 1729 1611 1773 abgeschickt.

137 1800 183 1807 --
209 1779 362 1814 desider.
389 1792 438 1809 z
462 1779 592 1818 rebus,
618 1790 711 1822 quae
736 1783 774 1811 te
801 1777 1016 1820 offendunt,
1040 1777 1220 1811 Anla‘ssen
1245 1789 1312 1811 zur
1335 1777 1611 1812 Unzufrieden-

136 1827 233 1863 heit.
259 1846 303 1853 —-
335 1827 494 1871 profect.
521 1830 568 1867 t.,
600 1838 676 1860 was
708 1827 774 1860 fiir
806 1826 890 1860 eine
927 1826 1083 1860 Absicht
1107 1826 1181 1859 wir
1205 1825 1266 1858 bei
1299 1825 1438 1859 Deiner
1460 1825 1613 1860 Abreise

136 1877 207 1920 (als
231 1875 349 1923 Legat
374 1886 458 1908 zum
485 1874 611 1916 Casar)
636 1885 705 1907 vor
735 1873 867 1918 Augen
892 1873 1035 1908 hatten.
1070 1892 1113 1898 —
1148 1872 1286 1916 sequeb.
1311 1886 1360 1903 z
1384 1874 1612 1918 petebamus,

138 1925 213 1959 wir
244 1923 400 1957 suchten
430 1920 600 1955 dadurch
635 1933 683 1954 zu
716 1921 908 1968 erlangen.
951 1940 994 1944 —
1046 1920 1140 1955 Quid
1171 1945 1180 1954 .
1214 1946 1222 1953 .
1255 1944 1264 1953 .
1298 1925 1397 1959 erat,
1432 1921 1532 1965 quod.
1575 1923 1611 1954 S.

141 1972 290 2010 Grotef.
315 1970 345 2013 §.
373 1970 456 2005 432.
481 1969 587 2002 Anm.
622 1970 655 2004 2.
689 1968 839 2003 Ramsh.
875 1968 910 2012 ἕ.
947 1968 1027 2010 184,
1066 1970 1098 2002 1.
1133 1969 1213 2009 204,
1246 1969 1281 2008 3,
1312 1978 1345 2000 c.
1380 1985 1422 1993 —-
1460 1969 1614 2002 discessu

139 2024 267 2054 nostro
300 2018 441 2059 (durch
472 2027 604 2051 unsere
638 2016 860 2064 Trennung)
890 2016 1066 2048 emendum
1091 2030 1140 2046 z
1164 2016 1363 2049 merendum
1395 2027 1454 2061 ap.
1481 2017 1610 2050 Lamb.

140 2088 186 2094 —-
215 2068 329 2101 Plura
352 2077 435 2110 pon.
461 2064 501 2099 in
525 2075 595 2108 spe.
621 2071 714 2107 cet.,
741 2075 828 2097 man
854 2064 1009 2097 rechnet
1032 2063 1084 2096 im
1104 2063 1229 2096 Leben
1254 2063 1391 2096 immer
1414 2065 1522 2098 mehr
1547 2065 1614 2098 auf

137 2115 336 2162 Hoffnung
361 2115 415 2147 als
441 2114 506 2146 auf
531 2112 628 2148 Geld
652 2112 705 2146 im
731 2112 884 2148 Kasten.
920 2129 962 2135 —
997 2111 1105 2156 reliq.
1133 2111 1182 2144 ad
1203 2111 1290 2144 iact.
1315 2115 1499 2146 struenlur
1524 2112 1548 2144 i.
1578 2123 1608 2146 e.

139 2164 286 2208 reliqua
317 2161 588 2204 emolumenta,
627 2166 670 2194 ut
700 2161 963 2205 pecuniarum,
1003 2159 1057 2192 sic
1096 2159 1168 2192 tibi
1211 2159 1377 2204 parabis,
1418 2166 1459 2193 ut
1495 2160 1609 2193 etiam

137 2213 320 2246 iacturam
351 2219 499 2248 eorum,
537 2209 567 2242 si
605 2208 805 2247 acciderit,
838 2208 939 2241 ferre
974 2217 1091 2252 aequo
1124 2206 1247 2240 animo
1277 2207 1403 2252 possis.
1430 2207 1537 2241 SCH.
1565 2226 1605 2232 —

138 2260 286 2303 referre
309 2257 462 2291 animum
496 2257 562 2300 ad,
596 2256 722 2290 Etwas
754 2254 1006 2302 beherzigen‚
1042 2253 1124 2288 sich
1156 2266 1201 2288 zu
1234 2254 1424 2289 Gemiithe
1456 2255 1609 2289 f‘uhren.

138 2323 184 2334 --
209 2308 361 2350 depones
385 2304 476 2338 haec
502 2315 628 2338 onera.
680 2304 757 2337 Der
781 2302 1040 2337 Britannische
1065 2302 1234 2350 Feldzug
1258 2314 1338 2336 war
1363 2302 1432 2336 mit
1458 2313 1610 2349 grosseti

138 2352 435 2391 Beschwerden,
472 2351 560 2385 aber
585 2352 655 2385 mit
681 2351 766 2386 sehr
800 2351 980 2399 gei-ingen
1006 2349 1231 2384 Vortheilen
1258 2351 1322 2383 fiir
1346 2350 1405 2384 die
1434 2350 1609 2383 Officiere

168 2402 309 2436 efiihrt.
357 2398 454 2434 Statt
480 2400 547 2433 der
571 2411 647 2433 nun
681 2399 720 2432 in
757 2399 907 2433 Gallien
938 2404 1163 2432 erwarteten
1200 2398 1397 2444 Erholung
1431 2396 1609 2431 wahrend

166 2461 202 2484 es
233 2449 414 2484 Winters
448 2447 563 2480 brach
597 2448 657 2480 ein
691 2447 868 2481 wahrend
900 2446 967 2479 der
993 2444 1253 2479 Abwesenheit
1279 2445 1341 2479 des
1369 2447 1496 2480 essars
1521 2456 1608 2478 vor-

139 2497 341 2532 bereiteter
366 2494 551 2528 Aufstand
575 2495 614 2527 in
640 2495 794 2542 Belgien
821 2507 902 2536 aus,
929 2494 996 2527 der
1018 2494 1126 2527 einen
1152 2492 1473 2527 beschwerlichen
1490 2493 1609 2525 Win-

139 2545 347 2591 terfeldzug·
371 2542 507 2590 n‘rjthig
532 2541 692 2576 machte.
718 2543 752 2577 S.
775 2546 874 2576 Caes.
892 2542 935 2574 de
962 2544 1000 2575 B.
1027 2542 1071 2574 G.
1098 2540 1180 2575 Lib.
1202 2542 1243 2573 V.
1295 2540 1451 2582 Quintus
1476 2539 1608 2575 Cicero

139 2592 272 2627 belcam
300 2591 452 2624 freilicli
477 2589 726 2638 Gelegenheit
757 2591 809 2624 im
845 2592 987 2623 Canton
1021 2590 1086 2622 der
1113 2589 1276 2622 Nervier
1303 2588 1372 2628 (im
1401 2588 1482 2622 ietz.
1510 2590 1608 2620 Hen-

140 2641 280 2684 negau)
308 2639 384 2671 sich
417 2639 501 2672 dem
538 2641 647 2671 casar
673 2637 793 2671 durch
823 2648 915 2670 neue
944 2637 1087 2670 Proben
1113 2647 1185 2671 von
1219 2636 1456 2681 Tapferkeit,
1493 2635 1608 2678 Klug-

141 2689 218 2722 heit
245 2687 317 2720 und
345 2685 695 2720 Geschicklicbkeit
724 2698 766 2719 zu
794 2684 1029 2730 ennpfelilen3
1066 2685 1152 2717 aber
1178 2694 1219 2716 er
1244 2684 1380 2716 befand
1406 2683 1483 2715 sich
1512 2681 1607 2715 doeh

141 2736 301 2770 daselbst
336 2735 372 2767 in
407 2734 510 2768 einer
546 2733 793 2781 scliwictigcn
828 2734 926 2780 hage
952 2733 1026 2766 und
1054 2731 1151 2766 ohne
1178 2731 1324 2766 sichere
1350 2730 1520 2764 Aussicht
1547 2730 1612 2762 aut'
