1742 3006
456 87 773 134 EPISTOLA
804 86 1108 132 LXXXVII,
1442 85 1532 136 301

58 205 266 260 pecuniae
296 202 373 246 dat
400 203 662 258 potestatem
703 203 747 241 et
773 198 979 254 adiungit
1008 201 1193 242 classem
1222 202 1266 241 et
1293 201 1535 242 exercitum

57 258 102 303 et
130 262 272 310 maius
303 259 535 314 imperium
564 257 610 297 in
638 256 893 311 provinciis,
923 268 1054 319 quam
1083 257 1141 298 sit
1169 269 1334 309 eorum,
1363 256 1439 311 qui
1461 270 1536 298 eas

16 347 17 352 η
57 318 294 359 obtineant.
366 315 448 356 Illa
483 316 637 354 nostra
665 313 738 353 lex
765 311 1008 352 consularis
1047 325 1162 353 nunc
1189 312 1388 354 modesta
1410 312 1537 354 vide-

58 378 153 426 tur,
193 373 303 414 haec
331 369 488 412 Messii
517 381 606 410 non
635 366 832 410 ferenda.
918 366 1156 421 Pompeius
1195 369 1318 409 illam
1345 368 1455 410 velle
1483 381 1532 409 se

61 429 198 482 dicit,
240 426 482 469 familiares
509 424 637 465 hanc.
711 422 1002 474 Consulares,
1042 422 1154 464 duce
1181 423 1406 474 Favonio,
1446 423 1533 465 sre-

59 488 206 534 munt3
254 496 332 524 nos
361 486 569 532 tacemus,
600 482 645 521 et
672 493 724 520 eo
754 479 918 533 magis,
965 477 1083 533 quod
1123 478 1179 519 de
1215 479 1348 521 domo
1387 483 1539 521 nostra

60 540 171 580 nihil
209 538 355 579 adhuc
394 536 630 593 pontifices
671 535 1002 590 responderunt.
1070 532 1161 583 Qui
1200 535 1239 576 si
1279 535 1541 577 sustulerint

16 601 19 620 ⁴
60 595 340 650 religionem,
406 605 557 634 aream
602 591 874 646 praeclaram
925 589 1207 639 habebimus3
1263 590 1540 643 superficiem

16 644 19 698 ἶ
60 651 258 692 consules
286 663 339 690 ex
368 652 541 689 senatus
571 648 767 688 consulto
798 646 1111 688 aestimabunt:
1163 646 1232 687 sin
1270 646 1427 699 aliter,
1467 646 1542 688 de-

59 706 317 754 molientum
366 718 446 745 suo
476 704 650 745 nomine
679 703 909 752 locabunt3
949 715 1040 743 rem
1070 704 1208 743 totam
1238 702 1542 744 aestimabunt.

59 762 134 803 Ita
161 766 260 802 sunt
289 774 360 801 res
389 764 590 809 nostrae3
631 762 679 799 ut
707 759 753 798 in
782 757 998 810 secundis,
1028 756 1195 807 fluxae3
1232 761 1280 798 ut
1307 758 1353 799 in
1383 758 1541 800 adver-

61 818 138 868 sis,
167 817 319 858 bonae.
377 816 431 856 In
460 829 509 856 re
538 814 752 855 familiari
780 813 906 855 valde
935 827 1109 865 sumus,
1139 818 1187 854 ut
1215 814 1328 866 scis,
1368 819 1542 869 pertur-

61 871 166 914 bati.
225 873 466 913 Praeterea
494 876 594 911 sunt
622 869 837 924 quaedam
867 869 1122 921 domestica,
1152 882 1263 925 quae
1284 869 1427 911 literis
1455 884 1543 912 non

62 928 305 970 committo.
366 926 577 976 Quintum
607 925 806 974 fratrem,
836 925 999 977 insigni
1028 926 1206 979 pietate,
1236 924 1424 978 virtute,
1455 925 1547 967 fide

63 983 311 1039 praeditum
339 982 404 1024 sic
433 995 555 1034 amo,
601 986 648 1022 ut
677 981 828 1022 debeo.
909 980 980 1021 Te
1009 985 1238 1034 exspect03
1278 984 1324 1021 et
1351 994 1456 1034 oro,
1496 985 1545 1023 ut

62 1045 254 1081 matures
292 1039 442 1081 venire
484 1050 622 1092 eoque
653 1037 797 1078 animo
827 1036 1002 1087 venias,
1050 1040 1099 1077 ut
1139 1049 1211 1077 me
1252 1038 1328 1076 tuo
1357 1037 1544 1078 consilio

64 1109 192 1150 egere
229 1109 316 1136 non
353 1094 485 1135 sinas.
563 1093 760 1134 Alterius
798 1092 916 1133 vitae
955 1091 1175 1146 quoddam
1215 1091 1393 1133 initium
1423 1093 1542 1134 ordi-

16 1163 19 1191 ;
63 1164 175 1194 mur.
232 1151 329 1193 Iam
359 1149 561 1205 quidam,
611 1149 687 1203 qui
725 1161 806 1190 nos
837 1149 1037 1192 absentes
1068 1147 1383 1202 defenderunt,
1431 1149 1544 1191 inci-

1301 1241 1331 1276 (t

65 1367 195 1401 macht
228 1366 322 1401 iiber
355 1366 414 1399 die
448 1366 503 1399 im
529 1364 666 1401 Schatz
703 1365 945 1412 vorriithigen
971 1365 1111 1401 Gelder
1143 1366 1326 1413 zuspielen
1351 1366 1433 1401 will
1457 1376 1491 1400 u.
1518 1378 1547 1400 s.

65 1427 111 1449 w.
137 1433 184 1440 -
210 1425 316 1458 quam
340 1415 388 1448 sie
413 1424 540 1448 eorum
566 1422 651 1457 cet.,
679 1414 730 1448 als
755 1415 815 1448 die
840 1415 906 1449 der
931 1416 1124 1460 sonstigen
1149 1415 1384 1453 Statthalter.
1412 1433 1455 1440 -
1482 1424 1549 1448 no-

67 1466 146 1496 stra
173 1463 229 1496 lez·
255 1464 390 1496 consul.
445 1461 558 1495 Suam
581 1469 708 1505 vocat,
746 1463 832 1508 quia
857 1475 877 1495 e
902 1463 1001 1497 SCto
1026 1464 1066 1496 in
1092 1465 1172 1498 eius
1198 1464 1418 1498 sententiam
1444 1464 1548 1497 facta

68 1517 159 1544 erat.
185 1510 294 1544 SCH.
324 1529 365 1534 —
384 1510 604 1551 familiares
631 1512 721 1550 eim,
749 1512 852 1544 seine
880 1513 1111 1545 vertrauteu.
1142 1531 1181 1537 —
1211 1514 1264 1546 M.
1290 1511 1469 1548 Favonio.
1509 1512 1547 1544 S.

69 1570 125 1603 ep.
153 1557 250 1598 XIX,
277 1558 310 1592 5.
337 1558 468 1601 XXVI,
495 1559 528 1592 9.
557 1579 600 1584 —
631 1559 811 1601 fremere,
837 1560 915 1593 laut
940 1571 1106 1594 murren.
1131 1579 1176 1585 —
1199 1559 1414 1605 pontifices,
1450 1560 1549 1593 deun

16 1632 19 1649 -,
68 1606 134 1640 auf
158 1606 221 1638 der
246 1605 369 1647 stelle,
398 1617 453 1639 wo
482 1607 642 1639 Cicero‘s
668 1608 767 1640 Haus
795 1607 1011 1652 gestanden,
1039 1620 1113 1641 war
1140 1609 1206 1642 der
1231 1609 1387 1642 Gottinn
1415 1608 1550 1642 Liber-

17 1664 19 1680 e
68 1662 124 1688 tas
149 1654 210 1686 ein
235 1653 378 1686 kleiner
403 1654 558 1698 Tempel
585 1655 731 1691 erbaut.
761 1673 804 1679 -—
832 1655 901 1690 Qui
925 1680 933 1687 .
961 1681 968 1688 .
998 1680 1006 1690 .
1034 1656 1270 1699 «religionem,
1299 1658 1420 1689 WV-enn
1448 1656 1550 1689 diese

17 1706 19 1746 j
68 1702 127 1735 die
153 1701 382 1735 Dedication
409 1702 474 1734 fiir
500 1703 671 1747 ungiiltig
698 1703 884 1736 erklaren.
921 1721 965 1729 —-
1015 1715 1162 1745 aream,
1195 1706 1304 1738 einen
1330 1705 1436 1738 Platz
1461 1716 1551 1738 zum

69 1753 207 1784 Rauen.
237 1768 280 1775 —-
330 1749 573 1794 superficiem,
609 1751 681 1784 den
710 1751 846 1784 VVerth
886 1751 949 1784 des
976 1752 1176 1785 Gebfiudes
1208 1753 1247 1785 in
1275 1752 1451 1786 Hinsicht
1485 1751 1550 1785 des

17 1793 19 1833 ἓ
67 1798 215 1834 Bodens
231 1799 389 1840 (areae),
419 1799 567 1831 worauf
583 1809 620 1831 es
640 1799 855 1843 gestanden.
900 1799 1127 1834 S.Pandect.
1146 1801 1244 1841 XLI,
1271 1802 1308 1843 3,
1335 1802 1399 1837 23:
1426 1801 1551 1847 Quum

68 1847 175 1880 aedes
207 1857 249 1879 ex
283 1846 424 1879 duabus
456 1847 566 1879 rebus
600 1854 787 1886 constent,
830 1859 873 1880 ex
914 1847 992 1882 solo
1026 1855 1064 1881 et
1097 1849 1312 1894 superficie.
1365 1850 1447 1894 Vgl.
1476 1849 1550 1882 das.

69 1894 236 1935 XXXIX,
263 1895 298 1934 2,
327 1895 381 1929 18.
409 1895 540 1933 XL111‚
569 1897 624 1936 17,
649 1896 683 1932 3.
711 1896 745 1938 ἕ.
774 1898 807 1930 7.
834 1896 918 1929 Liv.
945 1897 994 1939 V,
1021 1898 1079 1933 54.
1118 1898 1195 1930 Cic.
1224 1897 1271 1930 ad
1297 1897 1411 1930 Attic.
1438 1898 1503 1939 IV,
1527 1898 1551 1932 2

69 1944 158 1986 (88).
176 1955 230 1966 ’-
254 1942 313 1975 εἰη
339 1942 464 1981 aliter,
492 1943 580 1976 salit
605 1943 668 1976 das
693 1943 910 1976 Gutachten
946 1943 1079 1977 anders
1106 1957 1183 1979 aus.
1209 1963 1257 1969 —
1300 1945 1551 1987 demolientur,

68 2003 137 2034 „so
163 1990 311 2024 werden
343 1990 401 2022 die
428 1991 634 2033 Consulen,
678 1992 773 2024 ohne
806 1992 873 2025 auf
905 1991 969 2025 das
998 1993 1214 2026 Gutachten
1242 1993 1306 2026 der
1332 1994 1551 2032 Pontifices,

69 2040 135 2072 auf
159 2037 306 2072 welche
335 2038 480 2072 Clodius
506 2039 606 2072 noch
633 2040 797 2073 Einfluss
823 2039 947 2073 haben
974 2040 1125 2083 konnte,
1152 2041 1366 2074 nncksicht
1390 2053 1437 2074 zu
1454 2040 1551 2074 neh-

67 2098 164 2128 men,
190 2086 258 2119 den
283 2085 452 2118 Porticus
481 2086 545 2119 des
574 2087 729 2121 Clodius
756 2088 934 2133 abtragen
959 2088 1095 2132 lassen,
1125 2090 1219 2122 iiber
1246 2089 1320 2122 deu
1347 2090 1424 2123 Bau
1449 2090 1551 2123 eines

69 2145 189 2168 neuen
217 2136 354 2167 Hauses
381 2134 444 2166 f'ur
471 2135 573 2167 mich
601 2136 640 2168 iu
667 2136 790 2169 ihrem
808 2138 952 2170 Namen
980 2138 1221 2170 contrahiren
1248 2138 1323 2170 und
1350 2139 1411 2171 die
1435 2148 1550 2182 ganze

68 2182 536 2226 Entschadigungssumme
560 2183 625 2216 fur
650 2183 756 2218 mich
783 2185 1044 2219 bestimme11.“
1102 2187 1177 2218 Das
1202 2187 1299 2219 Haus
1326 2186 1388 2220 des
1414 2187 1549 2220 Cicero

17 2254 20 2266 .
69 2242 144 2264 war
169 2229 471 2274 unrechtmiissig
497 2232 678 2275 geweiht3
705 2233 867 2280 folglich
893 2234 1054 2266 konnten
1082 2233 1143 2266 die
1171 2235 1356 2268 Consulen
1389 2235 1456 2268 ihn
1483 2245 1549 2278 ge-

68 2290 140 2322 gen
167 2278 228 2311 die
254 2278 453 2312 Pontifices
480 2278 675 2313 schiitzen.
743 2283 780 2317 5.
817 2282 881 2314 das
907 2282 1121 2315 Giitaeliten
1156 2282 1222 2315 der
1256 2283 1460 2316 Pontifices
1496 2283 1549 2314 im

18 2323 19 2348 ἶ
68 2327 101 2369 §-
127 2328 163 2361 3.
193 2326 256 2359 des
281 2326 372 2371 folg.
399 2328 460 2360 ΒΓ.
511 2328 677 2362 Tunstall
703 2341 736 2373 p.
765 2331 807 2364 77
834 2330 954 2363 findet
979 2329 1118 2363 iedoch
1145 2330 1268 2363 demol.
1296 2331 1352 2363 bis
1379 2331 1549 2363 aestima-

17 2380 20 2420 ᾗ
70 2374 155 2407 bunt
180 2374 327 2408 unecht
354 2374 429 2407 und
456 2374 598 2408 erklzirt
623 2377 679 2409 sin
704 2377 816 2410 aliter
842 2378 959 2411 durch
988 2378 1047 2411 die
1073 2375 1325 2421 ἀποσιώπησις
1350 2383 1469 2412 actum
1497 2383 1548 2410 est

18 2435 20 2454 ε
67 2421 109 2454 de
131 2423 246 2457 nobis.
296 2422 434 2456 Schiitz
462 2422 536 2456 will
561 2423 658 2457 auch
683 2425 741 2458 sin
767 2425 880 2458 aliter
904 2426 1034 2471 getilgt
1061 2427 1206 2460 wissen.

163 2502 195 2536 8.
222 2507 314 2546 sunt,
339 2515 379 2537 so
406 2503 544 2537 stehen.
572 2522 618 2528 —
667 2508 706 2538 ul
731 2504 770 2537 in
794 2507 977 2549 secundis,
999 2508 1144 2549 fluxae,
1171 2509 1223 2541 im
1249 2506 1450 2552 Vergleich
1479 2507 1548 2539 mit

69 2548 234 2582 meinem
259 2551 493 2596 ehemaligen
513 2552 769 2591 Wohlstande‚
797 2555 862 2587 anf
885 2556 1106 2589 schwachen
1124 2557 1286 2598 Fiissen3
1312 2556 1350 2588 in
1366 2553 1548 2588 Betracht

69 2595 213 2629 meiner
237 2600 472 2641 gesunkenen
501 2601 714 2642 Umsta'nde,
741 2601 839 2634 noch
869 2603 1003 2637 iminer
1028 2611 1094 2648 gut
1110 2613 1297 2647 gem1g·—-
1321 2603 1544 2646 perturbati,

69 2648 264 2678 zerruttct.
290 2663 336 2669 —
362 2648 566 2690 domestica,
592 2650 642 2682 im
668 2650 762 2694 solg.
790 2651 851 2685 ΒΓ.
880 2651 911 2694 §.
940 2654 970 2687 7,
997 2649 1259 2694 μνστικώτερα,
1296 2652 1394 2684 ohne
1419 2652 1545 2685 Zwei-

69 2691 124 2724 fel
150 2692 480 2736 Misshelligkeiten
507 2697 576 2729 mit
602 2698 721 2730 seiner
749 2698 960 2731 Gemahlin.
987 2718 1032 2723 —
1072 2700 1117 2731 Te
1144 2704 1328 2741 exspecto,
1363 2698 1427 2732 ich
1454 2699 1544 2733 selle

0 2761 4 2769 .
69 2738 185 2773 sehon
211 2740 311 2776 nach
338 2742 408 2776 Dir
433 2744 527 2777 aus(
556 2763 603 2770 —-
653 2749 816 2779 matures
842 2747 961 2781 venire
995 2747 1021 2785 ι’.
1058 2759 1090 2784 e.
1119 2746 1313 2782 adventum
1339 2754 1453 2782 tuum.
1496 2765 1545 2772 —-
