<?xml version="1.0" encoding="UTF-8"?>
<!DOCTYPE html PUBLIC "-//W3C//DTD XHTML 1.0 Transitional//EN"
    "http://www.w3.org/TR/xhtml1/DTD/xhtml1-transitional.dtd">
<html xmlns="http://www.w3.org/1999/xhtml" xml:lang="en" lang="en">
 <head>
  <title>
</title>
<meta http-equiv="Content-Type" content="text/html;charset=utf-8" />
  <meta name='ocr-system' content='tesseract 3.04.00' />
  <meta name='ocr-capabilities' content='ocr_page ocr_carea ocr_par ocr_line ocrx_word'/>
</head>
<body>
  <div class='ocr_page' id='page_1' title='image "./epistolaeadattic00ciceuoft/epistolaeadattic00ciceuoft_0187.png"; bbox 0 0 1742 3006; ppageno 0'>
   <div class='ocr_carea' id='block_1_1' title="bbox 514 73 1507 122">
    <p class='ocr_par' dir='ltr' id='par_1_1' title="bbox 514 73 1507 122">
     <span class='ocr_line' id='line_1_1' title="bbox 514 73 1507 122; baseline 0.004 -4"><span class='ocrx_word' id='word_1_1' title='bbox 514 73 822 118; x_wconf 78' lang='lat' dir='ltr'><strong>EPISTOLA</strong></span> <span class='ocrx_word' id='word_1_2' title='bbox 849 74 1073 119; x_wconf 84' lang='lat' dir='ltr'><strong>XXXVI.</strong></span> <span class='ocrx_word' id='word_1_3' title='bbox 1429 76 1507 122; x_wconf 81' lang='lat'>171</span> 
     </span>
    </p>
   </div>
   <div class='ocr_carea' id='block_1_2' title="bbox 62 184 1518 961">
    <p class='ocr_par' dir='ltr' id='par_1_2' title="bbox 62 184 1518 961">
     <span class='ocr_line' id='line_1_2' title="bbox 64 184 1515 240; baseline 0.001 -13"><span class='ocrx_word' id='word_1_4' title='bbox 64 188 118 227; x_wconf 87' lang='lat' dir='ltr'>de</span> <span class='ocrx_word' id='word_1_5' title='bbox 156 187 301 229; x_wconf 88' lang='lat' dir='ltr'>literis</span> <span class='ocrx_word' id='word_1_6' title='bbox 340 184 486 227; x_wconf 88' lang='lat' dir='ltr'>missis</span> <span class='ocrx_word' id='word_1_7' title='bbox 522 185 582 226; x_wconf 84' lang='lat' dir='ltr'>ad</span> <span class='ocrx_word' id='word_1_8' title='bbox 620 185 840 236; x_wconf 80' lang='lat' dir='ltr'><strong>Gnaeum,</strong></span> <span class='ocrx_word' id='word_1_9' title='bbox 878 186 934 226; x_wconf 87' lang='lat' dir='ltr'>de</span> <span class='ocrx_word' id='word_1_10' title='bbox 971 184 1260 240; x_wconf 85' lang='lat' dir='ltr'>Theophanis</span> <span class='ocrx_word' id='word_1_11' title='bbox 1296 186 1515 228; x_wconf 85' lang='lat' dir='ltr'>Memmii-</span> 
     </span>
     <span class='ocr_line' id='line_1_3' title="bbox 64 240 1513 297; baseline 0 -14"><span class='ocrx_word' id='word_1_12' title='bbox 64 257 149 297; x_wconf 90' lang='lat' dir='ltr'>que</span> <span class='ocrx_word' id='word_1_13' title='bbox 177 255 402 283; x_wconf 84' lang='lat' dir='ltr'>sermone:</span> <span class='ocrx_word' id='word_1_14' title='bbox 441 245 649 294; x_wconf 82' lang='lat' dir='ltr'>quantam</span> <span class='ocrx_word' id='word_1_15' title='bbox 677 255 811 295; x_wconf 85' lang='lat' dir='ltr'>porro</span> <span class='ocrx_word' id='word_1_16' title='bbox 840 240 953 281; x_wconf 84' lang='lat' dir='ltr'>mihi</span> <span class='ocrx_word' id='word_1_17' title='bbox 981 243 1357 296; x_wconf 75' lang='lat' dir='ltr'>exspectationem</span> <span class='ocrx_word' id='word_1_18' title='bbox 1388 243 1513 284; x_wconf 84' lang='lat' dir='ltr'>dedi-</span> 
     </span>
     <span class='ocr_line' id='line_1_4' title="bbox 64 295 1511 345; baseline 0 -6"><span class='ocrx_word' id='word_1_19' title='bbox 64 299 124 339; x_wconf 80' lang='lat' dir='ltr'>sti</span> <span class='ocrx_word' id='word_1_20' title='bbox 154 299 351 340; x_wconf 84' lang='lat' dir='ltr'>convivii</span> <span class='ocrx_word' id='word_1_21' title='bbox 379 295 505 336; x_wconf 85' lang='lat' dir='ltr'>istius</span> <span class='ocrx_word' id='word_1_22' title='bbox 534 295 738 345; x_wconf 70' lang='grc' dir='ltr'>α’σελγοῦςὶ</span> <span class='ocrx_word' id='word_1_23' title='bbox 795 296 902 337; x_wconf 85' lang='lat' dir='ltr'>Sum</span> <span class='ocrx_word' id='word_1_24' title='bbox 933 297 978 335; x_wconf 88' lang='lat' dir='ltr'>in</span> <span class='ocrx_word' id='word_1_25' title='bbox 1008 299 1268 339; x_wconf 81' lang='lat' dir='ltr'><strong>curiositate</strong></span> <span class='ocrx_word' id='word_1_26' title='bbox 1296 297 1511 341; x_wconf 77' lang='grc' dir='ltr'><em>ὀξύπεινος;</em></span> 
     </span>
     <span class='ocr_line' id='line_1_5' title="bbox 65 350 1514 405; baseline 0 -11"><span class='ocrx_word' id='word_1_27' title='bbox 65 354 145 394; x_wconf 85' lang='lat' dir='ltr'>sed</span> <span class='ocrx_word' id='word_1_28' title='bbox 184 357 328 395; x_wconf 80' lang='lat' dir='ltr'>tamen</span> <span class='ocrx_word' id='word_1_29' title='bbox 367 350 502 391; x_wconf 87' lang='lat' dir='ltr'>facile</span> <span class='ocrx_word' id='word_1_30' title='bbox 542 351 691 405; x_wconf 84' lang='lat' dir='ltr'>patior</span> <span class='ocrx_word' id='word_1_31' title='bbox 718 356 763 393; x_wconf 86' lang='lat' dir='ltr'>te</span> <span class='ocrx_word' id='word_1_32' title='bbox 793 351 841 391; x_wconf 82' lang='lat' dir='ltr'>id</span> <span class='ocrx_word' id='word_1_33' title='bbox 869 351 926 392; x_wconf 85' lang='lat' dir='ltr'>ad</span> <span class='ocrx_word' id='word_1_34' title='bbox 954 364 1024 391; x_wconf 87' lang='lat' dir='ltr'>me</span> <span class='ocrx_word' id='word_1_35' title='bbox 1053 352 1265 400; x_wconf 85' lang='grc' dir='ltr'><strong><em>συμπόσιον</em></strong></span> <span class='ocrx_word' id='word_1_36' title='bbox 1290 367 1376 394; x_wconf 89' lang='lat' dir='ltr'>non</span> <span class='ocrx_word' id='word_1_37' title='bbox 1403 355 1514 394; x_wconf 85' lang='lat' dir='ltr'>scri-</span> 
     </span>
     <span class='ocr_line' id='line_1_6' title="bbox 64 405 1512 462; baseline 0 -13"><span class='ocrx_word' id='word_1_38' title='bbox 64 410 189 458; x_wconf 80' lang='lat' dir='ltr'>bere3</span> <span class='ocrx_word' id='word_1_39' title='bbox 240 409 514 462; x_wconf 83' lang='lat' dir='ltr'><strong>praesentem</strong></span> <span class='ocrx_word' id='word_1_40' title='bbox 553 407 709 447; x_wconf 86' lang='lat' dir='ltr'>audire</span> <span class='ocrx_word' id='word_1_41' title='bbox 746 407 875 448; x_wconf 81' lang='lat' dir='ltr'>malo.</span> <span class='ocrx_word' id='word_1_42' title='bbox 934 405 1067 455; x_wconf 84' lang='lat' dir='ltr'>Quod</span> <span class='ocrx_word' id='word_1_43' title='bbox 1105 421 1197 458; x_wconf 78' lang='lat' dir='ltr'>me⁷</span> <span class='ocrx_word' id='word_1_44' title='bbox 1246 413 1296 449; x_wconf 80' lang='lat' dir='ltr'>ut</span> <span class='ocrx_word' id='word_1_45' title='bbox 1323 409 1512 450; x_wconf 83' lang='lat' dir='ltr'>scribam</span> 
     </span>
     <span class='ocr_line' id='line_1_7' title="bbox 65 461 1511 518; baseline 0 -13"><span class='ocrx_word' id='word_1_46' title='bbox 65 463 261 518; x_wconf 79' lang='lat' dir='ltr'>aliquid,</span> <span class='ocrx_word' id='word_1_47' title='bbox 296 462 515 502; x_wconf 80' lang='lat' dir='ltr'>hortaris:</span> <span class='ocrx_word' id='word_1_48' title='bbox 553 463 717 502; x_wconf 87' lang='lat' dir='ltr'>crescit</span> <span class='ocrx_word' id='word_1_49' title='bbox 753 461 867 502; x_wconf 87' lang='lat' dir='ltr'>mihi</span> <span class='ocrx_word' id='word_1_50' title='bbox 897 462 1076 516; x_wconf 88' lang='lat' dir='ltr'>quidem</span> <span class='ocrx_word' id='word_1_51' title='bbox 1105 464 1332 515; x_wconf 77' lang='lat' dir='ltr'>materies,</span> <span class='ocrx_word' id='word_1_52' title='bbox 1369 468 1417 505; x_wconf 87' lang='lat' dir='ltr'>ut</span> <span class='ocrx_word' id='word_1_53' title='bbox 1445 465 1511 505; x_wconf 87' lang='lat' dir='ltr'>di-</span> 
     </span>
     <span class='ocr_line' id='line_1_8' title="bbox 65 516 1513 569; baseline 0 -10"><span class='ocrx_word' id='word_1_54' title='bbox 65 520 153 567; x_wconf 86' lang='lat' dir='ltr'>cis;</span> <span class='ocrx_word' id='word_1_55' title='bbox 199 518 279 559; x_wconf 87' lang='lat' dir='ltr'>sed</span> <span class='ocrx_word' id='word_1_56' title='bbox 317 521 413 558; x_wconf 83' lang='lat' dir='ltr'>tota</span> <span class='ocrx_word' id='word_1_57' title='bbox 450 530 520 557; x_wconf 84' lang='lat' dir='ltr'>res</span> <span class='ocrx_word' id='word_1_58' title='bbox 549 517 681 558; x_wconf 84' lang='lat' dir='ltr'>etiam</span> <span class='ocrx_word' id='word_1_59' title='bbox 709 531 823 558; x_wconf 86' lang='lat' dir='ltr'>nunc</span> <span class='ocrx_word' id='word_1_60' title='bbox 852 516 1065 557; x_wconf 82' lang='lat' dir='ltr'>fluctuat:</span> <span class='ocrx_word' id='word_1_61' title='bbox 1112 517 1200 556; x_wconf 78' lang='grc' dir='ltr'>κατ’</span> <span class='ocrx_word' id='word_1_62' title='bbox 1225 517 1383 568; x_wconf 74' lang='grc' dir='ltr'><em>ὀπώρην</em></span> <span class='ocrx_word' id='word_1_63' title='bbox 1409 519 1513 569; x_wconf 76' lang='grc' dir='ltr'><strong>τρύξ.</strong></span> 
     </span>
     <span class='ocr_line' id='line_1_9' title="bbox 63 572 1513 626; baseline 0.001 -12"><span class='ocrx_word' id='word_1_64' title='bbox 63 575 188 624; x_wconf 77' lang='lat' dir='ltr'>Quae</span> <span class='ocrx_word' id='word_1_65' title='bbox 226 574 265 613; x_wconf 90' lang='lat' dir='ltr'>si</span> <span class='ocrx_word' id='word_1_66' title='bbox 294 572 543 624; x_wconf 81' lang='lat' dir='ltr'>desederit,</span> <span class='ocrx_word' id='word_1_67' title='bbox 572 573 713 626; x_wconf 85' lang='lat' dir='ltr'>magis</span> <span class='ocrx_word' id='word_1_68' title='bbox 742 576 872 614; x_wconf 85' lang='lat' dir='ltr'>erunt</span> <span class='ocrx_word' id='word_1_69' title='bbox 900 572 1124 624; x_wconf 82' lang='lat' dir='ltr'>iudicata,</span> <span class='ocrx_word' id='word_1_70' title='bbox 1163 585 1275 626; x_wconf 87' lang='lat' dir='ltr'>quae</span> <span class='ocrx_word' id='word_1_71' title='bbox 1304 576 1513 615; x_wconf 78' lang='lat' dir='ltr'>scribam:</span> 
     </span>
     <span class='ocr_line' id='line_1_10' title="bbox 63 628 1516 683; baseline 0.001 -14"><span class='ocrx_word' id='word_1_72' title='bbox 63 643 176 683; x_wconf 90' lang='lat' dir='ltr'>quae</span> <span class='ocrx_word' id='word_1_73' title='bbox 204 630 243 669; x_wconf 90' lang='lat' dir='ltr'>si</span> <span class='ocrx_word' id='word_1_74' title='bbox 272 629 422 669; x_wconf 74' lang='lat' dir='ltr'>statim</span> <span class='ocrx_word' id='word_1_75' title='bbox 451 640 478 667; x_wconf 88' lang='lat' dir='ltr'>a</span> <span class='ocrx_word' id='word_1_76' title='bbox 505 642 574 668; x_wconf 89' lang='lat' dir='ltr'>me</span> <span class='ocrx_word' id='word_1_77' title='bbox 603 629 722 669; x_wconf 86' lang='lat' dir='ltr'>ferre</span> <span class='ocrx_word' id='word_1_78' title='bbox 751 642 837 669; x_wconf 85' lang='lat' dir='ltr'>non</span> <span class='ocrx_word' id='word_1_79' title='bbox 867 629 1089 682; x_wconf 80' lang='lat' dir='ltr'>potueris,</span> <span class='ocrx_word' id='word_1_80' title='bbox 1138 629 1306 682; x_wconf 88' lang='lat' dir='ltr'>primus</span> <span class='ocrx_word' id='word_1_81' title='bbox 1335 628 1516 670; x_wconf 81' lang='lat' dir='ltr'>habebis</span> 
     </span>
     <span class='ocr_line' id='line_1_11' title="bbox 64 683 1512 737; baseline 0.001 -12"><span class='ocrx_word' id='word_1_82' title='bbox 64 690 212 725; x_wconf 82' lang='lat' dir='ltr'>tamen</span> <span class='ocrx_word' id='word_1_83' title='bbox 250 687 296 724; x_wconf 81' lang='lat' dir='ltr'>et</span> <span class='ocrx_word' id='word_1_84' title='bbox 335 684 612 737; x_wconf 82' lang='lat' dir='ltr'>aliquamdiu</span> <span class='ocrx_word' id='word_1_85' title='bbox 649 684 785 725; x_wconf 88' lang='lat' dir='ltr'>solus.</span> <span class='ocrx_word' id='word_1_86' title='bbox 855 683 1185 725; x_wconf 84' lang='lat' dir='ltr'>Dicaearchum</span> <span class='ocrx_word' id='word_1_87' title='bbox 1224 688 1344 734; x_wconf 63' lang='lat' dir='ltr'>recte</span> <span class='ocrx_word' id='word_1_88' title='bbox 1381 699 1512 726; x_wconf 76' lang='lat' dir='ltr'>amas,</span> 
     </span>
     <span class='ocr_line' id='line_1_12' title="bbox 63 738 1515 795; baseline 0.001 -16"><span class='ocrx_word' id='word_1_89' title='bbox 63 740 336 780; x_wconf 80' lang='lat' dir='ltr'>Luculentus</span> <span class='ocrx_word' id='word_1_90' title='bbox 367 738 499 779; x_wconf 90' lang='lat' dir='ltr'>homo</span> <span class='ocrx_word' id='word_1_91' title='bbox 528 744 596 780; x_wconf 82' lang='lat' dir='ltr'>est</span> <span class='ocrx_word' id='word_1_92' title='bbox 624 743 669 780; x_wconf 80' lang='lat' dir='ltr'>et</span> <span class='ocrx_word' id='word_1_93' title='bbox 698 740 811 781; x_wconf 85' lang='lat' dir='ltr'>civis</span> <span class='ocrx_word' id='word_1_94' title='bbox 839 738 960 781; x_wconf 81' lang='lat' dir='ltr'>haud</span> <span class='ocrx_word' id='word_1_95' title='bbox 989 739 1142 794; x_wconf 84' lang='lat' dir='ltr'>paullo</span> <span class='ocrx_word' id='word_1_96' title='bbox 1172 740 1345 792; x_wconf 81' lang='lat' dir='ltr'>melior,</span> <span class='ocrx_word' id='word_1_97' title='bbox 1385 754 1515 795; x_wconf 82' lang='lat' dir='ltr'>quam</span> 
     </span>
     <span class='ocr_line' id='line_1_13' title="bbox 62 793 1516 850; baseline 0.002 -16"><span class='ocrx_word' id='word_1_98' title='bbox 62 795 138 835; x_wconf 84' lang='lat' dir='ltr'>isti</span> <span class='ocrx_word' id='word_1_99' title='bbox 169 795 311 835; x_wconf 79' lang='lat' dir='ltr'>nostri</span> <span class='ocrx_word' id='word_1_100' title='bbox 339 793 595 843; x_wconf 78' lang='grc' dir='ltr'><strong>οἷόικαίαρχοι.</strong></span> <span class='ocrx_word' id='word_1_101' title='bbox 675 794 853 836; x_wconf 86' lang='lat' dir='ltr'>Literas</span> <span class='ocrx_word' id='word_1_102' title='bbox 892 796 1052 850; x_wconf 80' lang='lat' dir='ltr'>scripsi</span> <span class='ocrx_word' id='word_1_103' title='bbox 1090 794 1202 835; x_wconf 81' lang='lat' dir='ltr'>hora</span> <span class='ocrx_word' id='word_1_104' title='bbox 1230 795 1405 837; x_wconf 84' lang='lat' dir='ltr'>decima</span> <span class='ocrx_word' id='word_1_105' title='bbox 1433 797 1516 837; x_wconf 85' lang='lat' dir='ltr'>Ce-</span> 
     </span>
     <span class='ocr_line' id='line_1_14' title="bbox 65 850 1517 906; baseline 0.001 -16"><span class='ocrx_word' id='word_1_106' title='bbox 65 851 265 902; x_wconf 82' lang='lat' dir='ltr'>rialibus,</span> <span class='ocrx_word' id='word_1_107' title='bbox 293 850 469 902; x_wconf 79' lang='lat' dir='ltr'>statim,</span> <span class='ocrx_word' id='word_1_108' title='bbox 499 853 549 890; x_wconf 80' lang='lat' dir='ltr'>ut</span> <span class='ocrx_word' id='word_1_109' title='bbox 577 854 675 891; x_wconf 76' lang='lat' dir='ltr'>tuas</span> <span class='ocrx_word' id='word_1_110' title='bbox 705 852 921 906; x_wconf 84' lang='lat' dir='ltr'>legeram:</span> <span class='ocrx_word' id='word_1_111' title='bbox 962 851 1039 892; x_wconf 88' lang='lat' dir='ltr'>sed</span> <span class='ocrx_word' id='word_1_112' title='bbox 1067 863 1140 891; x_wconf 89' lang='lat' dir='ltr'>eas</span> <span class='ocrx_word' id='word_1_113' title='bbox 1170 864 1289 891; x_wconf 87' lang='lat' dir='ltr'>eram</span> <span class='ocrx_word' id='word_1_114' title='bbox 1320 851 1517 903; x_wconf 76' lang='lat' dir='ltr'>daturus,</span> 
     </span>
     <span class='ocr_line' id='line_1_15' title="bbox 65 905 1518 961; baseline 0.001 -16"><span class='ocrx_word' id='word_1_115' title='bbox 65 910 114 947; x_wconf 83' lang='lat' dir='ltr'>ut</span> <span class='ocrx_word' id='word_1_116' title='bbox 151 909 376 960; x_wconf 82' lang='lat' dir='ltr'>putaram,</span> <span class='ocrx_word' id='word_1_117' title='bbox 415 905 633 960; x_wconf 82' lang='lat' dir='ltr'>postridie</span> <span class='ocrx_word' id='word_1_118' title='bbox 662 906 731 959; x_wconf 81' lang='lat' dir='ltr'>ei,</span> <span class='ocrx_word' id='word_1_119' title='bbox 782 907 859 961; x_wconf 91' lang='lat' dir='ltr'>qui</span> <span class='ocrx_word' id='word_1_120' title='bbox 900 906 1013 947; x_wconf 86' lang='lat' dir='ltr'>mihi</span> <span class='ocrx_word' id='word_1_121' title='bbox 1049 907 1216 961; x_wconf 88' lang='lat' dir='ltr'>primus</span> <span class='ocrx_word' id='word_1_122' title='bbox 1255 907 1518 948; x_wconf 85' lang='lat' dir='ltr'>obvenisset.</span> 
     </span>
    </p>
   </div>
   <div class='ocr_carea' id='block_1_3' title="bbox 1389 989 1512 994">
    <p class='ocr_par' dir='ltr' id='par_1_3' title="bbox 1389 989 1512 994">
     <span class='ocr_line' id='line_1_16' title="bbox 1389 989 1512 994; baseline 0 0"><span class='ocrx_word' id='word_1_123' title='bbox 1389 989 1512 994; x_wconf 95' lang='lat' dir='ltr'> </span> 
     </span>
    </p>
   </div>
   <div class='ocr_carea' id='block_1_4' title="bbox 63 1021 1519 1598">
    <p class='ocr_par' dir='ltr' id='par_1_4' title="bbox 63 1021 1519 1598">
     <span class='ocr_line' id='line_1_17' title="bbox 64 1021 1517 1069; baseline 0.001 -13"><span class='ocrx_word' id='word_1_124' title='bbox 64 1043 107 1048; x_wconf 92' lang='lat'><em>—</em></span> <span class='ocrx_word' id='word_1_125' title='bbox 133 1023 176 1056; x_wconf 83' lang='lat' dir='ltr'>de</span> <span class='ocrx_word' id='word_1_126' title='bbox 198 1023 332 1066; x_wconf 73' lang='lat' dir='ltr'>signis.</span> <span class='ocrx_word' id='word_1_127' title='bbox 359 1021 568 1056; x_wconf 71' lang='lat' dir='ltr'>Athenione.</span> <span class='ocrx_word' id='word_1_128' title='bbox 617 1023 692 1056; x_wconf 81' lang='lat' dir='ltr'>Mit</span> <span class='ocrx_word' id='word_1_129' title='bbox 718 1022 857 1056; x_wconf 82' lang='lat' dir='ltr'>diesem</span> <span class='ocrx_word' id='word_1_130' title='bbox 881 1025 1026 1058; x_wconf 73' lang='lat' dir='ltr'>Numen</span> <span class='ocrx_word' id='word_1_131' title='bbox 1053 1024 1114 1058; x_wconf 84' lang='lat' dir='ltr'>des</span> <span class='ocrx_word' id='word_1_132' title='bbox 1141 1024 1364 1069; x_wconf 77' lang='lat' dir='ltr'>ehemaligen</span> <span class='ocrx_word' id='word_1_133' title='bbox 1376 1025 1517 1058; x_wconf 75' lang='lat' dir='ltr'>Anfiih-</span> 
     </span>
     <span class='ocr_line' id='line_1_18' title="bbox 63 1071 1518 1115; baseline 0.002 -11"><span class='ocrx_word' id='word_1_134' title='bbox 63 1083 141 1104; x_wconf 86' lang='lat' dir='ltr'>rers</span> <span class='ocrx_word' id='word_1_135' title='bbox 178 1071 243 1104; x_wconf 87' lang='lat' dir='ltr'>der</span> <span class='ocrx_word' id='word_1_136' title='bbox 278 1071 314 1104; x_wconf 84' lang='lat' dir='ltr'>in</span> <span class='ocrx_word' id='word_1_137' title='bbox 345 1071 498 1104; x_wconf 83' lang='lat' dir='ltr'>Sicilien</span> <span class='ocrx_word' id='word_1_138' title='bbox 532 1073 723 1115; x_wconf 81' lang='lat' dir='ltr'>emp&#39;orten</span> <span class='ocrx_word' id='word_1_139' title='bbox 749 1071 901 1104; x_wconf 80' lang='lat' dir='ltr'>Sklaven</span> <span class='ocrx_word' id='word_1_140' title='bbox 933 1071 1081 1105; x_wconf 82' lang='lat' dir='ltr'>scheint</span> <span class='ocrx_word' id='word_1_141' title='bbox 1105 1071 1256 1107; x_wconf 73' lang='lat' dir='ltr'>Attikus</span> <span class='ocrx_word' id='word_1_142' title='bbox 1290 1074 1360 1106; x_wconf 82' lang='lat' dir='ltr'>den</span> <span class='ocrx_word' id='word_1_143' title='bbox 1389 1074 1518 1107; x_wconf 84' lang='lat' dir='ltr'>Voiks-</span> 
     </span>
     <span class='ocr_line' id='line_1_19' title="bbox 63 1118 1512 1167; baseline 0.002 -15"><span class='ocrx_word' id='word_1_144' title='bbox 63 1121 189 1152; x_wconf 82' lang='lat' dir='ltr'>tribun</span> <span class='ocrx_word' id='word_1_145' title='bbox 219 1119 382 1152; x_wconf 67' lang='lat' dir='ltr'>vatinius</span> <span class='ocrx_word' id='word_1_146' title='bbox 407 1118 628 1152; x_wconf 74' lang='lat' dir='ltr'>bezeichnet</span> <span class='ocrx_word' id='word_1_147' title='bbox 651 1130 695 1151; x_wconf 85' lang='lat' dir='ltr'>zu</span> <span class='ocrx_word' id='word_1_148' title='bbox 720 1118 852 1159; x_wconf 78' lang='lat' dir='ltr'>haben,</span> <span class='ocrx_word' id='word_1_149' title='bbox 879 1120 926 1153; x_wconf 86' lang='lat' dir='ltr'>da</span> <span class='ocrx_word' id='word_1_150' title='bbox 950 1121 1016 1153; x_wconf 84' lang='lat' dir='ltr'>ihu</span> <span class='ocrx_word' id='word_1_151' title='bbox 1045 1122 1156 1153; x_wconf 53' lang='lat' dir='ltr'>cesar</span> <span class='ocrx_word' id='word_1_152' title='bbox 1181 1133 1297 1165; x_wconf 83' lang='lat' dir='ltr'>gegen</span> <span class='ocrx_word' id='word_1_153' title='bbox 1324 1121 1384 1154; x_wconf 87' lang='lat' dir='ltr'>die</span> <span class='ocrx_word' id='word_1_154' title='bbox 1409 1122 1512 1167; x_wconf 30' lang='lat' dir='ltr'>Opti.</span> 
     </span>
     <span class='ocr_line' id='line_1_20' title="bbox 65 1167 1517 1215; baseline 0.003 -15"><span class='ocrx_word' id='word_1_155' title='bbox 65 1174 178 1200; x_wconf 65' lang='lat' dir='ltr'>manes</span> <span class='ocrx_word' id='word_1_156' title='bbox 203 1167 438 1211; x_wconf 80' lang='lat' dir='ltr'>gebrauchte.</span> <span class='ocrx_word' id='word_1_157' title='bbox 495 1167 530 1200; x_wconf 87' lang='lat' dir='ltr'>S.</span> <span class='ocrx_word' id='word_1_158' title='bbox 559 1167 664 1202; x_wconf 85' lang='lat' dir='ltr'>Orat.</span> <span class='ocrx_word' id='word_1_159' title='bbox 689 1167 726 1199; x_wconf 87' lang='lat' dir='ltr'>in</span> <span class='ocrx_word' id='word_1_160' title='bbox 754 1167 879 1201; x_wconf 83' lang='lat' dir='ltr'>Vatin.</span> <span class='ocrx_word' id='word_1_161' title='bbox 906 1180 940 1204; x_wconf 79' lang='lat' dir='ltr'>c.</span> <span class='ocrx_word' id='word_1_162' title='bbox 963 1170 995 1203; x_wconf 89' lang='grc'>9.</span> <span class='ocrx_word' id='word_1_163' title='bbox 1022 1168 1095 1201; x_wconf 83' lang='lat' dir='ltr'>und</span> <span class='ocrx_word' id='word_1_164' title='bbox 1123 1169 1204 1202; x_wconf 83' lang='lat' dir='ltr'>hier</span> <span class='ocrx_word' id='word_1_165' title='bbox 1229 1181 1283 1215; x_wconf 87' lang='lat' dir='ltr'>ep.</span> <span class='ocrx_word' id='word_1_166' title='bbox 1308 1171 1365 1213; x_wconf 85' lang='lat'>32,</span> <span class='ocrx_word' id='word_1_167' title='bbox 1391 1172 1424 1205; x_wconf 83' lang='lat'>2.</span> <span class='ocrx_word' id='word_1_168' title='bbox 1458 1172 1517 1213; x_wconf 79' lang='lat'>33,</span> 
     </span>
     <span class='ocr_line' id='line_1_21' title="bbox 63 1215 1518 1257; baseline 0.001 -8"><span class='ocrx_word' id='word_1_169' title='bbox 63 1217 97 1250; x_wconf 82' lang='lat'>3.</span> <span class='ocrx_word' id='word_1_170' title='bbox 130 1216 189 1257; x_wconf 84' lang='lat'>35,</span> <span class='ocrx_word' id='word_1_171' title='bbox 215 1217 251 1250; x_wconf 90' lang='lat'>2.</span> <span class='ocrx_word' id='word_1_172' title='bbox 314 1215 463 1248; x_wconf 83' lang='lat' dir='ltr'>Ernesti</span> <span class='ocrx_word' id='word_1_173' title='bbox 497 1215 570 1247; x_wconf 85' lang='lat' dir='ltr'>will</span> <span class='ocrx_word' id='word_1_174' title='bbox 602 1215 735 1247; x_wconf 76' lang='lat' dir='ltr'>iedoch</span> <span class='ocrx_word' id='word_1_175' title='bbox 768 1216 887 1248; x_wconf 85' lang='lat' dir='ltr'>lieber</span> <span class='ocrx_word' id='word_1_176' title='bbox 920 1216 986 1248; x_wconf 81' lang='lat' dir='ltr'>deu</span> <span class='ocrx_word' id='word_1_177' title='bbox 1022 1217 1166 1250; x_wconf 81' lang='lat' dir='ltr'>Rhetor</span> <span class='ocrx_word' id='word_1_178' title='bbox 1198 1217 1327 1254; x_wconf 79' lang='lat' dir='ltr'>Sextus</span> <span class='ocrx_word' id='word_1_179' title='bbox 1368 1218 1518 1252; x_wconf 85' lang='lat' dir='ltr'>Clodius</span> 
     </span>
     <span class='ocr_line' id='line_1_22' title="bbox 65 1263 1518 1306; baseline 0.002 -11"><span class='ocrx_word' id='word_1_180' title='bbox 65 1263 281 1295; x_wconf 70' lang='lat' dir='ltr'>vei-standen</span> <span class='ocrx_word' id='word_1_181' title='bbox 316 1263 465 1304; x_wconf 85' lang='lat' dir='ltr'>wissen,</span> <span class='ocrx_word' id='word_1_182' title='bbox 510 1263 736 1306; x_wconf 85' lang='lat' dir='ltr'>ungeachtet</span> <span class='ocrx_word' id='word_1_183' title='bbox 762 1264 883 1296; x_wconf 85' lang='lat' dir='ltr'>dieser</span> <span class='ocrx_word' id='word_1_184' title='bbox 908 1276 992 1297; x_wconf 82' lang='lat' dir='ltr'>vom</span> <span class='ocrx_word' id='word_1_185' title='bbox 1020 1265 1122 1300; x_wconf 79' lang='lat' dir='ltr'><strong>Publ,</strong></span> <span class='ocrx_word' id='word_1_186' title='bbox 1151 1266 1298 1299; x_wconf 84' lang='lat' dir='ltr'>Clodius</span> <span class='ocrx_word' id='word_1_187' title='bbox 1322 1272 1399 1298; x_wconf 89' lang='lat' dir='ltr'>erst</span> <span class='ocrx_word' id='word_1_188' title='bbox 1422 1267 1518 1299; x_wconf 82' lang='lat' dir='ltr'>nach</span> 
     </span>
     <span class='ocr_line' id='line_1_23' title="bbox 66 1311 1516 1356; baseline 0.003 -14"><span class='ocrx_word' id='word_1_189' title='bbox 66 1311 526 1354; x_wconf 77' lang='lat' dir='ltr'>beendigtemTribunate</span> <span class='ocrx_word' id='word_1_190' title='bbox 543 1311 752 1354; x_wconf 78' lang='lat' dir='ltr'>gebreucht</span> <span class='ocrx_word' id='word_1_191' title='bbox 772 1313 903 1345; x_wconf 87' lang='lat' dir='ltr'>wurde.</span> <span class='ocrx_word' id='word_1_192' title='bbox 952 1312 1078 1345; x_wconf 86' lang='lat' dir='ltr'>Indess</span> <span class='ocrx_word' id='word_1_193' title='bbox 1104 1324 1177 1344; x_wconf 76' lang='lat' dir='ltr'>war</span> <span class='ocrx_word' id='word_1_194' title='bbox 1203 1325 1243 1346; x_wconf 89' lang='lat' dir='ltr'>er</span> <span class='ocrx_word' id='word_1_195' title='bbox 1269 1314 1329 1346; x_wconf 88' lang='lat' dir='ltr'>ein</span> <span class='ocrx_word' id='word_1_196' title='bbox 1355 1312 1516 1356; x_wconf 82' lang='lat' dir='ltr'>Sicilier,</span> 
     </span>
     <span class='ocr_line' id='line_1_24' title="bbox 67 1358 1519 1403; baseline 0.003 -13"><span class='ocrx_word' id='word_1_197' title='bbox 67 1359 131 1391; x_wconf 84' lang='lat' dir='ltr'>wie</span> <span class='ocrx_word' id='word_1_198' title='bbox 159 1358 329 1391; x_wconf 83' lang='lat' dir='ltr'>Athenio.</span> <span class='ocrx_word' id='word_1_199' title='bbox 375 1358 414 1394; x_wconf 83' lang='lat' dir='ltr'>S,</span> <span class='ocrx_word' id='word_1_200' title='bbox 444 1370 499 1403; x_wconf 86' lang='lat' dir='ltr'>ep.</span> <span class='ocrx_word' id='word_1_201' title='bbox 529 1359 594 1392; x_wconf 70' lang='lat'>142</span> <span class='ocrx_word' id='word_1_202' title='bbox 620 1358 671 1390; x_wconf 89' lang='lat' dir='ltr'>im</span> <span class='ocrx_word' id='word_1_203' title='bbox 695 1358 782 1392; x_wconf 85' lang='lat' dir='ltr'><strong>Anf.</strong></span> <span class='ocrx_word' id='word_1_204' title='bbox 809 1377 852 1383; x_wconf 91' lang='lat'><em>-</em></span> <span class='ocrx_word' id='word_1_205' title='bbox 886 1360 1002 1392; x_wconf 66' lang='lat' dir='ltr'>missis</span> <span class='ocrx_word' id='word_1_206' title='bbox 1027 1360 1075 1392; x_wconf 81' lang='lat' dir='ltr'>ad</span> <span class='ocrx_word' id='word_1_207' title='bbox 1099 1363 1267 1401; x_wconf 80' lang='lat' dir='ltr'>Gnaeum,</span> <span class='ocrx_word' id='word_1_208' title='bbox 1300 1372 1385 1394; x_wconf 87' lang='lat' dir='ltr'>vom</span> <span class='ocrx_word' id='word_1_209' title='bbox 1409 1364 1519 1395; x_wconf 63' lang='lat' dir='ltr'>casai-</span> 
     </span>
     <span class='ocr_line' id='line_1_25' title="bbox 66 1406 1518 1455; baseline 0.003 -16"><span class='ocrx_word' id='word_1_210' title='bbox 66 1418 109 1439; x_wconf 70' lang='grc' dir='ltr'>ειη</span> <span class='ocrx_word' id='word_1_211' title='bbox 139 1407 337 1451; x_wconf 88' lang='lat' dir='ltr'>Pompeius</span> <span class='ocrx_word' id='word_1_212' title='bbox 368 1406 465 1438; x_wconf 80' lang='lat' dir='ltr'>nach</span> <span class='ocrx_word' id='word_1_213' title='bbox 498 1407 641 1449; x_wconf 80' lang='lat' dir='ltr'>Capua,</span> <span class='ocrx_word' id='word_1_214' title='bbox 691 1417 745 1438; x_wconf 90' lang='lat' dir='ltr'>wo</span> <span class='ocrx_word' id='word_1_215' title='bbox 780 1418 820 1439; x_wconf 86' lang='lat' dir='ltr'>er</span> <span class='ocrx_word' id='word_1_216' title='bbox 846 1407 898 1440; x_wconf 78' lang='lat' dir='ltr'>als</span> <span class='ocrx_word' id='word_1_217' title='bbox 923 1407 1208 1452; x_wconf 75' lang='lat' dir='ltr'>Zwanzigmann</span> <span class='ocrx_word' id='word_1_218' title='bbox 1234 1409 1294 1442; x_wconf 86' lang='lat' dir='ltr'>die</span> <span class='ocrx_word' id='word_1_219' title='bbox 1321 1410 1518 1455; x_wconf 76' lang='lat' dir='ltr'>Campani·</span> 
     </span>
     <span class='ocr_line' id='line_1_26' title="bbox 66 1453 1517 1499; baseline 0.003 -13"><span class='ocrx_word' id='word_1_220' title='bbox 66 1455 177 1487; x_wconf 87' lang='lat' dir='ltr'>schen</span> <span class='ocrx_word' id='word_1_221' title='bbox 203 1454 435 1488; x_wconf 69' lang='lat' dir='ltr'>Landereien</span> <span class='ocrx_word' id='word_1_222' title='bbox 460 1453 664 1486; x_wconf 81' lang='lat' dir='ltr'>vertheilen</span> <span class='ocrx_word' id='word_1_223' title='bbox 690 1454 780 1486; x_wconf 81' lang='lat' dir='ltr'><strong>half.</strong></span> <span class='ocrx_word' id='word_1_224' title='bbox 829 1454 863 1486; x_wconf 91' lang='lat' dir='ltr'>S.</span> <span class='ocrx_word' id='word_1_225' title='bbox 889 1467 947 1498; x_wconf 86' lang='lat' dir='ltr'>ep,</span> <span class='ocrx_word' id='word_1_226' title='bbox 973 1456 1018 1489; x_wconf 82' lang='lat'>45</span> <span class='ocrx_word' id='word_1_227' title='bbox 1044 1455 1082 1487; x_wconf 85' lang='lat' dir='ltr'>in</span> <span class='ocrx_word' id='word_1_228' title='bbox 1110 1456 1223 1490; x_wconf 86' lang='lat' dir='ltr'>med.:</span> <span class='ocrx_word' id='word_1_229' title='bbox 1257 1457 1435 1499; x_wconf 77' lang='lat' dir='ltr'>„Literae</span> <span class='ocrx_word' id='word_1_230' title='bbox 1448 1459 1517 1493; x_wconf 80' lang='lat' dir='ltr'>Ca-</span> 
     </span>
     <span class='ocr_line' id='line_1_27' title="bbox 67 1501 1517 1547; baseline 0.003 -13"><span class='ocrx_word' id='word_1_231' title='bbox 67 1515 176 1547; x_wconf 72' lang='lat' dir='ltr'>puam</span> <span class='ocrx_word' id='word_1_232' title='bbox 203 1502 248 1534; x_wconf 79' lang='lat' dir='ltr'>ad</span> <span class='ocrx_word' id='word_1_233' title='bbox 274 1502 490 1547; x_wconf 85' lang='lat' dir='ltr'>Pompeium</span> <span class='ocrx_word' id='word_1_234' title='bbox 516 1501 637 1534; x_wconf 75' lang='lat' dir='ltr'>volare</span> <span class='ocrx_word' id='word_1_235' title='bbox 664 1501 981 1538; x_wconf 76' lang='lat' dir='ltr'>dicebantur.“—-</span> <span class='ocrx_word' id='word_1_236' title='bbox 1006 1503 1049 1535; x_wconf 67' lang='lat' dir='ltr'>cle</span> <span class='ocrx_word' id='word_1_237' title='bbox 1075 1502 1227 1545; x_wconf 71' lang='lat' dir='ltr'>Tlteoph.</span> <span class='ocrx_word' id='word_1_238' title='bbox 1250 1508 1388 1539; x_wconf 67' lang='lat' dir='ltr'>ItIemm.</span> <span class='ocrx_word' id='word_1_239' title='bbox 1413 1516 1517 1540; x_wconf 79' lang='lat' dir='ltr'>serm.</span> 
     </span>
     <span class='ocr_line' id='line_1_28' title="bbox 65 1548 1518 1598; baseline 0.003 -16"><span class='ocrx_word' id='word_1_240' title='bbox 65 1562 133 1583; x_wconf 78' lang='lat' dir='ltr'>von</span> <span class='ocrx_word' id='word_1_241' title='bbox 159 1551 268 1590; x_wconf 76' lang='lat' dir='ltr'>Dein,</span> <span class='ocrx_word' id='word_1_242' title='bbox 293 1561 364 1582; x_wconf 83' lang='lat' dir='ltr'>was</span> <span class='ocrx_word' id='word_1_243' title='bbox 390 1550 459 1582; x_wconf 82' lang='lat' dir='ltr'>Dir</span> <span class='ocrx_word' id='word_1_244' title='bbox 484 1549 552 1581; x_wconf 88' lang='lat' dir='ltr'>Th.</span> <span class='ocrx_word' id='word_1_245' title='bbox 579 1561 611 1580; x_wconf 89' lang='lat' dir='ltr'>u.</span> <span class='ocrx_word' id='word_1_246' title='bbox 640 1551 793 1582; x_wconf 80' lang='lat' dir='ltr'>Merum.</span> <span class='ocrx_word' id='word_1_247' title='bbox 821 1556 947 1593; x_wconf 76' lang='lat' dir='ltr'>gesagt</span> <span class='ocrx_word' id='word_1_248' title='bbox 971 1550 1104 1585; x_wconf 81' lang='lat' dir='ltr'>haben.</span> <span class='ocrx_word' id='word_1_249' title='bbox 1154 1548 1256 1588; x_wconf 81' lang='lat' dir='ltr'>Uber</span> <span class='ocrx_word' id='word_1_250' title='bbox 1281 1549 1468 1598; x_wconf 80' lang='grc' dir='ltr'><em>Θεοφάνης</em></span> <span class='ocrx_word' id='word_1_251' title='bbox 1493 1566 1518 1587; x_wconf 84' lang='lat' dir='ltr'>s.</span> 
     </span>
    </p>
   </div>
   <div class='ocr_carea' id='block_1_5' title="bbox 63 1592 1520 1736">
    <p class='ocr_par' dir='ltr' id='par_1_5' title="bbox 63 1592 1520 1736">
     <span class='ocr_line' id='line_1_29' title="bbox 65 1592 1520 1646; baseline 0.003 -17"><span class='ocrx_word' id='word_1_252' title='bbox 65 1610 124 1642; x_wconf 82' lang='lat' dir='ltr'>ep.</span> <span class='ocrx_word' id='word_1_253' title='bbox 150 1599 207 1640; x_wconf 87' lang='lat'>31,</span> <span class='ocrx_word' id='word_1_254' title='bbox 234 1599 267 1631; x_wconf 88' lang='lat'>1.</span> <span class='ocrx_word' id='word_1_255' title='bbox 296 1615 340 1621; x_wconf 91' lang='lat'>—-</span> <span class='ocrx_word' id='word_1_256' title='bbox 366 1596 523 1629; x_wconf 73' lang='lat' dir='ltr'>convivii</span> <span class='ocrx_word' id='word_1_257' title='bbox 545 1592 720 1642; x_wconf 74' lang='grc' dir='ltr'>ἀσελγοῦς</span> <span class='ocrx_word' id='word_1_258' title='bbox 744 1597 767 1630; x_wconf 87' lang='lat' dir='ltr'>i.</span> <span class='ocrx_word' id='word_1_259' title='bbox 795 1607 827 1630; x_wconf 89' lang='lat' dir='ltr'>e.</span> <span class='ocrx_word' id='word_1_260' title='bbox 855 1598 1019 1637; x_wconf 84' lang='lat' dir='ltr'>delicati,</span> <span class='ocrx_word' id='word_1_261' title='bbox 1045 1599 1238 1643; x_wconf 84' lang='lat' dir='ltr'>luxuriosi,</span> <span class='ocrx_word' id='word_1_262' title='bbox 1265 1613 1336 1646; x_wconf 87' lang='lat' dir='ltr'>quo</span> <span class='ocrx_word' id='word_1_263' title='bbox 1363 1602 1520 1646; x_wconf 82' lang='lat' dir='ltr'>scripse-</span> 
     </span>
     <span class='ocr_line' id='line_1_30' title="bbox 64 1643 1519 1693; baseline -0.001 -15"><span class='ocrx_word' id='word_1_264' title='bbox 64 1651 122 1679; x_wconf 78' lang='lat' dir='ltr'>rat</span> <span class='ocrx_word' id='word_1_265' title='bbox 145 1645 289 1679; x_wconf 82' lang='lat' dir='ltr'>Atticus</span> <span class='ocrx_word' id='word_1_266' title='bbox 315 1656 352 1678; x_wconf 83' lang='lat' dir='ltr'>se</span> <span class='ocrx_word' id='word_1_267' title='bbox 378 1656 452 1677; x_wconf 86' lang='lat' dir='ltr'>esse</span> <span class='ocrx_word' id='word_1_268' title='bbox 476 1644 628 1677; x_wconf 86' lang='lat' dir='ltr'>iturum.</span> <span class='ocrx_word' id='word_1_269' title='bbox 679 1643 764 1677; x_wconf 78' lang='lat' dir='ltr'>vid.</span> <span class='ocrx_word' id='word_1_270' title='bbox 793 1656 851 1689; x_wconf 89' lang='lat' dir='ltr'>ep.</span> <span class='ocrx_word' id='word_1_271' title='bbox 878 1645 934 1688; x_wconf 80' lang='lat'>40,</span> <span class='ocrx_word' id='word_1_272' title='bbox 962 1647 1000 1679; x_wconf 89' lang='lat'>1:</span> <span class='ocrx_word' id='word_1_273' title='bbox 1043 1656 1218 1691; x_wconf 80' lang='lat' dir='ltr'>quautam</span> <span class='ocrx_word' id='word_1_274' title='bbox 1250 1649 1519 1693; x_wconf 70' lang='lat' dir='ltr'>(exspectatio-</span> 
     </span>
     <span class='ocr_line' id='line_1_31' title="bbox 63 1691 1519 1736; baseline 0.003 -11"><span class='ocrx_word' id='word_1_275' title='bbox 63 1705 146 1727; x_wconf 81' lang='lat' dir='ltr'>nem</span> <span class='ocrx_word' id='word_1_276' title='bbox 173 1693 267 1727; x_wconf 83' lang='lat' dir='ltr'>mihi</span> <span class='ocrx_word' id='word_1_277' title='bbox 292 1694 433 1735; x_wconf 85' lang='lat' dir='ltr'>moves)</span> <span class='ocrx_word' id='word_1_278' title='bbox 459 1691 571 1725; x_wconf 80' lang='lat' dir='ltr'>etiam</span> <span class='ocrx_word' id='word_1_279' title='bbox 596 1693 640 1725; x_wconf 83' lang='lat' dir='ltr'>de</span> <span class='ocrx_word' id='word_1_280' title='bbox 665 1693 729 1725; x_wconf 85' lang='lat' dir='ltr'>illu</span> <span class='ocrx_word' id='word_1_281' title='bbox 756 1692 916 1725; x_wconf 84' lang='lat' dir='ltr'>delicato</span> <span class='ocrx_word' id='word_1_282' title='bbox 944 1694 1132 1727; x_wconf 83' lang='lat' dir='ltr'>convivio!</span> <span class='ocrx_word' id='word_1_283' title='bbox 1159 1716 1202 1720; x_wconf 97' lang='lat'><strong>—</strong></span> <span class='ocrx_word' id='word_1_284' title='bbox 1252 1693 1519 1736; x_wconf 82' lang='grc' dir='ltr'><strong><em>ὀξύπεινος,</em></strong></span> 
     </span>
    </p>
   </div>
   <div class='ocr_carea' id='block_1_6' title="bbox 63 1740 1522 2786">
    <p class='ocr_par' dir='ltr' id='par_1_6' title="bbox 63 1740 1522 1935">
     <span class='ocr_line' id='line_1_32' title="bbox 63 1740 1520 1785; baseline 0.002 -10"><span class='ocrx_word' id='word_1_285' title='bbox 63 1742 265 1775; x_wconf 83' lang='lat' dir='ltr'>famelicus.</span> <span class='ocrx_word' id='word_1_286' title='bbox 315 1741 386 1775; x_wconf 88' lang='lat' dir='ltr'>lhn</span> <span class='ocrx_word' id='word_1_287' title='bbox 408 1740 567 1784; x_wconf 74' lang='lat' dir='ltr'>hungeri:</span> <span class='ocrx_word' id='word_1_288' title='bbox 591 1741 682 1774; x_wconf 81' lang='lat' dir='ltr'>aber</span> <span class='ocrx_word' id='word_1_289' title='bbox 707 1741 804 1774; x_wconf 80' lang='lat' dir='ltr'>nach</span> <span class='ocrx_word' id='word_1_290' title='bbox 829 1740 898 1773; x_wconf 87' lang='lat' dir='ltr'>den</span> <span class='ocrx_word' id='word_1_291' title='bbox 922 1741 1071 1785; x_wconf 83' lang='lat' dir='ltr'>Speisen</span> <span class='ocrx_word' id='word_1_292' title='bbox 1097 1744 1217 1785; x_wconf 82' lang='lat' dir='ltr'>nicht,</span> <span class='ocrx_word' id='word_1_293' title='bbox 1243 1744 1400 1777; x_wconf 85' lang='lat' dir='ltr'>sondern</span> <span class='ocrx_word' id='word_1_294' title='bbox 1425 1745 1520 1779; x_wconf 82' lang='lat' dir='ltr'>nach</span> 
     </span>
     <span class='ocr_line' id='line_1_33' title="bbox 65 1789 1522 1833; baseline 0.003 -11"><span class='ocrx_word' id='word_1_295' title='bbox 65 1790 135 1822; x_wconf 87' lang='lat' dir='ltr'>den</span> <span class='ocrx_word' id='word_1_296' title='bbox 160 1789 435 1833; x_wconf 66' lang='lat' dir='ltr'>Neuigkesten,</span> <span class='ocrx_word' id='word_1_297' title='bbox 463 1789 523 1821; x_wconf 85' lang='lat' dir='ltr'>die</span> <span class='ocrx_word' id='word_1_298' title='bbox 548 1800 588 1821; x_wconf 80' lang='lat' dir='ltr'>er</span> <span class='ocrx_word' id='word_1_299' title='bbox 615 1801 687 1822; x_wconf 84' lang='lat' dir='ltr'>von</span> <span class='ocrx_word' id='word_1_300' title='bbox 713 1789 797 1822; x_wconf 87' lang='lat' dir='ltr'>dem</span> <span class='ocrx_word' id='word_1_301' title='bbox 823 1789 1043 1823; x_wconf 77' lang='lat' dir='ltr'>Gastmahle</span> <span class='ocrx_word' id='word_1_302' title='bbox 1068 1791 1138 1824; x_wconf 88' lang='lat' dir='ltr'>her</span> <span class='ocrx_word' id='word_1_303' title='bbox 1163 1793 1284 1827; x_wconf 85' lang='lat' dir='ltr'>durch</span> <span class='ocrx_word' id='word_1_304' title='bbox 1310 1793 1455 1826; x_wconf 77' lang='lat' dir='ltr'>Attikus</span> <span class='ocrx_word' id='word_1_305' title='bbox 1479 1805 1522 1826; x_wconf 86' lang='lat' dir='ltr'>zu</span> 
     </span>
     <span class='ocr_line' id='line_1_34' title="bbox 64 1836 1519 1885; baseline 0.002 -15"><span class='ocrx_word' id='word_1_306' title='bbox 64 1838 242 1871; x_wconf 76' lang='lat' dir='ltr'>ersahren</span> <span class='ocrx_word' id='word_1_307' title='bbox 267 1838 375 1874; x_wconf 78' lang='lat' dir='ltr'>hosft,</span> <span class='ocrx_word' id='word_1_308' title='bbox 424 1837 504 1881; x_wconf 79' lang='lat' dir='ltr'><strong>Vgl.</strong></span> <span class='ocrx_word' id='word_1_309' title='bbox 538 1849 596 1882; x_wconf 82' lang='lat' dir='ltr'>ep.</span> <span class='ocrx_word' id='word_1_310' title='bbox 628 1838 685 1879; x_wconf 81' lang='lat'>41,</span> <span class='ocrx_word' id='word_1_311' title='bbox 714 1840 744 1873; x_wconf 82' lang='lat' dir='ltr'>l.</span> <span class='ocrx_word' id='word_1_312' title='bbox 776 1836 935 1870; x_wconf 77' lang='lat' dir='ltr'>sitientes</span> <span class='ocrx_word' id='word_1_313' title='bbox 960 1848 1078 1871; x_wconf 77' lang='lat' dir='ltr'>aures.</span> <span class='ocrx_word' id='word_1_314' title='bbox 1105 1859 1149 1864; x_wconf 90' lang='lat'>—-</span> <span class='ocrx_word' id='word_1_315' title='bbox 1183 1838 1439 1885; x_wconf 82' lang='grc' dir='ltr'>συμπόσιον</span> <span class='ocrx_word' id='word_1_316' title='bbox 1474 1842 1519 1875; x_wconf 78' lang='lat' dir='ltr'>ist</span> 
     </span>
     <span class='ocr_line' id='line_1_35' title="bbox 66 1884 1339 1935; baseline 0.002 -16"><span class='ocrx_word' id='word_1_317' title='bbox 66 1886 154 1919; x_wconf 87' lang='lat' dir='ltr'>sehr</span> <span class='ocrx_word' id='word_1_318' title='bbox 179 1885 301 1930; x_wconf 85' lang='lat' dir='ltr'>launig</span> <span class='ocrx_word' id='word_1_319' title='bbox 324 1897 394 1919; x_wconf 86' lang='lat' dir='ltr'>von</span> <span class='ocrx_word' id='word_1_320' title='bbox 422 1884 558 1918; x_wconf 86' lang='lat' dir='ltr'>diesem</span> <span class='ocrx_word' id='word_1_321' title='bbox 583 1884 925 1919; x_wconf 79' lang='lat' dir='ltr'>Antisokratischen</span> <span class='ocrx_word' id='word_1_322' title='bbox 950 1886 1171 1932; x_wconf 83' lang='lat' dir='ltr'>Symposion</span> <span class='ocrx_word' id='word_1_323' title='bbox 1196 1895 1339 1935; x_wconf 81' lang='lat' dir='ltr'>gesagt.</span> 
     </span>
    </p>

    <p class='ocr_par' dir='ltr' id='par_1_7' title="bbox 65 1932 1522 2314">
     <span class='ocr_line' id='line_1_36' title="bbox 157 1932 1519 1984; baseline 0.003 -17"><span class='ocrx_word' id='word_1_324' title='bbox 157 1936 192 1969; x_wconf 86' lang='lat'>3.</span> <span class='ocrx_word' id='word_1_325' title='bbox 213 1935 379 1976; x_wconf 82' lang='lat' dir='ltr'>fluctuat,</span> <span class='ocrx_word' id='word_1_326' title='bbox 403 1940 516 1978; x_wconf 85' lang='lat' dir='ltr'>wogt,</span> <span class='ocrx_word' id='word_1_327' title='bbox 542 1934 675 1975; x_wconf 74' lang='lat' dir='ltr'>wellet,</span> <span class='ocrx_word' id='word_1_328' title='bbox 702 1934 862 1973; x_wconf 79' lang='lat' dir='ltr'>branset,</span> <span class='ocrx_word' id='word_1_329' title='bbox 882 1932 1016 1977; x_wconf 57' lang='lat' dir='ltr'>gahrct</span> <span class='ocrx_word' id='word_1_330' title='bbox 1033 1937 1199 1970; x_wconf 77' lang='lat' dir='ltr'>noc11.-</span> <span class='ocrx_word' id='word_1_331' title='bbox 1226 1936 1312 1971; x_wconf 77' lang='grc' dir='ltr'>κατ’</span> <span class='ocrx_word' id='word_1_332' title='bbox 1338 1933 1428 1970; x_wconf 59' lang='lat' dir='ltr'>dms.</span> <span class='ocrx_word' id='word_1_333' title='bbox 1439 1950 1519 1984; x_wconf 67' lang='grc' dir='ltr'>ριμ</span> 
     </span>
     <span class='ocr_line' id='line_1_37' title="bbox 67 1979 1519 2028; baseline 0.003 -13"><span class='ocrx_word' id='word_1_334' title='bbox 67 1979 188 2028; x_wconf 72' lang='grc' dir='ltr'><em>ῖρύξ,</em></span> <span class='ocrx_word' id='word_1_335' title='bbox 227 1982 434 2015; x_wconf 78' lang='lat' dir='ltr'>vindemiae</span> <span class='ocrx_word' id='word_1_336' title='bbox 467 1982 540 2014; x_wconf 85' lang='lat' dir='ltr'>sive</span> <span class='ocrx_word' id='word_1_337' title='bbox 575 1981 803 2014; x_wconf 78' lang='lat' dir='ltr'>auctumnali</span> <span class='ocrx_word' id='word_1_338' title='bbox 840 1988 1008 2026; x_wconf 85' lang='lat' dir='ltr'>tempore</span> <span class='ocrx_word' id='word_1_339' title='bbox 1040 1983 1102 2016; x_wconf 78' lang='lat' dir='ltr'>fex</span> <span class='ocrx_word' id='word_1_340' title='bbox 1135 1984 1260 2018; x_wconf 80' lang='lat' dir='ltr'>adhuc</span> <span class='ocrx_word' id='word_1_341' title='bbox 1287 1986 1448 2018; x_wconf 75' lang='lat' dir='ltr'>fluctuat</span> <span class='ocrx_word' id='word_1_342' title='bbox 1483 1994 1519 2019; x_wconf 85' lang='lat' dir='ltr'>et</span> 
     </span>
     <span class='ocr_line' id='line_1_38' title="bbox 65 2029 1518 2072; baseline 0.003 -10"><span class='ocrx_word' id='word_1_343' title='bbox 65 2037 171 2063; x_wconf 73' lang='lat' dir='ltr'>natat</span> <span class='ocrx_word' id='word_1_344' title='bbox 195 2030 231 2062; x_wconf 86' lang='lat' dir='ltr'>in</span> <span class='ocrx_word' id='word_1_345' title='bbox 256 2030 339 2063; x_wconf 87' lang='lat' dir='ltr'>vino</span> <span class='ocrx_word' id='word_1_346' title='bbox 364 2030 520 2063; x_wconf 82' lang='lat' dir='ltr'>necdum</span> <span class='ocrx_word' id='word_1_347' title='bbox 547 2029 704 2066; x_wconf 84' lang='lat' dir='ltr'>desedit.</span> <span class='ocrx_word' id='word_1_348' title='bbox 755 2031 993 2063; x_wconf 84' lang='lat' dir='ltr'>Proverbium</span> <span class='ocrx_word' id='word_1_349' title='bbox 1025 2031 1070 2064; x_wconf 88' lang='lat' dir='ltr'>de</span> <span class='ocrx_word' id='word_1_350' title='bbox 1096 2043 1137 2064; x_wconf 84' lang='lat' dir='ltr'>re</span> <span class='ocrx_word' id='word_1_351' title='bbox 1164 2033 1329 2072; x_wconf 79' lang='lat' dir='ltr'>ineerta,</span> <span class='ocrx_word' id='word_1_352' title='bbox 1371 2034 1416 2066; x_wconf 87' lang='lat' dir='ltr'>de</span> <span class='ocrx_word' id='word_1_353' title='bbox 1443 2046 1518 2066; x_wconf 74' lang='lat' dir='ltr'>ma-</span> 
     </span>
     <span class='ocr_line' id='line_1_39' title="bbox 67 2077 1522 2124; baseline 0.002 -13"><span class='ocrx_word' id='word_1_354' title='bbox 67 2078 159 2111; x_wconf 82' lang='lat' dir='ltr'>teria</span> <span class='ocrx_word' id='word_1_355' title='bbox 185 2078 346 2113; x_wconf 84' lang='lat' dir='ltr'>nondum</span> <span class='ocrx_word' id='word_1_356' title='bbox 371 2077 458 2110; x_wconf 82' lang='lat' dir='ltr'>satis</span> <span class='ocrx_word' id='word_1_357' title='bbox 482 2084 657 2123; x_wconf 78' lang='lat' dir='ltr'>purgata,</span> <span class='ocrx_word' id='word_1_358' title='bbox 694 2078 740 2109; x_wconf 88' lang='lat' dir='ltr'>de</span> <span class='ocrx_word' id='word_1_359' title='bbox 767 2089 835 2122; x_wconf 83' lang='lat' dir='ltr'>qua</span> <span class='ocrx_word' id='word_1_360' title='bbox 862 2079 1025 2111; x_wconf 84' lang='lat' dir='ltr'>scribere</span> <span class='ocrx_word' id='word_1_361' title='bbox 1052 2081 1267 2124; x_wconf 82' lang='lat' dir='ltr'>cogitamus.</span> <span class='ocrx_word' id='word_1_362' title='bbox 1317 2081 1424 2115; x_wconf 82' lang='lat' dir='ltr'>Sinn:</span> <span class='ocrx_word' id='word_1_363' title='bbox 1457 2082 1522 2114; x_wconf 76' lang='lat' dir='ltr'>ich</span> 
     </span>
     <span class='ocr_line' id='line_1_40' title="bbox 66 2125 1521 2163; baseline 0.001 -4"><span class='ocrx_word' id='word_1_364' title='bbox 66 2127 131 2159; x_wconf 75' lang='lat' dir='ltr'>bin</span> <span class='ocrx_word' id='word_1_365' title='bbox 165 2127 235 2159; x_wconf 82' lang='lat' dir='ltr'>mit</span> <span class='ocrx_word' id='word_1_366' title='bbox 269 2126 340 2159; x_wconf 85' lang='lat' dir='ltr'>den</span> <span class='ocrx_word' id='word_1_367' title='bbox 372 2126 607 2161; x_wconf 80' lang='lat' dir='ltr'>Materialien</span> <span class='ocrx_word' id='word_1_368' title='bbox 643 2126 743 2159; x_wconf 81' lang='lat' dir='ltr'>noch</span> <span class='ocrx_word' id='word_1_369' title='bbox 781 2125 889 2159; x_wconf 87' lang='lat' dir='ltr'>nicht</span> <span class='ocrx_word' id='word_1_370' title='bbox 923 2126 975 2160; x_wconf 84' lang='lat' dir='ltr'>im</span> <span class='ocrx_word' id='word_1_371' title='bbox 1009 2127 1154 2160; x_wconf 74' lang='lat' dir='ltr'>Klnren.</span> <span class='ocrx_word' id='word_1_372' title='bbox 1183 2148 1225 2153; x_wconf 86' lang='lat'>-</span> <span class='ocrx_word' id='word_1_373' title='bbox 1259 2129 1421 2163; x_wconf 71' lang='lat' dir='ltr'>iudicata</span> <span class='ocrx_word' id='word_1_374' title='bbox 1448 2131 1521 2163; x_wconf 87' lang='lat' dir='ltr'>wol</span> 
     </span>
     <span class='ocr_line' id='line_1_41' title="bbox 67 2174 1521 2219; baseline 0.002 -12"><span class='ocrx_word' id='word_1_375' title='bbox 67 2177 150 2207; x_wconf 79' lang='lat' dir='ltr'>eine</span> <span class='ocrx_word' id='word_1_376' title='bbox 183 2175 275 2207; x_wconf 78' lang='lat' dir='ltr'>auch</span> <span class='ocrx_word' id='word_1_377' title='bbox 311 2185 381 2208; x_wconf 91' lang='lat' dir='ltr'>von</span> <span class='ocrx_word' id='word_1_378' title='bbox 417 2175 558 2208; x_wconf 88' lang='lat' dir='ltr'>Bentiv.</span> <span class='ocrx_word' id='word_1_379' title='bbox 592 2175 820 2207; x_wconf 82' lang='lat' dir='ltr'>verworfene</span> <span class='ocrx_word' id='word_1_380' title='bbox 857 2174 984 2207; x_wconf 85' lang='lat' dir='ltr'>Glosse</span> <span class='ocrx_word' id='word_1_381' title='bbox 1019 2187 1094 2209; x_wconf 88' lang='lat' dir='ltr'>von</span> <span class='ocrx_word' id='word_1_382' title='bbox 1132 2177 1306 2219; x_wconf 80' lang='lat' dir='ltr'>iucunda,</span> <span class='ocrx_word' id='word_1_383' title='bbox 1343 2179 1521 2218; x_wconf 81' lang='lat' dir='ltr'>lauter,</span> 
     </span>
     <span class='ocr_line' id='line_1_42' title="bbox 66 2222 1517 2271; baseline 0.003 -16"><span class='ocrx_word' id='word_1_384' title='bbox 66 2223 223 2256; x_wconf 82' lang='lat' dir='ltr'>reiner</span> <span class='ocrx_word' id='word_1_385' title='bbox 250 2222 466 2267; x_wconf 58' lang='lat' dir='ltr'>gerhelm,</span> <span class='ocrx_word' id='word_1_386' title='bbox 505 2234 578 2255; x_wconf 83' lang='lat' dir='ltr'>was</span> <span class='ocrx_word' id='word_1_387' title='bbox 611 2223 750 2256; x_wconf 78' lang='lat' dir='ltr'>Schi&#39;itz</span> <span class='ocrx_word' id='word_1_388' title='bbox 783 2222 986 2255; x_wconf 78' lang='lat' dir='ltr'>herstellte.</span> <span class='ocrx_word' id='word_1_389' title='bbox 1017 2242 1057 2247; x_wconf 86' lang='lat'>—</span> <span class='ocrx_word' id='word_1_390' title='bbox 1088 2225 1224 2267; x_wconf 71' lang='lat' dir='ltr'>serre,</span> <span class='ocrx_word' id='word_1_391' title='bbox 1250 2227 1399 2262; x_wconf 81' lang='lat' dir='ltr'>Bentiv.</span> <span class='ocrx_word' id='word_1_392' title='bbox 1426 2237 1517 2271; x_wconf 21' lang='lat' dir='ltr'>susp.</span> 
     </span>
     <span class='ocr_line' id='line_1_43' title="bbox 66 2270 1126 2314; baseline 0.002 -10"><span class='ocrx_word' id='word_1_393' title='bbox 66 2272 237 2314; x_wconf 50' lang='lat' dir='ltr'>aqferrffi</span> <span class='ocrx_word' id='word_1_394' title='bbox 264 2272 335 2303; x_wconf 81' lang='lat' dir='ltr'>cfr.</span> <span class='ocrx_word' id='word_1_395' title='bbox 364 2276 489 2304; x_wconf 82' lang='lat' dir='ltr'>tamen</span> <span class='ocrx_word' id='word_1_396' title='bbox 516 2271 688 2304; x_wconf 85' lang='lat' dir='ltr'>Huschke</span> <span class='ocrx_word' id='word_1_397' title='bbox 713 2270 757 2302; x_wconf 76' lang='lat' dir='ltr'>ad</span> <span class='ocrx_word' id='word_1_398' title='bbox 782 2270 917 2303; x_wconf 87' lang='lat' dir='ltr'>Tibull.</span> <span class='ocrx_word' id='word_1_399' title='bbox 945 2271 977 2312; x_wconf 90' lang='lat' dir='ltr'>l,</span> <span class='ocrx_word' id='word_1_400' title='bbox 1007 2273 1038 2312; x_wconf 87' lang='lat' dir='ltr'>l,</span> <span class='ocrx_word' id='word_1_401' title='bbox 1068 2273 1126 2308; x_wconf 86' lang='lat'>20.</span> 
     </span>
    </p>

    <p class='ocr_par' dir='ltr' id='par_1_8' title="bbox 67 2319 1521 2786">
     <span class='ocr_line' id='line_1_44' title="bbox 161 2319 1520 2363; baseline 0.001 -11"><span class='ocrx_word' id='word_1_402' title='bbox 161 2319 194 2352; x_wconf 76' lang='lat'>4.</span> <span class='ocrx_word' id='word_1_403' title='bbox 221 2319 500 2359; x_wconf 67' lang='lat' dir='ltr'>Dicaearchum,</span> <span class='ocrx_word' id='word_1_404' title='bbox 526 2319 614 2353; x_wconf 73' lang='lat' dir='ltr'>Vid.</span> <span class='ocrx_word' id='word_1_405' title='bbox 643 2330 699 2363; x_wconf 87' lang='lat' dir='ltr'>ep.</span> <span class='ocrx_word' id='word_1_406' title='bbox 727 2319 878 2359; x_wconf 81' lang='lat' dir='ltr'>XXVII,</span> <span class='ocrx_word' id='word_1_407' title='bbox 907 2320 936 2354; x_wconf 87' lang='lat'>1.</span> <span class='ocrx_word' id='word_1_408' title='bbox 963 2338 1008 2343; x_wconf 91' lang='lat'>—</span> <span class='ocrx_word' id='word_1_409' title='bbox 1059 2319 1273 2362; x_wconf 74' lang='lat' dir='ltr'>luculentus,</span> <span class='ocrx_word' id='word_1_410' title='bbox 1309 2321 1372 2354; x_wconf 82' lang='lat' dir='ltr'>eiu</span> <span class='ocrx_word' id='word_1_411' title='bbox 1399 2321 1520 2354; x_wconf 76' lang='lat' dir='ltr'>heller</span> 
     </span>
     <span class='ocr_line' id='line_1_45' title="bbox 67 2367 1518 2411; baseline 0.001 -12"><span class='ocrx_word' id='word_1_412' title='bbox 67 2367 176 2411; x_wconf 85' lang='lat' dir='ltr'><strong>Kopf.</strong></span> <span class='ocrx_word' id='word_1_413' title='bbox 234 2368 280 2399; x_wconf 84' lang='lat' dir='ltr'>So</span> <span class='ocrx_word' id='word_1_414' title='bbox 313 2367 522 2400; x_wconf 82' lang='lat' dir='ltr'>luculentus</span> <span class='ocrx_word' id='word_1_415' title='bbox 547 2368 709 2411; x_wconf 79' lang='lat' dir='ltr'>scriptor</span> <span class='ocrx_word' id='word_1_416' title='bbox 734 2368 778 2399; x_wconf 79' lang='lat' dir='ltr'>ad</span> <span class='ocrx_word' id='word_1_417' title='bbox 815 2367 926 2399; x_wconf 86' lang='lat' dir='ltr'>Attic.</span> <span class='ocrx_word' id='word_1_418' title='bbox 959 2367 1058 2408; x_wconf 77' lang='lat' dir='ltr'>Vll,</span> <span class='ocrx_word' id='word_1_419' title='bbox 1095 2370 1152 2402; x_wconf 89' lang='lat'>17.</span> <span class='ocrx_word' id='word_1_420' title='bbox 1191 2371 1296 2402; x_wconf 87' lang='lat' dir='ltr'>Brut.</span> <span class='ocrx_word' id='word_1_421' title='bbox 1325 2381 1359 2405; x_wconf 72' lang='lat' dir='ltr'>c.</span> <span class='ocrx_word' id='word_1_422' title='bbox 1390 2371 1447 2403; x_wconf 81' lang='lat'>26.</span> <span class='ocrx_word' id='word_1_423' title='bbox 1477 2388 1518 2392; x_wconf 90' lang='lat'><strong>—</strong></span> 
     </span>
     <span class='ocr_line' id='line_1_46' title="bbox 69 2411 1519 2460; baseline 0.002 -15"><span class='ocrx_word' id='word_1_424' title='bbox 69 2411 378 2460; x_wconf 65' lang='grc' dir='ltr'><em>ἄδικαίαρχοι,</em></span> <span class='ocrx_word' id='word_1_425' title='bbox 404 2426 530 2448; x_wconf 84' lang='lat' dir='ltr'>unsere</span> <span class='ocrx_word' id='word_1_426' title='bbox 555 2414 896 2458; x_wconf 73' lang='lat' dir='ltr'>uurechtma&#39;ssigen</span> <span class='ocrx_word' id='word_1_427' title='bbox 925 2413 1124 2458; x_wconf 79' lang='lat' dir='ltr'>Regemen,</span> <span class='ocrx_word' id='word_1_428' title='bbox 1151 2417 1365 2460; x_wconf 84' lang='lat' dir='ltr'>Pompeius,</span> <span class='ocrx_word' id='word_1_429' title='bbox 1394 2418 1519 2457; x_wconf 55' lang='lat' dir='ltr'>Casan</span> 
     </span>
     <span class='ocr_line' id='line_1_47' title="bbox 72 2462 1502 2507; baseline 0 -14"><span class='ocrx_word' id='word_1_430' title='bbox 72 2465 236 2502; x_wconf 80' lang='lat' dir='ltr'>Crassu53</span> <span class='ocrx_word' id='word_1_431' title='bbox 284 2464 344 2495; x_wconf 83' lang='lat' dir='ltr'>ein</span> <span class='ocrx_word' id='word_1_432' title='bbox 395 2464 531 2506; x_wconf 81' lang='lat' dir='ltr'>artiges</span> <span class='ocrx_word' id='word_1_433' title='bbox 579 2463 783 2507; x_wconf 54' lang='lat' dir='ltr'>XVortspiel</span> <span class='ocrx_word' id='word_1_434' title='bbox 822 2463 874 2494; x_wconf 83' lang='lat' dir='ltr'>im</span> <span class='ocrx_word' id='word_1_435' title='bbox 912 2462 1073 2506; x_wconf 80' lang='lat' dir='ltr'>Gegeus.</span> <span class='ocrx_word' id='word_1_436' title='bbox 1111 2476 1181 2496; x_wconf 84' lang='lat' dir='ltr'>von</span> <span class='ocrx_word' id='word_1_437' title='bbox 1216 2467 1432 2507; x_wconf 66' lang='grc' dir='ltr'><em>Δικαίαρχος</em></span> <span class='ocrx_word' id='word_1_438' title='bbox 1473 2480 1502 2494; x_wconf 54' lang='grc'>;,</span> 
     </span>
     <span class='ocr_line' id='line_1_48' title="bbox 70 2509 1514 2555; baseline 0.001 -13"><span class='ocrx_word' id='word_1_439' title='bbox 70 2509 355 2554; x_wconf 66' lang='lat' dir='ltr'>recinuii&#39;issiger</span> <span class='ocrx_word' id='word_1_440' title='bbox 381 2513 536 2555; x_wconf 79' lang='lat' dir='ltr'>Regem,</span> <span class='ocrx_word' id='word_1_441' title='bbox 564 2511 630 2543; x_wconf 84' lang='lat' dir='ltr'>wie</span> <span class='ocrx_word' id='word_1_442' title='bbox 656 2511 758 2543; x_wconf 77' lang='lat' dir='ltr'>iener</span> <span class='ocrx_word' id='word_1_443' title='bbox 784 2509 1051 2544; x_wconf 76' lang='lat' dir='ltr'>Schrirtsteller</span> <span class='ocrx_word' id='word_1_444' title='bbox 1077 2511 1185 2544; x_wconf 76' lang='lat' dir='ltr'>hiess.</span> <span class='ocrx_word' id='word_1_445' title='bbox 1212 2530 1254 2535; x_wconf 91' lang='lat'>—-</span> <span class='ocrx_word' id='word_1_446' title='bbox 1314 2511 1388 2543; x_wconf 74' lang='lat' dir='ltr'>hor.</span> <span class='ocrx_word' id='word_1_447' title='bbox 1425 2512 1514 2544; x_wconf 78' lang='lat' dir='ltr'>deci—</span> 
     </span>
     <span class='ocr_line' id='line_1_49' title="bbox 71 2559 1521 2603; baseline 0.001 -14"><span class='ocrx_word' id='word_1_448' title='bbox 71 2568 140 2598; x_wconf 77' lang='lat' dir='ltr'>ma,</span> <span class='ocrx_word' id='word_1_449' title='bbox 166 2568 226 2589; x_wconf 89' lang='lat' dir='ltr'>um</span> <span class='ocrx_word' id='word_1_450' title='bbox 249 2559 271 2590; x_wconf 76' lang='lat'>4</span> <span class='ocrx_word' id='word_1_451' title='bbox 295 2559 374 2592; x_wconf 87' lang='lat' dir='ltr'>Uhr</span> <span class='ocrx_word' id='word_1_452' title='bbox 398 2559 670 2603; x_wconf 76' lang='lat' dir='ltr'>Nachmittags.</span> <span class='ocrx_word' id='word_1_453' title='bbox 739 2559 777 2593; x_wconf 78' lang='lat' dir='ltr'>S.</span> <span class='ocrx_word' id='word_1_454' title='bbox 807 2559 850 2591; x_wconf 92' lang='lat' dir='ltr'>G.</span> <span class='ocrx_word' id='word_1_455' title='bbox 877 2559 935 2590; x_wconf 84' lang='lat' dir='ltr'>Fr.</span> <span class='ocrx_word' id='word_1_456' title='bbox 962 2559 1111 2594; x_wconf 79' lang='lat' dir='ltr'>Grotcf.</span> <span class='ocrx_word' id='word_1_457' title='bbox 1140 2562 1190 2594; x_wconf 80' lang='lat'>11.</span> <span class='ocrx_word' id='word_1_458' title='bbox 1218 2559 1283 2591; x_wconf 87' lang='lat' dir='ltr'>Bd.</span> <span class='ocrx_word' id='word_1_459' title='bbox 1311 2561 1340 2601; x_wconf 57' lang='grc' dir='ltr'><strong>ἕ.</strong></span> <span class='ocrx_word' id='word_1_460' title='bbox 1370 2560 1448 2593; x_wconf 77' lang='grc'><strong>239.</strong></span> <span class='ocrx_word' id='word_1_461' title='bbox 1476 2578 1521 2583; x_wconf 91' lang='lat'>—-</span> 
     </span>
     <span class='ocr_line' id='line_1_50' title="bbox 70 2605 1517 2650; baseline 0.002 -13"><span class='ocrx_word' id='word_1_462' title='bbox 70 2616 169 2640; x_wconf 60' lang='lat' dir='ltr'>crum</span> <span class='ocrx_word' id='word_1_463' title='bbox 196 2605 353 2639; x_wconf 77' lang='lat' dir='ltr'>daturus.</span> <span class='ocrx_word' id='word_1_464' title='bbox 402 2607 436 2640; x_wconf 86' lang='lat' dir='ltr'>S.</span> <span class='ocrx_word' id='word_1_465' title='bbox 476 2606 619 2640; x_wconf 85' lang='lat' dir='ltr'>Grotes.</span> <span class='ocrx_word' id='word_1_466' title='bbox 648 2610 678 2650; x_wconf 63' lang='grc' dir='ltr'><strong>ξ.</strong></span> <span class='ocrx_word' id='word_1_467' title='bbox 711 2607 787 2641; x_wconf 74' lang='grc'><strong>173.</strong></span> <span class='ocrx_word' id='word_1_468' title='bbox 838 2607 985 2638; x_wconf 69' lang='lat' dir='ltr'>Ramsh.</span> <span class='ocrx_word' id='word_1_469' title='bbox 1013 2608 1043 2650; x_wconf 75' lang='lat'>§.</span> <span class='ocrx_word' id='word_1_470' title='bbox 1074 2608 1148 2640; x_wconf 76' lang='lat' dir='ltr'>lGi.</span> <span class='ocrx_word' id='word_1_471' title='bbox 1200 2607 1371 2640; x_wconf 56' lang='lat' dir='ltr'>Anniei&#39;k.</span> <span class='ocrx_word' id='word_1_472' title='bbox 1412 2609 1445 2642; x_wconf 85' lang='lat'>2.</span> <span class='ocrx_word' id='word_1_473' title='bbox 1478 2627 1517 2631; x_wconf 89' lang='lat'>—</span> 
     </span>
     <span class='ocr_line' id='line_1_51' title="bbox 71 2653 1518 2694; baseline 0.002 -9"><span class='ocrx_word' id='word_1_474' title='bbox 71 2653 234 2685; x_wconf 62' lang='lat' dir='ltr'>obvenire</span> <span class='ocrx_word' id='word_1_475' title='bbox 259 2667 304 2684; x_wconf 63' lang='lat' dir='ltr'>z.-</span> <span class='ocrx_word' id='word_1_476' title='bbox 341 2655 477 2687; x_wconf 80' lang='lat' dir='ltr'>obviam</span> <span class='ocrx_word' id='word_1_477' title='bbox 503 2655 620 2687; x_wconf 65' lang='lat' dir='ltr'>venire</span> <span class='ocrx_word' id='word_1_478' title='bbox 646 2654 768 2694; x_wconf 65' lang='lat' dir='ltr'>alicui,</span> <span class='ocrx_word' id='word_1_479' title='bbox 793 2654 1004 2687; x_wconf 82' lang='lat' dir='ltr'>lemandem</span> <span class='ocrx_word' id='word_1_480' title='bbox 1032 2656 1069 2685; x_wconf 81' lang='grc' dir='ltr'>ιἰι</span> <span class='ocrx_word' id='word_1_481' title='bbox 1098 2654 1166 2685; x_wconf 80' lang='lat' dir='ltr'>den</span> <span class='ocrx_word' id='word_1_482' title='bbox 1195 2655 1305 2686; x_wconf 56' lang='lat' dir='ltr'>WVurt&#39;</span> <span class='ocrx_word' id='word_1_483' title='bbox 1329 2655 1518 2690; x_wconf 55' lang='lat' dir='ltr'>hommem</span> 
     </span>
     <span class='ocr_line' id='line_1_52' title="bbox 73 2701 1506 2746; baseline 0.003 -16"><span class='ocrx_word' id='word_1_484' title='bbox 73 2701 280 2734; x_wconf 58' lang='lat' dir='ltr'>nlncm&#39;ssee.</span> <span class='ocrx_word' id='word_1_485' title='bbox 339 2702 398 2733; x_wconf 83' lang='lat' dir='ltr'>Sic</span> <span class='ocrx_word' id='word_1_486' title='bbox 423 2701 515 2735; x_wconf 77' lang='lat' dir='ltr'><strong>cdd.</strong></span> <span class='ocrx_word' id='word_1_487' title='bbox 543 2702 696 2746; x_wconf 67' lang='lat' dir='ltr'>Malusp.</span> <span class='ocrx_word' id='word_1_488' title='bbox 725 2702 962 2741; x_wconf 72' lang='lat' dir='ltr'>Memmiaui,</span> <span class='ocrx_word' id='word_1_489' title='bbox 999 2702 1079 2732; x_wconf 79' lang='lat' dir='ltr'>cdd.</span> <span class='ocrx_word' id='word_1_490' title='bbox 1105 2703 1206 2734; x_wconf 69' lang='lat' dir='ltr'>Crat.</span> <span class='ocrx_word' id='word_1_491' title='bbox 1233 2703 1362 2736; x_wconf 61' lang='lat' dir='ltr'>Launh.</span> <span class='ocrx_word' id='word_1_492' title='bbox 1389 2704 1506 2737; x_wconf 74' lang='lat' dir='ltr'>Gracv</span> 
     </span>
     <span class='ocr_line' id='line_1_53' title="bbox 71 2749 1504 2786; baseline 0.003 -6"><span class='ocrx_word' id='word_1_493' title='bbox 71 2749 211 2782; x_wconf 80' lang='lat' dir='ltr'>Bentiv.</span> <span class='ocrx_word' id='word_1_494' title='bbox 253 2749 389 2782; x_wconf 71' lang='grc' dir='ltr'><strong><em>οὐιίἀηι</em></strong></span> <span class='ocrx_word' id='word_1_495' title='bbox 424 2750 570 2783; x_wconf 68' lang='lat' dir='ltr'>venisset</span> <span class='ocrx_word' id='word_1_496' title='bbox 609 2751 689 2784; x_wconf 73' lang='lat' dir='ltr'>Md.</span> <span class='ocrx_word' id='word_1_497' title='bbox 728 2750 904 2783; x_wconf 66' lang='lat' dir='ltr'>Tornacs.</span> <span class='ocrx_word' id='word_1_498' title='bbox 946 2751 1058 2783; x_wconf 50' lang='lat' dir='ltr'>Oxou.</span> <span class='ocrx_word' id='word_1_499' title='bbox 1089 2751 1116 2782; x_wconf 85' lang='lat'>1.</span> <span class='ocrx_word' id='word_1_500' title='bbox 1145 2751 1179 2785; x_wconf 84' lang='lat'>2.</span> <span class='ocrx_word' id='word_1_501' title='bbox 1208 2749 1288 2786; x_wconf 80' lang='lat' dir='ltr'>edd,</span> <span class='ocrx_word' id='word_1_502' title='bbox 1315 2751 1448 2784; x_wconf 55' lang='lat' dir='ltr'>Ast-cns</span> <span class='ocrx_word' id='word_1_503' title='bbox 1495 2753 1504 2784; x_wconf 94' lang='grc' dir='ltr'>Ι</span> 
     </span>
    </p>
   </div>
  </div>
 </body>
</html>
