1742 3006
202 90 288 140 196
472 90 531 132 M.
563 89 617 132 T.
649 86 989 131 CICERONIS
1018 86 1388 132 EPISTOLAE.

196 217 346 246 vamus
385 204 631 256 diligenter.
691 199 853 241 Edicta
888 199 1034 244 Bibuli
1074 199 1205 242 audio
1245 200 1300 241 ad
1329 205 1372 241 te
1400 198 1545 242 missa.
1602 202 1665 245 Iis

197 259 320 303 ardet
349 260 502 301 dolore
533 261 577 299 et
606 257 672 298 ira
700 260 848 299 noster
876 255 1128 319 Pompeius.

482 431 797 476 EPISTOLA
825 429 999 472 XLVI.
1059 431 1167 482 (Att.
1196 430 1258 474 11.
1289 430 1375 482 20.)

345 510 421 545 Ser.
446 511 591 545 Romae
615 519 742 543 mense
773 505 932 552 Quintili
957 505 1003 542 A.
1032 506 1073 540 U.
1103 507 1142 540 C.
1168 508 1246 543 695.
1297 508 1346 549 (a.
1373 507 1415 542 G.
1442 507 1518 550 59.)

192 579 295 624 Quos
316 577 462 612 Atticus
496 573 833 614 commendaverit,
876 584 938 606 eos
970 572 1043 606 sibi
1076 585 1187 607 curae
1223 585 1319 616 esse5
1353 572 1567 610 Varronem
1596 574 1668 609 sibi

193 626 429 670 satisfacere,
455 637 476 660 a
491 625 670 667 Pompeio
688 635 723 657 se
742 621 871 656 amari.
901 623 936 658 1.
962 621 1137 656 Clodium
1164 623 1235 656 sibi
1251 623 1409 665 mineri5
1435 635 1517 657 rem
1540 623 1665 669 publi-

192 668 278 709 clam
301 675 339 708 in
364 685 548 709 summum
573 672 775 706 discrimen
800 669 1001 704 adductam
1027 680 1115 704 esse.
1142 671 1175 706 2.
1214 670 1259 704 de
1284 673 1459 705 cautione
1483 673 1523 706 in
1546 672 1667 706 literis

193 722 404 757 scribendis
437 720 675 756 observanda.
711 721 744 754 3.
779 717 824 750 de
860 717 1025 751 comitiis
1060 719 1314 752 consularibus
1337 719 1470 754 dilatis.
1497 721 1592 756 4-5.
1621 720 1666 753 de

441 769 597 804 Diodoti
623 774 758 802 morte.
786 765 831 798 de
854 765 1053 800 Alexandri
1090 769 1220 812 poetae
1244 766 1365 801 libris.
1393 769 1426 803 6.

694 834 879 869 CICERO
912 833 1097 867 ATTICO
1130 833 1165 868 S.

302 907 512 958 Anicato‚
555 908 606 946 ut
634 908 676 945 te
716 902 828 944 velle
868 901 1196 955 intellexeram,
1237 901 1354 943 nullo
1391 901 1491 944 loco
1530 901 1665 944 defui.

193 962 470 1004 Numestium
499 975 553 1002 ex
581 960 724 1001 literis
752 959 841 998 tuis
870 956 1066 999 studiose
1085 959 1265 1012 scriptis
1284 958 1472 1000 libenter
1491 958 1538 1000 in
1559 959 1666 999 ami-

194 1019 346 1060 citiam
385 1018 546 1071 recepi.
616 1014 884 1065 Caecilium,
931 1014 1088 1067 quibus
1126 1015 1256 1055 rebus
1297 1027 1497 1068 possum,
1539 1017 1668 1055 tueor
1706 1032 1713 1038 ⁷

194 1074 443 1129 diligenter.
512 1072 661 1113 Varro
690 1069 911 1111 satisfacit
948 1069 1086 1111 nobis.
1154 1069 1393 1124 Pompeius
1431 1073 1550 1112 amat
1587 1083 1668 1111 nos

194 1143 407 1184 carosque
444 1128 587 1170 habet.
658 1126 840 1167 Credis?
878 1125 1059 1178 inquies.
1127 1125 1298 1166 Credo:
1327 1139 1517 1180 prorsus
1556 1125 1669 1167 mihi

192 1186 439 1240 persuadet.
496 1183 586 1226 Sed
614 1182 739 1236 quia,
780 1185 829 1221 ut
856 1180 1011 1234 video,
1051 1182 1317 1231 πραγματικοὶ
1344 1181 1545 1223 homines
1574 1195 1667 1223 om-

191 1242 318 1282 nibus
346 1239 572 1291 historiis,
600 1237 877 1292 praeceptis,
905 1237 1104 1278 versibus
1127 1237 1318 1291 denique
1337 1250 1494 1279 cavere
1517 1237 1668 1278 iubent

191 1300 235 1338 et
263 1299 415 1337 vetant
442 1295 649 1337 credere:
688 1294 872 1334 alterum
904 1291 1045 1344 facio,
1073 1295 1122 1333 ut
1151 1304 1352 1344 caveam3
1382 1294 1590 1343 alterum,
1619 1297 1668 1334 ut

191 1365 279 1394 non
317 1350 520 1403 credam,
568 1350 718 1391 facere
754 1361 841 1389 non
879 1360 1068 1401 possum.
1140 1347 1328 1389 Clodius
1374 1347 1521 1389 adhuc
1558 1348 1668 1389 mihi

191 1408 424 1450 denuntiat
450 1406 721 1462 periculum:
762 1403 1001 1458 Pompeius
1031 1401 1231 1444 affirmat
1256 1416 1344 1444 non
1371 1417 1468 1445 esse
1495 1405 1668 1459 pericu·
1725 1448 1728 1454 A

190 1465 302 1505 lum:
342 1463 539 1511 adiurat3
579 1461 703 1502 addit
747 1460 883 1501 etiam
923 1472 971 1500 se
1011 1459 1136 1513 prius
1175 1460 1369 1501 occisum
1407 1460 1466 1500 iri
1504 1461 1559 1502 ab
1597 1474 1666 1513 eo,

191 1533 322 1575 quam
350 1531 422 1560 me
451 1518 661 1561 violatum
688 1516 758 1558 iri.
826 1516 1067 1557 Tractatur
1105 1525 1190 1557 res.
1258 1515 1400 1557 Simul
1435 1515 1541 1571 quid
1580 1518 1667 1558 erit

191 1627 284 1661 seln:
313 1627 359 1661 ἐν
385 1624 664 1672 αἰνιγμοῖσι.
697 1623 834 1657 Muret.
863 1622 903 1656 V.
932 1623 975 1657 L.
1005 1623 1039 1664 7,
1068 1622 1127 1657 14.
1162 1622 1395 1656 contendens
1432 1620 1668 1667 desumptum

191 1676 267 1709 hoc
307 1686 383 1708 esse
417 1686 436 1707 e
474 1674 602 1708 Rheso
628 1674 678 1712 V,
713 1672 801 1706 754:
841 1667 923 1705 Tdo'
959 1666 1025 1703 οὐκ
1065 1670 1102 1703 ἑν
1128 1666 1329 1714 αἰνιγμοῖσι
1361 1671 1529 1714 σημαίνει
1559 1668 1667 1707 κακά,

171 1721 388 1757 -ORELLL
415 1741 458 1747 —
486 1721 685 1755 Caecilium
701 1718 818 1752 Attici
844 1718 1077 1753 avunculum.
1107 1736 1152 1742 —
1180 1719 1371 1751 observare
1397 1718 1576 1764 aliquem,
1602 1719 1667 1753 Ei-

190 1782 279 1805 nem
311 1770 370 1804 die
402 1770 649 1812 Aufwartung
682 1767 848 1801 macheu.
886 1785 924 1792 -
961 1766 1011 1799 ad
1042 1769 1076 1799 te
1109 1766 1241 1808 missa,
1275 1767 1407 1803 Lamb.
1440 1767 1490 1800 ad
1521 1770 1556 1800 te
1589 1777 1666 1800 esse

191 1819 311 1852 missa.
361 1819 518 1852 Bibulus
542 1817 647 1850 hatte
673 1816 771 1848 nach
799 1815 867 1848 der
885 1813 1035 1848 neulich
1052 1813 1247 1847 erlittenen
1265 1815 1557 1860 Beschimpfung
1583 1815 1666 1849 sich

190 1865 370 1900 wahrend
396 1867 463 1900 der
489 1865 651 1909 iibrigen
679 1864 768 1896 acht
793 1861 977 1896 Monathe
1004 1862 1125 1895 seinos
1160 1863 1350 1895 Consulats
1384 1863 1421 1895 in
1455 1863 1533 1896 sein
1567 1865 1666 1897 Hans

190 1915 463 1955 verschlossen,
490 1925 559 1948 von
586 1924 641 1944 wo
668 1923 710 1945 er
734 1922 854 1956 gcgen
881 1911 949 1943 alle
975 1910 1219 1954 Handlungen
1246 1911 1365 1943 seines
1392 1910 1569 1956 Collegen
1596 1914 1664 1945 ca·-

192 1974 270 1996 sars
293 1963 517 2002 Manifeste,
544 1962 685 2001 edicta,
711 1960 878 2003 ergehen
894 1970 925 1992 u.
947 1958 1085 1992 uberall
1103 1959 1326 2002 anschlagen
1352 1958 1456 1998 liess,
1486 1959 1666 1992 wodurch

192 2022 233 2043 er
258 2011 343 2044 iene
367 2011 429 2045 fiir
453 2009 734 2054 gesetzwidrig,
771 2008 847 2040 null
879 2019 913 2040 u.
948 2007 1095 2053 nichtig
1127 2006 1310 2039 erklarte:
1344 2007 1435 2040 aber
1467 2007 1661 2041 fruchtlos.

194 2061 305 2092 cesar
330 2058 413 2092 that
438 2058 513 2091 und
544 2057 680 2090 erhielt
704 2056 823 2095 Alles,
860 2066 936 2087 was
959 2066 998 2088 er
1024 2054 1158 2087 wollte.
1186 2075 1226 2080 —-
1256 2055 1330 2093 Iis,
1357 2055 1486 2089 Lamb.
1513 2053 1586 2098 his,
1613 2070 1661 2087 z

192 2107 368 2140 dariiber.
420 2108 525 2141 Denn
553 2105 705 2139 Bibulus
732 2104 833 2136 hatte
859 2104 896 2136 in
923 2103 1044 2136 seinen
1063 2102 1220 2136 Edicten
1246 2103 1343 2136 auch
1363 2104 1434 2137 den
1459 2104 1663 2150 Pompeius

191 2154 296 2188 nicht
321 2155 530 2188 verschont.
563 2153 599 2187 S.
628 2164 685 2197 ep.
711 2153 770 2187 47.

288 2218 320 2249 l.
350 2216 507 2249 Anicato
531 2241 558 2249 ..
576 2241 584 2248 .
605 2214 703 2247 nullo
722 2214 800 2246 loco
827 2211 950 2254 defui,
979 2211 1061 2244 dem
1083 2211 1260 2245 Anicatus
1277 2212 1362 2245 hab'
1389 2213 1452 2246 ich
1477 2213 1538 2247 bei
1559 2213 1663 2248 ieder

191 2263 436 2308 Gelegenheit
463 2275 508 2297 zu
533 2263 666 2296 dienen
692 2260 863 2306 gesucht.
921 2260 973 2293 Er
1000 2271 1073 2292 war
1097 2260 1156 2292 ein
1181 2260 1325 2293 Freund
1350 2260 1413 2294 des
1441 2263 1594 2297 Attikus.
1618 2281 1659 2287 —

190 2312 351 2346 Numest.
380 2311 472 2344 wird
497 2313 555 2349 423.
584 2314 615 2345 7.
642 2322 678 2346 11.
705 2321 764 2342 am
783 2308 887 2342 Ende
913 2307 976 2340 des
1000 2309 1109 2342 50ten
1136 2309 1259 2342 Briefs
1284 2309 1384 2342 noch
1411 2309 1578 2343 einmabl
1602 2322 1661 2344 er-

190 2360 330 2396 wfihnt.
362 2379 403 2384 -
434 2359 658 2398 Caecilium,
683 2357 796 2390 Attici
823 2356 1058 2389 avunculum.
1086 2375 1129 2381 ——
1158 2358 1210 2390 M.
1237 2357 1429 2390 Terentius
1453 2358 1575 2392 Varro
1599 2368 1657 2391 scz—

190 2407 333 2448 tz'sfacit
358 2407 479 2446 nobis,
507 2407 592 2451 quia
610 2406 829 2450 Pompeium
855 2404 891 2436 in
918 2404 1083 2436 amicitia
1110 2411 1235 2438 nostra
1251 2406 1470 2447 confirmat,
1498 2417 1557 2439 me
1581 2418 1660 2440 om-

189 2456 295 2488 nibus
313 2455 454 2488 officiis
473 2455 563 2488 colit
579 2454 746 2498 mihique
772 2454 873 2486 favet
894 2451 931 2485 in
949 2452 1118 2497 periculo
1145 2465 1165 2485 a
1186 2453 1318 2486 Clodio
1335 2453 1546 2487 metuendo.
1577 2455 1658 2487 vid.

190 2514 246 2547 ep.
281 2503 428 2537 XLvu.
454 2503 522 2536 sub
546 2503 608 2536 fin.
635 2520 677 2525 ——
707 2498 1033 2547 npaypauuoi,
1061 2501 1178 2533 multo
1196 2513 1319 2535 rerum
1345 2513 1410 2534 usu
1435 2502 1570 2547 periti,
1598 2503 1659 2536 die

187 2551 345 2585 Meister
376 2551 413 2584 in
440 2551 504 2583 der
529 2549 797 2584 Lebenskunst.
831 2567 874 2573 -—
907 2548 1088 2589 versibus,
1122 2550 1194 2582 wie
1219 2549 1480 2595 Epicharmus.
1530 2550 1568 2586 S.
1595 2561 1655 2596 ep.

187 2598 320 2640 XXIV,
345 2601 378 2635 Β.
405 2617 449 2624 -—-
475 2609 603 2632 cavere
632 2597 751 2630 iubent
775 2610 823 2627 z
849 2592 1053 2634 κελεύουσι,
1081 2597 1164 2630 sich
1189 2598 1416 2632 vorzusehen
1439 2599 1654 2632 ermahnen.

188 2664 229 2670 —
249 2648 385 2688 facere
415 2657 485 2680 uon
508 2656 672 2691 possum,
707 2649 762 2687 ut,
795 2645 858 2677 ich
892 2644 986 2676 kann
1022 2655 1057 2677 es
1088 2646 1196 2679 nicht
1222 2646 1315 2679 iiber
1340 2645 1443 2679 mich
1471 2647 1653 2686 erhalten,

185 2693 276 2727 dass.
303 2694 338 2728 S.
365 2695 513 2728 Ramsh.
539 2695 567 2739 §-
598 2694 674 2733 192,
701 2692 743 2735 Α,
771 2694 800 2727 l.
828 2694 962 2737 Zumpt
987 2692 1018 2736 ἕ.
1046 2694 1124 2728 615.

277 2743 308 2777 2.
338 2742 533 2775 Tractatur
558 2751 628 2775 res.
678 2741 726 2775 Es
761 2741 851 2775 wird
886 2741 987 2774 noch
1022 2741 1294 2775 unterhandelt.
1328 2761 1364 2767 -—
1393 2742 1505 2776 Simul
1530 2757 1576 2775 z
1606 2743 1652 2775 si·
