<?xml version="1.0" encoding="UTF-8"?>
<!DOCTYPE html PUBLIC "-//W3C//DTD XHTML 1.0 Transitional//EN"
    "http://www.w3.org/TR/xhtml1/DTD/xhtml1-transitional.dtd">
<html xmlns="http://www.w3.org/1999/xhtml" xml:lang="en" lang="en">
 <head>
  <title>
</title>
<meta http-equiv="Content-Type" content="text/html;charset=utf-8" />
  <meta name='ocr-system' content='tesseract 3.04.00' />
  <meta name='ocr-capabilities' content='ocr_page ocr_carea ocr_par ocr_line ocrx_word'/>
</head>
<body>
  <div class='ocr_page' id='page_1' title='image "./epistolaeadattic00ciceuoft_0141.png"; bbox 0 0 1742 3006; ppageno 0'>
   <div class='ocr_carea' id='block_1_1' title="bbox 1486 70 1573 119">
    <p class='ocr_par' dir='ltr' id='par_1_1' title="bbox 1486 70 1573 119">
     <span class='ocr_line' id='line_1_1' title="bbox 1486 70 1573 119; baseline 0.034 -3"><span class='ocrx_word' id='word_1_1' title='bbox 1486 70 1573 119; x_wconf 82' lang='lat'>125</span> 
     </span>
    </p>
   </div>
   <div class='ocr_carea' id='block_1_2' title="bbox 311 193 1332 263">
    <p class='ocr_par' dir='ltr' id='par_1_2' title="bbox 311 193 1332 263">
     <span class='ocr_line' id='line_1_2' title="bbox 311 193 1332 263; baseline -0.001 -8"><span class='ocrx_word' id='word_1_2' title='bbox 311 209 629 255; x_wconf 81' lang='lat' dir='ltr'><strong>EPISTOLA</strong></span> <span class='ocrx_word' id='word_1_3' title='bbox 659 193 826 253; x_wconf 71' lang='lat' dir='ltr'><strong>xxx.</strong></span> <span class='ocrx_word' id='word_1_4' title='bbox 887 210 977 260; x_wconf 73' lang='lat' dir='ltr'>(Aa</span> <span class='ocrx_word' id='word_1_5' title='bbox 1009 210 1064 263; x_wconf 85' lang='lat' dir='ltr'>Q.</span> <span class='ocrx_word' id='word_1_6' title='bbox 1096 211 1172 255; x_wconf 78' lang='lat' dir='ltr'>Fr.</span> <span class='ocrx_word' id='word_1_7' title='bbox 1202 211 1240 254; x_wconf 89' lang='lat'>1.</span> <span class='ocrx_word' id='word_1_8' title='bbox 1273 212 1332 262; x_wconf 87' lang='lat'>1.)</span> 
     </span>
    </p>
   </div>
   <div class='ocr_carea' id='block_1_3' title="bbox 479 285 1166 330">
    <p class='ocr_par' dir='ltr' id='par_1_3' title="bbox 479 285 1166 330">
     <span class='ocr_line' id='line_1_3' title="bbox 479 285 1166 330; baseline 0.003 -8"><span class='ocrx_word' id='word_1_9' title='bbox 479 286 564 326; x_wconf 71' lang='lat' dir='ltr'>Ser.</span> <span class='ocrx_word' id='word_1_10' title='bbox 592 288 632 321; x_wconf 92' lang='lat' dir='ltr'>A.</span> <span class='ocrx_word' id='word_1_11' title='bbox 662 287 708 320; x_wconf 87' lang='lat' dir='ltr'>U.</span> <span class='ocrx_word' id='word_1_12' title='bbox 739 286 781 322; x_wconf 77' lang='lat' dir='ltr'>C.</span> <span class='ocrx_word' id='word_1_13' title='bbox 808 285 891 322; x_wconf 84' lang='grc'><strong>695.</strong></span> <span class='ocrx_word' id='word_1_14' title='bbox 943 286 993 328; x_wconf 84' lang='lat' dir='ltr'>(a.</span> <span class='ocrx_word' id='word_1_15' title='bbox 1023 289 1062 322; x_wconf 87' lang='lat' dir='ltr'>C.</span> <span class='ocrx_word' id='word_1_16' title='bbox 1090 289 1166 330; x_wconf 83' lang='lat'>59.)</span> 
     </span>
    </p>
   </div>
   <div class='ocr_carea' id='block_1_4' title="bbox 9 348 1570 1550">
    <p class='ocr_par' dir='ltr' id='par_1_4' title="bbox 9 348 1570 976">
     <span class='ocr_line' id='line_1_4' title="bbox 10 348 1569 394; baseline 0.001 -10"><span class='ocrx_word' id='word_1_17' title='bbox 10 351 15 394; x_wconf 57' lang='grc' dir='ltr'><em>ξ</em></span> <span class='ocrx_word' id='word_1_18' title='bbox 70 350 193 393; x_wconf 86' lang='lat' dir='ltr'>Quum</span> <span class='ocrx_word' id='word_1_19' title='bbox 227 349 364 393; x_wconf 84' lang='lat' dir='ltr'>Quinto</span> <span class='ocrx_word' id='word_1_20' title='bbox 388 348 524 390; x_wconf 85' lang='lat' dir='ltr'>fratri,</span> <span class='ocrx_word' id='word_1_21' title='bbox 565 349 631 393; x_wconf 87' lang='lat' dir='ltr'>qui</span> <span class='ocrx_word' id='word_1_22' title='bbox 666 359 713 383; x_wconf 84' lang='lat' dir='ltr'>ex</span> <span class='ocrx_word' id='word_1_23' title='bbox 736 353 915 394; x_wconf 87' lang='lat' dir='ltr'>praetura</span> <span class='ocrx_word' id='word_1_24' title='bbox 940 348 1066 382; x_wconf 80' lang='lat' dir='ltr'>Asiam</span> <span class='ocrx_word' id='word_1_25' title='bbox 1091 349 1331 394; x_wconf 82' lang='lat' dir='ltr'>provinciam</span> <span class='ocrx_word' id='word_1_26' title='bbox 1358 359 1474 385; x_wconf 87' lang='lat' dir='ltr'>annos</span> <span class='ocrx_word' id='word_1_27' title='bbox 1492 350 1569 385; x_wconf 83' lang='lat' dir='ltr'>iam</span> 
     </span>
     <span class='ocr_line' id='line_1_5' title="bbox 10 396 1570 446; baseline 0.001 -15"><span class='ocrx_word' id='word_1_28' title='bbox 10 412 11 431; x_wconf 56' lang='lat' dir='ltr'><em>z</em></span> <span class='ocrx_word' id='word_1_29' title='bbox 68 399 143 433; x_wconf 85' lang='lat' dir='ltr'>duo</span> <span class='ocrx_word' id='word_1_30' title='bbox 175 410 311 446; x_wconf 83' lang='lat' dir='ltr'>magna</span> <span class='ocrx_word' id='word_1_31' title='bbox 336 409 423 431; x_wconf 90' lang='lat' dir='ltr'>cum</span> <span class='ocrx_word' id='word_1_32' title='bbox 449 396 579 439; x_wconf 86' lang='lat' dir='ltr'>laude,</span> <span class='ocrx_word' id='word_1_33' title='bbox 617 398 888 431; x_wconf 88' lang='lat' dir='ltr'>nonnullorum</span> <span class='ocrx_word' id='word_1_34' title='bbox 915 402 1042 430; x_wconf 89' lang='lat' dir='ltr'>tamen</span> <span class='ocrx_word' id='word_1_35' title='bbox 1070 408 1156 430; x_wconf 90' lang='lat' dir='ltr'>cum</span> <span class='ocrx_word' id='word_1_36' title='bbox 1181 397 1479 443; x_wconf 81' lang='lat' dir='ltr'>reprehensione</span> <span class='ocrx_word' id='word_1_37' title='bbox 1504 399 1570 433; x_wconf 86' lang='lat' dir='ltr'>ad-</span> 
     </span>
     <span class='ocr_line' id='line_1_6' title="bbox 10 445 1570 492; baseline 0 -11"><span class='ocrx_word' id='word_1_38' title='bbox 10 477 15 485; x_wconf 71' lang='lat'><em>,</em></span> <span class='ocrx_word' id='word_1_39' title='bbox 68 448 363 489; x_wconf 83' lang='lat' dir='ltr'><strong>ministraverat,</strong></span> <span class='ocrx_word' id='word_1_40' title='bbox 388 451 639 490; x_wconf 81' lang='lat' dir='ltr'>prorogatum</span> <span class='ocrx_word' id='word_1_41' title='bbox 664 445 778 479; x_wconf 85' lang='lat' dir='ltr'>etiam</span> <span class='ocrx_word' id='word_1_42' title='bbox 804 445 844 478; x_wconf 90' lang='lat' dir='ltr'>in</span> <span class='ocrx_word' id='word_1_43' title='bbox 870 446 1026 479; x_wconf 88' lang='lat' dir='ltr'>tertium</span> <span class='ocrx_word' id='word_1_44' title='bbox 1041 456 1183 478; x_wconf 88' lang='lat' dir='ltr'>annum</span> <span class='ocrx_word' id='word_1_45' title='bbox 1199 447 1404 492; x_wconf 85' lang='lat' dir='ltr'>imperium</span> <span class='ocrx_word' id='word_1_46' title='bbox 1423 447 1570 489; x_wconf 78' lang='lat' dir='ltr'>fuisset,</span> 
     </span>
     <span class='ocr_line' id='line_1_7' title="bbox 10 490 1568 541; baseline 0 -12"><span class='ocrx_word' id='word_1_47' title='bbox 10 490 15 499; x_wconf 55' lang='lat'>&#39;¹</span> <span class='ocrx_word' id='word_1_48' title='bbox 70 497 204 529; x_wconf 87' lang='lat' dir='ltr'>Cicero</span> <span class='ocrx_word' id='word_1_49' title='bbox 230 506 316 528; x_wconf 88' lang='lat' dir='ltr'>eum</span> <span class='ocrx_word' id='word_1_50' title='bbox 342 494 509 538; x_wconf 84' lang='lat' dir='ltr'>primum</span> <span class='ocrx_word' id='word_1_51' title='bbox 535 493 580 527; x_wconf 88' lang='lat' dir='ltr'>ob</span> <span class='ocrx_word' id='word_1_52' title='bbox 606 492 707 527; x_wconf 85' lang='lat' dir='ltr'>hanc</span> <span class='ocrx_word' id='word_1_53' title='bbox 732 494 942 528; x_wconf 74' lang='lat' dir='ltr'>molestiam</span> <span class='ocrx_word' id='word_1_54' title='bbox 969 494 1198 533; x_wconf 84' lang='lat' dir='ltr'>consolatur,</span> <span class='ocrx_word' id='word_1_55' title='bbox 1232 505 1389 539; x_wconf 86' lang='lat' dir='ltr'>eamque</span> <span class='ocrx_word' id='word_1_56' title='bbox 1428 495 1568 541; x_wconf 81' lang='lat' dir='ltr'>partim</span> 
     </span>
     <span class='ocr_line' id='line_1_8' title="bbox 10 541 1570 588; baseline 0.001 -12"><span class='ocrx_word' id='word_1_57' title='bbox 10 563 11 576; x_wconf 46' lang='lat'>³</span> <span class='ocrx_word' id='word_1_58' title='bbox 68 555 132 577; x_wconf 84' lang='lat' dir='ltr'>sua</span> <span class='ocrx_word' id='word_1_59' title='bbox 158 542 272 588; x_wconf 83' lang='lat' dir='ltr'>ipsius</span> <span class='ocrx_word' id='word_1_60' title='bbox 299 543 410 587; x_wconf 85' lang='lat' dir='ltr'>culpa</span> <span class='ocrx_word' id='word_1_61' title='bbox 437 541 471 575; x_wconf 91' lang='lat' dir='ltr'>ei</span> <span class='ocrx_word' id='word_1_62' title='bbox 498 547 734 575; x_wconf 82' lang='lat' dir='ltr'>contractum</span> <span class='ocrx_word' id='word_1_63' title='bbox 761 552 837 576; x_wconf 89' lang='lat' dir='ltr'>esse</span> <span class='ocrx_word' id='word_1_64' title='bbox 863 542 1077 578; x_wconf 79' lang='lat' dir='ltr'>confitetur.</span> <span class='ocrx_word' id='word_1_65' title='bbox 1106 543 1211 576; x_wconf 85' lang='lat'>1—3.</span> <span class='ocrx_word' id='word_1_66' title='bbox 1238 542 1373 577; x_wconf 83' lang='lat' dir='ltr'>deinde</span> <span class='ocrx_word' id='word_1_67' title='bbox 1390 542 1570 577; x_wconf 82' lang='lat' dir='ltr'>hortatur</span> 
     </span>
     <span class='ocr_line' id='line_1_9' title="bbox 10 589 1568 637; baseline 0.001 -13"><span class='ocrx_word' id='word_1_68' title='bbox 10 610 15 636; x_wconf 35' lang='grc' dir='ltr'>η</span> <span class='ocrx_word' id='word_1_69' title='bbox 66 592 240 631; x_wconf 78' lang='lat' dir='ltr'>fratrem,</span> <span class='ocrx_word' id='word_1_70' title='bbox 276 602 323 624; x_wconf 90' lang='lat' dir='ltr'>ne</span> <span class='ocrx_word' id='word_1_71' title='bbox 355 590 523 624; x_wconf 84' lang='lat' dir='ltr'>animum</span> <span class='ocrx_word' id='word_1_72' title='bbox 561 589 755 632; x_wconf 79' lang='lat' dir='ltr'><strong>demittat,</strong></span> <span class='ocrx_word' id='word_1_73' title='bbox 798 590 860 624; x_wconf 90' lang='lat' dir='ltr'>sed</span> <span class='ocrx_word' id='word_1_74' title='bbox 885 589 1050 637; x_wconf 75' lang='lat' dir='ltr'>negotiis</span> <span class='ocrx_word' id='word_1_75' title='bbox 1074 590 1224 623; x_wconf 80' lang='lat' dir='ltr'>resistat</span> <span class='ocrx_word' id='word_1_76' title='bbox 1249 596 1362 635; x_wconf 88' lang='lat' dir='ltr'>atque</span> <span class='ocrx_word' id='word_1_77' title='bbox 1387 591 1480 626; x_wconf 86' lang='lat' dir='ltr'>adeo</span> <span class='ocrx_word' id='word_1_78' title='bbox 1505 602 1568 626; x_wconf 90' lang='lat' dir='ltr'>oc·-</span> 
     </span>
     <span class='ocr_line' id='line_1_10' title="bbox 10 638 1568 687; baseline 0.001 -15"><span class='ocrx_word' id='word_1_79' title='bbox 10 640 15 650; x_wconf 69' lang='lat'>⁴&#39;</span> <span class='ocrx_word' id='word_1_80' title='bbox 66 644 215 681; x_wconf 80' lang='lat' dir='ltr'>currat,</span> <span class='ocrx_word' id='word_1_81' title='bbox 251 638 391 684; x_wconf 82' lang='lat' dir='ltr'><strong>quippe</strong></span> <span class='ocrx_word' id='word_1_82' title='bbox 425 649 544 683; x_wconf 86' lang='lat' dir='ltr'>quum</span> <span class='ocrx_word' id='word_1_83' title='bbox 576 648 653 672; x_wconf 85' lang='lat' dir='ltr'>non</span> <span class='ocrx_word' id='word_1_84' title='bbox 688 649 770 672; x_wconf 88' lang='lat' dir='ltr'>eam</span> <span class='ocrx_word' id='word_1_85' title='bbox 796 643 945 683; x_wconf 90' lang='lat' dir='ltr'>partem</span> <span class='ocrx_word' id='word_1_86' title='bbox 979 638 1036 672; x_wconf 91' lang='lat' dir='ltr'>rei</span> <span class='ocrx_word' id='word_1_87' title='bbox 1059 638 1234 683; x_wconf 84' lang='lat' dir='ltr'>publicae</span> <span class='ocrx_word' id='word_1_88' title='bbox 1269 645 1390 687; x_wconf 83' lang='lat' dir='ltr'>gerat,</span> <span class='ocrx_word' id='word_1_89' title='bbox 1423 639 1462 672; x_wconf 90' lang='lat' dir='ltr'>in</span> <span class='ocrx_word' id='word_1_90' title='bbox 1495 650 1568 684; x_wconf 87' lang='lat' dir='ltr'>qua</span> 
     </span>
     <span class='ocr_line' id='line_1_11' title="bbox 14 686 1566 734; baseline -0.001 -11"><span class='ocrx_word' id='word_1_91' title='bbox 14 709 15 723; x_wconf 41' lang='grc' dir='ltr'>η</span> <span class='ocrx_word' id='word_1_92' title='bbox 65 688 219 721; x_wconf 80' lang='lat' dir='ltr'>fortuna</span> <span class='ocrx_word' id='word_1_93' title='bbox 252 687 488 727; x_wconf 80' lang='lat' dir='ltr'>dominetur,</span> <span class='ocrx_word' id='word_1_94' title='bbox 524 687 588 720; x_wconf 86' lang='lat' dir='ltr'>sed</span> <span class='ocrx_word' id='word_1_95' title='bbox 612 687 653 719; x_wconf 90' lang='lat' dir='ltr'>in</span> <span class='ocrx_word' id='word_1_96' title='bbox 679 697 753 731; x_wconf 85' lang='lat' dir='ltr'>qua</span> <span class='ocrx_word' id='word_1_97' title='bbox 777 686 988 731; x_wconf 88' lang='lat' dir='ltr'>plurimum</span> <span class='ocrx_word' id='word_1_98' title='bbox 1014 686 1112 720; x_wconf 89' lang='lat' dir='ltr'>ratio</span> <span class='ocrx_word' id='word_1_99' title='bbox 1139 686 1256 733; x_wconf 89' lang='lat' dir='ltr'>possit</span> <span class='ocrx_word' id='word_1_100' title='bbox 1281 693 1319 721; x_wconf 88' lang='lat' dir='ltr'>et</span> <span class='ocrx_word' id='word_1_101' title='bbox 1351 688 1566 734; x_wconf 80' lang='lat' dir='ltr'>diligentia.</span> 
     </span>
     <span class='ocr_line' id='line_1_12' title="bbox 10 733 1568 780; baseline 0.001 -13"><span class='ocrx_word' id='word_1_102' title='bbox 10 747 15 776; x_wconf 52' lang='grc' dir='ltr'><em>ς</em></span> <span class='ocrx_word' id='word_1_103' title='bbox 63 736 169 770; x_wconf 76' lang='grc'><strong>4-9.</strong></span> <span class='ocrx_word' id='word_1_104' title='bbox 204 735 348 769; x_wconf 84' lang='lat' dir='ltr'>Deinde</span> <span class='ocrx_word' id='word_1_105' title='bbox 388 733 577 780; x_wconf 86' lang='lat' dir='ltr'>praecipit</span> <span class='ocrx_word' id='word_1_106' title='bbox 605 733 794 780; x_wconf 86' lang='lat' dir='ltr'>primum,</span> <span class='ocrx_word' id='word_1_107' title='bbox 829 739 871 768; x_wconf 89' lang='lat' dir='ltr'>ut</span> <span class='ocrx_word' id='word_1_108' title='bbox 897 745 976 776; x_wconf 90' lang='lat' dir='ltr'>eos,</span> <span class='ocrx_word' id='word_1_109' title='bbox 1013 745 1107 779; x_wconf 85' lang='lat' dir='ltr'>quos</span> <span class='ocrx_word' id='word_1_110' title='bbox 1133 734 1289 769; x_wconf 87' lang='lat' dir='ltr'>comites</span> <span class='ocrx_word' id='word_1_111' title='bbox 1316 741 1352 769; x_wconf 91' lang='lat' dir='ltr'>et</span> <span class='ocrx_word' id='word_1_112' title='bbox 1378 736 1568 770; x_wconf 85' lang='lat' dir='ltr'>adiutores</span> 
     </span>
     <span class='ocr_line' id='line_1_13' title="bbox 10 779 1566 831; baseline 0.001 -15"><span class='ocrx_word' id='word_1_113' title='bbox 10 779 15 820; x_wconf 65' lang='grc' dir='ltr'><strong><em>ἕ</em></strong></span> <span class='ocrx_word' id='word_1_114' title='bbox 63 782 307 831; x_wconf 79' lang='lat' dir='ltr'>negotiorum</span> <span class='ocrx_word' id='word_1_115' title='bbox 339 780 399 817; x_wconf 87' lang='lat' dir='ltr'>res</span> <span class='ocrx_word' id='word_1_116' title='bbox 425 783 577 829; x_wconf 86' lang='lat' dir='ltr'>publica</span> <span class='ocrx_word' id='word_1_117' title='bbox 593 783 673 828; x_wconf 87' lang='lat' dir='ltr'>ipsa</span> <span class='ocrx_word' id='word_1_118' title='bbox 692 781 853 825; x_wconf 82' lang='lat' dir='ltr'>dederit,</span> <span class='ocrx_word' id='word_1_119' title='bbox 880 783 919 816; x_wconf 89' lang='lat' dir='ltr'>in</span> <span class='ocrx_word' id='word_1_120' title='bbox 941 782 1066 816; x_wconf 85' lang='lat' dir='ltr'>officio</span> <span class='ocrx_word' id='word_1_121' title='bbox 1086 783 1302 825; x_wconf 82' lang='lat' dir='ltr'>contineat3</span> <span class='ocrx_word' id='word_1_122' title='bbox 1323 785 1420 818; x_wconf 86' lang='lat'>10—-</span> <span class='ocrx_word' id='word_1_123' title='bbox 1440 786 1494 818; x_wconf 88' lang='lat'>11.</span> <span class='ocrx_word' id='word_1_124' title='bbox 1523 790 1566 818; x_wconf 90' lang='lat' dir='ltr'>ut</span> 
     </span>
     <span class='ocr_line' id='line_1_14' title="bbox 10 830 1568 876; baseline 0.001 -11"><span class='ocrx_word' id='word_1_125' title='bbox 10 830 11 834; x_wconf 72' lang='grc'>’</span> <span class='ocrx_word' id='word_1_126' title='bbox 61 831 324 866; x_wconf 87' lang='lat' dir='ltr'>convictorum</span> <span class='ocrx_word' id='word_1_127' title='bbox 359 836 397 865; x_wconf 89' lang='lat' dir='ltr'>et</span> <span class='ocrx_word' id='word_1_128' title='bbox 429 831 694 876; x_wconf 80' lang='lat' dir='ltr'>apparitorum</span> <span class='ocrx_word' id='word_1_129' title='bbox 727 832 829 864; x_wconf 85' lang='lat' dir='ltr'>:facta</span> <span class='ocrx_word' id='word_1_130' title='bbox 862 835 900 863; x_wconf 89' lang='lat' dir='ltr'>et</span> <span class='ocrx_word' id='word_1_131' title='bbox 926 831 1026 864; x_wconf 89' lang='lat' dir='ltr'>dicta</span> <span class='ocrx_word' id='word_1_132' title='bbox 1051 831 1120 865; x_wconf 84' lang='lat' dir='ltr'>sibi</span> <span class='ocrx_word' id='word_1_133' title='bbox 1148 832 1372 876; x_wconf 84' lang='lat' dir='ltr'>praestanda</span> <span class='ocrx_word' id='word_1_134' title='bbox 1398 842 1476 866; x_wconf 87' lang='lat' dir='ltr'>esse</span> <span class='ocrx_word' id='word_1_135' title='bbox 1502 843 1568 866; x_wconf 91' lang='lat' dir='ltr'>co-</span> 
     </span>
     <span class='ocr_line' id='line_1_15' title="bbox 10 878 1567 924; baseline 0.001 -11"><span class='ocrx_word' id='word_1_136' title='bbox 10 885 12 919; x_wconf 74' lang='grc' dir='ltr'><em>ζ</em></span> <span class='ocrx_word' id='word_1_137' title='bbox 61 881 177 923; x_wconf 78' lang='lat' dir='ltr'>gitet3</span> <span class='ocrx_word' id='word_1_138' title='bbox 198 881 243 915; x_wconf 88' lang='grc'>12</span> <span class='ocrx_word' id='word_1_139' title='bbox 261 899 304 905; x_wconf 85' lang='grc'>-</span> <span class='ocrx_word' id='word_1_140' title='bbox 325 880 384 914; x_wconf 84' lang='lat'>14.</span> <span class='ocrx_word' id='word_1_141' title='bbox 404 885 458 921; x_wconf 90' lang='lat' dir='ltr'>ut,</span> <span class='ocrx_word' id='word_1_142' title='bbox 495 885 677 923; x_wconf 82' lang='lat' dir='ltr'>quantum</span> <span class='ocrx_word' id='word_1_143' title='bbox 701 878 1003 924; x_wconf 82' lang='lat' dir='ltr'>provincialibus</span> <span class='ocrx_word' id='word_1_144' title='bbox 1028 880 1090 913; x_wconf 90' lang='lat' dir='ltr'>vel</span> <span class='ocrx_word' id='word_1_145' title='bbox 1115 879 1296 913; x_wconf 87' lang='lat' dir='ltr'>Romanis</span> <span class='ocrx_word' id='word_1_146' title='bbox 1320 881 1384 914; x_wconf 81' lang='lat' dir='ltr'>vel</span> <span class='ocrx_word' id='word_1_147' title='bbox 1410 880 1567 915; x_wconf 83' lang='lat' dir='ltr'>Graecis</span> 
     </span>
     <span class='ocr_line' id='line_1_16' title="bbox 9 924 1567 976; baseline 0.001 -15"><span class='ocrx_word' id='word_1_148' title='bbox 9 924 12 946; x_wconf 70' lang='lat'>²</span> <span class='ocrx_word' id='word_1_149' title='bbox 60 928 255 962; x_wconf 84' lang='lat' dir='ltr'>fidendum</span> <span class='ocrx_word' id='word_1_150' title='bbox 281 927 347 969; x_wconf 85' lang='lat' dir='ltr'>sit,</span> <span class='ocrx_word' id='word_1_151' title='bbox 395 927 602 976; x_wconf 84' lang='lat' dir='ltr'>diligenter</span> <span class='ocrx_word' id='word_1_152' title='bbox 634 927 936 972; x_wconf 83' lang='lat' dir='ltr'>circumspiciat3</span> <span class='ocrx_word' id='word_1_153' title='bbox 976 927 1132 963; x_wconf 82' lang='lat'>15-16.</span> <span class='ocrx_word' id='word_1_154' title='bbox 1165 932 1208 960; x_wconf 92' lang='lat' dir='ltr'>ut</span> <span class='ocrx_word' id='word_1_155' title='bbox 1240 937 1368 962; x_wconf 84' lang='lat' dir='ltr'>servos</span> <span class='ocrx_word' id='word_1_156' title='bbox 1394 928 1505 975; x_wconf 80' lang='lat' dir='ltr'>gravi</span> <span class='ocrx_word' id='word_1_157' title='bbox 1529 934 1567 966; x_wconf 87' lang='lat' dir='ltr'>et</span> 
     </span>
    </p>

    <p class='ocr_par' dir='ltr' id='par_1_5' title="bbox 10 975 1565 1314">
     <span class='ocr_line' id='line_1_17' title="bbox 61 975 1564 1021; baseline 0 -11"><span class='ocrx_word' id='word_1_158' title='bbox 61 975 249 1010; x_wconf 77' lang='lat' dir='ltr'>constanti</span> <span class='ocrx_word' id='word_1_159' title='bbox 274 975 474 1021; x_wconf 84' lang='lat' dir='ltr'>disciplina</span> <span class='ocrx_word' id='word_1_160' title='bbox 500 978 685 1010; x_wconf 70' lang='lat' dir='ltr'>coerceat.</span> <span class='ocrx_word' id='word_1_161' title='bbox 710 976 863 1011; x_wconf 78' lang='lat'>17—18.</span> <span class='ocrx_word' id='word_1_162' title='bbox 890 975 1087 1009; x_wconf 85' lang='lat' dir='ltr'>Praeterea</span> <span class='ocrx_word' id='word_1_163' title='bbox 1105 975 1306 1010; x_wconf 87' lang='lat' dir='ltr'>severitate</span> <span class='ocrx_word' id='word_1_164' title='bbox 1332 976 1412 1009; x_wconf 83' lang='lat' dir='ltr'>eius</span> <span class='ocrx_word' id='word_1_165' title='bbox 1437 976 1477 1009; x_wconf 85' lang='lat' dir='ltr'>in</span> <span class='ocrx_word' id='word_1_166' title='bbox 1503 987 1564 1010; x_wconf 87' lang='lat' dir='ltr'>re-</span> 
     </span>
     <span class='ocr_line' id='line_1_18' title="bbox 10 1023 1564 1070; baseline 0 -12"><span class='ocrx_word' id='word_1_167' title='bbox 10 1043 14 1070; x_wconf 63' lang='lat' dir='ltr'><em>g</em></span> <span class='ocrx_word' id='word_1_168' title='bbox 60 1025 128 1058; x_wconf 91' lang='lat' dir='ltr'>bus</span> <span class='ocrx_word' id='word_1_169' title='bbox 154 1023 358 1057; x_wconf 83' lang='lat' dir='ltr'>statuendis</span> <span class='ocrx_word' id='word_1_170' title='bbox 385 1030 422 1057; x_wconf 86' lang='lat' dir='ltr'>et</span> <span class='ocrx_word' id='word_1_171' title='bbox 447 1024 694 1058; x_wconf 85' lang='lat' dir='ltr'>decernendis</span> <span class='ocrx_word' id='word_1_172' title='bbox 719 1023 883 1062; x_wconf 88' lang='lat' dir='ltr'>laudata,</span> <span class='ocrx_word' id='word_1_173' title='bbox 904 1023 1208 1068; x_wconf 82' lang='lat' dir='ltr'>aequabilitatem</span> <span class='ocrx_word' id='word_1_174' title='bbox 1228 1023 1268 1056; x_wconf 87' lang='lat' dir='ltr'>in</span> <span class='ocrx_word' id='word_1_175' title='bbox 1292 1024 1376 1058; x_wconf 88' lang='lat' dir='ltr'>iure</span> <span class='ocrx_word' id='word_1_176' title='bbox 1392 1024 1564 1068; x_wconf 84' lang='lat' dir='ltr'>dicendo,</span> 
     </span>
     <span class='ocr_line' id='line_1_19' title="bbox 11 1071 1562 1114; baseline -0.001 -7"><span class='ocrx_word' id='word_1_177' title='bbox 11 1091 14 1107; x_wconf 91' lang='lat'>·.</span> <span class='ocrx_word' id='word_1_178' title='bbox 62 1073 211 1108; x_wconf 87' lang='lat'>19—20.</span> <span class='ocrx_word' id='word_1_179' title='bbox 239 1072 464 1106; x_wconf 82' lang='lat' dir='ltr'>facilitatem</span> <span class='ocrx_word' id='word_1_180' title='bbox 490 1073 530 1105; x_wconf 89' lang='lat' dir='ltr'>in</span> <span class='ocrx_word' id='word_1_181' title='bbox 557 1072 754 1113; x_wconf 88' lang='lat' dir='ltr'>audiendo,</span> <span class='ocrx_word' id='word_1_182' title='bbox 782 1072 978 1105; x_wconf 86' lang='lat' dir='ltr'>lenitatem</span> <span class='ocrx_word' id='word_1_183' title='bbox 1003 1072 1044 1105; x_wconf 92' lang='lat' dir='ltr'>in</span> <span class='ocrx_word' id='word_1_184' title='bbox 1072 1071 1325 1114; x_wconf 87' lang='lat' dir='ltr'>decernendo,</span> <span class='ocrx_word' id='word_1_185' title='bbox 1350 1073 1391 1106; x_wconf 91' lang='lat' dir='ltr'>in</span> <span class='ocrx_word' id='word_1_186' title='bbox 1416 1072 1562 1106; x_wconf 81' lang='lat' dir='ltr'>satisfa-</span> 
     </span>
     <span class='ocr_line' id='line_1_20' title="bbox 10 1120 1564 1169; baseline 0 -15"><span class='ocrx_word' id='word_1_187' title='bbox 10 1160 14 1169; x_wconf 78' lang='lat'>‚</span> <span class='ocrx_word' id='word_1_188' title='bbox 61 1120 195 1155; x_wconf 85' lang='lat' dir='ltr'>ciendo</span> <span class='ocrx_word' id='word_1_189' title='bbox 230 1131 273 1153; x_wconf 90' lang='lat' dir='ltr'>ac</span> <span class='ocrx_word' id='word_1_190' title='bbox 308 1120 532 1165; x_wconf 86' lang='lat' dir='ltr'>disputando</span> <span class='ocrx_word' id='word_1_191' title='bbox 567 1120 807 1168; x_wconf 81' lang='lat' dir='ltr'>diligentiam</span> <span class='ocrx_word' id='word_1_192' title='bbox 834 1121 1091 1157; x_wconf 75' lang='lat' dir='ltr'>commendat.</span> <span class='ocrx_word' id='word_1_193' title='bbox 1131 1122 1177 1156; x_wconf 88' lang='grc'>21</span> <span class='ocrx_word' id='word_1_194' title='bbox 1204 1139 1248 1145; x_wconf 92' lang='grc'><strong>-</strong></span> <span class='ocrx_word' id='word_1_195' title='bbox 1274 1121 1335 1157; x_wconf 82' lang='grc'>26.</span> <span class='ocrx_word' id='word_1_196' title='bbox 1361 1121 1414 1155; x_wconf 82' lang='lat' dir='ltr'>Et</span> <span class='ocrx_word' id='word_1_197' title='bbox 1446 1132 1564 1165; x_wconf 91' lang='lat' dir='ltr'>quum</span> 
     </span>
     <span class='ocr_line' id='line_1_21' title="bbox 10 1167 1564 1213; baseline 0.001 -11"><span class='ocrx_word' id='word_1_198' title='bbox 10 1181 14 1189; x_wconf 75' lang='grc'><strong>’</strong></span> <span class='ocrx_word' id='word_1_199' title='bbox 58 1169 117 1213; x_wconf 88' lang='lat' dir='ltr'>iis,</span> <span class='ocrx_word' id='word_1_200' title='bbox 144 1167 400 1213; x_wconf 15' lang='lat' dir='ltr'>quibpraesint</span> <span class='ocrx_word' id='word_1_201' title='bbox 424 1169 521 1207; x_wconf 87' lang='lat' dir='ltr'>aliis,</span> <span class='ocrx_word' id='word_1_202' title='bbox 548 1169 673 1202; x_wconf 88' lang='lat' dir='ltr'>omnia</span> <span class='ocrx_word' id='word_1_203' title='bbox 699 1168 776 1202; x_wconf 91' lang='lat' dir='ltr'>huc</span> <span class='ocrx_word' id='word_1_204' title='bbox 801 1168 1002 1202; x_wconf 87' lang='lat' dir='ltr'>referenda</span> <span class='ocrx_word' id='word_1_205' title='bbox 1027 1169 1122 1211; x_wconf 85' lang='lat' dir='ltr'>sint,</span> <span class='ocrx_word' id='word_1_206' title='bbox 1165 1174 1207 1202; x_wconf 91' lang='lat' dir='ltr'>ut</span> <span class='ocrx_word' id='word_1_207' title='bbox 1232 1167 1284 1210; x_wconf 89' lang='lat' dir='ltr'>ii,</span> <span class='ocrx_word' id='word_1_208' title='bbox 1325 1169 1391 1213; x_wconf 89' lang='lat' dir='ltr'>qui</span> <span class='ocrx_word' id='word_1_209' title='bbox 1415 1169 1564 1204; x_wconf 85' lang='lat' dir='ltr'>fuerint</span> 
     </span>
     <span class='ocr_line' id='line_1_22' title="bbox 10 1215 1565 1262; baseline 0 -11"><span class='ocrx_word' id='word_1_210' title='bbox 10 1243 13 1251; x_wconf 81' lang='lat'>.</span> <span class='ocrx_word' id='word_1_211' title='bbox 57 1218 98 1251; x_wconf 90' lang='lat' dir='ltr'>in</span> <span class='ocrx_word' id='word_1_212' title='bbox 125 1227 258 1250; x_wconf 86' lang='lat' dir='ltr'>eorum</span> <span class='ocrx_word' id='word_1_213' title='bbox 284 1217 461 1262; x_wconf 85' lang='lat' dir='ltr'>imperio,</span> <span class='ocrx_word' id='word_1_214' title='bbox 491 1216 566 1250; x_wconf 86' lang='lat' dir='ltr'>sint</span> <span class='ocrx_word' id='word_1_215' title='bbox 606 1228 720 1261; x_wconf 84' lang='lat' dir='ltr'>quam</span> <span class='ocrx_word' id='word_1_216' title='bbox 747 1216 976 1258; x_wconf 82' lang='lat' dir='ltr'>beatissimi,</span> <span class='ocrx_word' id='word_1_217' title='bbox 1012 1215 1086 1251; x_wconf 87' lang='lat' dir='ltr'>hoc</span> <span class='ocrx_word' id='word_1_218' title='bbox 1113 1228 1133 1250; x_wconf 85' lang='lat' dir='ltr'>a</span> <span class='ocrx_word' id='word_1_219' title='bbox 1158 1217 1278 1250; x_wconf 85' lang='lat' dir='ltr'>fratre</span> <span class='ocrx_word' id='word_1_220' title='bbox 1304 1228 1450 1251; x_wconf 86' lang='lat' dir='ltr'>summa</span> <span class='ocrx_word' id='word_1_221' title='bbox 1476 1217 1565 1251; x_wconf 89' lang='lat' dir='ltr'>dili-</span> 
     </span>
     <span class='ocr_line' id='line_1_23' title="bbox 10 1264 1562 1314; baseline -0.001 -15"><span class='ocrx_word' id='word_1_222' title='bbox 10 1286 12 1291; x_wconf 41' lang='grc' dir='ltr'><strong>ν</strong></span> <span class='ocrx_word' id='word_1_223' title='bbox 57 1265 186 1314; x_wconf 82' lang='lat' dir='ltr'>gentia</span> <span class='ocrx_word' id='word_1_224' title='bbox 211 1271 384 1299; x_wconf 89' lang='lat' dir='ltr'>curatum</span> <span class='ocrx_word' id='word_1_225' title='bbox 411 1275 487 1299; x_wconf 88' lang='lat' dir='ltr'>esse</span> <span class='ocrx_word' id='word_1_226' title='bbox 515 1265 664 1312; x_wconf 81' lang='lat' dir='ltr'>singula</span> <span class='ocrx_word' id='word_1_227' title='bbox 690 1265 768 1299; x_wconf 89' lang='lat' dir='ltr'>eius</span> <span class='ocrx_word' id='word_1_228' title='bbox 794 1264 931 1298; x_wconf 84' lang='lat' dir='ltr'>merita</span> <span class='ocrx_word' id='word_1_229' title='bbox 955 1265 1215 1309; x_wconf 87' lang='lat' dir='ltr'>percensendo</span> <span class='ocrx_word' id='word_1_230' title='bbox 1240 1265 1368 1299; x_wconf 85' lang='lat' dir='ltr'>laudat</span> <span class='ocrx_word' id='word_1_231' title='bbox 1395 1264 1436 1298; x_wconf 88' lang='lat' dir='ltr'>in</span> <span class='ocrx_word' id='word_1_232' title='bbox 1461 1276 1562 1299; x_wconf 88' lang='lat' dir='ltr'>eam-</span> 
     </span>
    </p>

    <p class='ocr_par' dir='ltr' id='par_1_6' title="bbox 57 1312 1562 1358">
     <span class='ocr_line' id='line_1_24' title="bbox 57 1312 1562 1358; baseline 0.001 -12"><span class='ocrx_word' id='word_1_233' title='bbox 57 1324 132 1358; x_wconf 90' lang='lat' dir='ltr'>que</span> <span class='ocrx_word' id='word_1_234' title='bbox 157 1312 343 1346; x_wconf 87' lang='lat' dir='ltr'>rationem</span> <span class='ocrx_word' id='word_1_235' title='bbox 371 1319 413 1347; x_wconf 88' lang='lat' dir='ltr'>ut</span> <span class='ocrx_word' id='word_1_236' title='bbox 436 1323 555 1358; x_wconf 86' lang='lat' dir='ltr'>porro</span> <span class='ocrx_word' id='word_1_237' title='bbox 581 1313 685 1346; x_wconf 88' lang='lat' dir='ltr'>omni</span> <span class='ocrx_word' id='word_1_238' title='bbox 702 1312 824 1346; x_wconf 89' lang='lat' dir='ltr'>studio</span> <span class='ocrx_word' id='word_1_239' title='bbox 842 1312 1036 1347; x_wconf 84' lang='lat' dir='ltr'>incumbat</span> <span class='ocrx_word' id='word_1_240' title='bbox 1049 1312 1250 1352; x_wconf 57' lang='lat' dir='ltr'>hortatum</span> <span class='ocrx_word' id='word_1_241' title='bbox 1276 1314 1432 1349; x_wconf 73' lang='lat'><strong>27—32.</strong></span> <span class='ocrx_word' id='word_1_242' title='bbox 1458 1313 1562 1348; x_wconf 90' lang='lat' dir='ltr'>ideo-</span> 
     </span>
    </p>

    <p class='ocr_par' dir='ltr' id='par_1_7' title="bbox 10 1360 1563 1503">
     <span class='ocr_line' id='line_1_25' title="bbox 58 1360 1562 1406; baseline 0.001 -12"><span class='ocrx_word' id='word_1_243' title='bbox 58 1372 132 1406; x_wconf 87' lang='lat' dir='ltr'>que</span> <span class='ocrx_word' id='word_1_244' title='bbox 167 1366 210 1393; x_wconf 90' lang='lat' dir='ltr'>ut</span> <span class='ocrx_word' id='word_1_245' title='bbox 233 1360 444 1404; x_wconf 84' lang='lat' dir='ltr'>publicanis</span> <span class='ocrx_word' id='word_1_246' title='bbox 469 1371 540 1393; x_wconf 87' lang='lat' dir='ltr'>nec</span> <span class='ocrx_word' id='word_1_247' title='bbox 566 1362 720 1394; x_wconf 86' lang='lat' dir='ltr'>omnino</span> <span class='ocrx_word' id='word_1_248' title='bbox 747 1361 970 1394; x_wconf 80' lang='lat' dir='ltr'>adversetur</span> <span class='ocrx_word' id='word_1_249' title='bbox 994 1371 1064 1394; x_wconf 89' lang='lat' dir='ltr'>nec</span> <span class='ocrx_word' id='word_1_250' title='bbox 1089 1361 1134 1394; x_wconf 89' lang='lat' dir='ltr'>iis</span> <span class='ocrx_word' id='word_1_251' title='bbox 1165 1366 1293 1394; x_wconf 86' lang='lat' dir='ltr'>tamen</span> <span class='ocrx_word' id='word_1_252' title='bbox 1320 1360 1447 1395; x_wconf 89' lang='lat' dir='ltr'>omnia</span> <span class='ocrx_word' id='word_1_253' title='bbox 1472 1372 1562 1396; x_wconf 91' lang='lat' dir='ltr'>con-</span> 
     </span>
     <span class='ocr_line' id='line_1_26' title="bbox 10 1407 1562 1454; baseline 0 -11"><span class='ocrx_word' id='word_1_254' title='bbox 10 1415 14 1454; x_wconf 69' lang='grc' dir='ltr'>ξ</span> <span class='ocrx_word' id='word_1_255' title='bbox 55 1410 178 1450; x_wconf 89' lang='lat' dir='ltr'>cedat,</span> <span class='ocrx_word' id='word_1_256' title='bbox 205 1414 343 1442; x_wconf 85' lang='lat' dir='ltr'>monet.</span> <span class='ocrx_word' id='word_1_257' title='bbox 370 1410 525 1444; x_wconf 81' lang='lat'><strong>33—36.</strong></span> <span class='ocrx_word' id='word_1_258' title='bbox 553 1408 725 1452; x_wconf 89' lang='lat' dir='ltr'>Denique</span> <span class='ocrx_word' id='word_1_259' title='bbox 750 1414 794 1442; x_wconf 89' lang='lat' dir='ltr'>ut</span> <span class='ocrx_word' id='word_1_260' title='bbox 819 1407 1038 1442; x_wconf 80' lang='lat' dir='ltr'>iracundiae</span> <span class='ocrx_word' id='word_1_261' title='bbox 1073 1408 1222 1442; x_wconf 80' lang='lat' dir='ltr'>resistat</span> <span class='ocrx_word' id='word_1_262' title='bbox 1248 1410 1479 1453; x_wconf 86' lang='lat' dir='ltr'>omninoque</span> <span class='ocrx_word' id='word_1_263' title='bbox 1504 1415 1562 1443; x_wconf 87' lang='lat' dir='ltr'>to-</span> 
     </span>
     <span class='ocr_line' id='line_1_27' title="bbox 11 1455 1563 1503; baseline -0.001 -12"><span class='ocrx_word' id='word_1_264' title='bbox 11 1479 14 1499; x_wconf 85' lang='lat'><em>:</em></span> <span class='ocrx_word' id='word_1_265' title='bbox 57 1463 138 1492; x_wconf 87' lang='lat' dir='ltr'>tum</span> <span class='ocrx_word' id='word_1_266' title='bbox 174 1456 341 1490; x_wconf 85' lang='lat' dir='ltr'>animum</span> <span class='ocrx_word' id='word_1_267' title='bbox 367 1456 407 1489; x_wconf 89' lang='lat' dir='ltr'>in</span> <span class='ocrx_word' id='word_1_268' title='bbox 434 1455 602 1491; x_wconf 85' lang='lat' dir='ltr'>omnium</span> <span class='ocrx_word' id='word_1_269' title='bbox 629 1457 738 1490; x_wconf 86' lang='lat' dir='ltr'>laude</span> <span class='ocrx_word' id='word_1_270' title='bbox 763 1455 978 1503; x_wconf 83' lang='lat' dir='ltr'>colligenda</span> <span class='ocrx_word' id='word_1_271' title='bbox 1004 1463 1135 1502; x_wconf 84' lang='lat' dir='ltr'>ponat,</span> <span class='ocrx_word' id='word_1_272' title='bbox 1163 1457 1335 1491; x_wconf 83' lang='lat' dir='ltr'>fraterno</span> <span class='ocrx_word' id='word_1_273' title='bbox 1368 1467 1455 1492; x_wconf 85' lang='lat' dir='ltr'>eum</span> <span class='ocrx_word' id='word_1_274' title='bbox 1481 1458 1563 1491; x_wconf 87' lang='lat' dir='ltr'>ani-</span> 
     </span>
    </p>

    <p class='ocr_par' dir='ltr' id='par_1_8' title="bbox 613 1504 1000 1550">
     <span class='ocr_line' id='line_1_28' title="bbox 613 1504 1000 1550; baseline 0 -12"><span class='ocrx_word' id='word_1_275' title='bbox 613 1515 675 1538; x_wconf 86' lang='lat' dir='ltr'>mo</span> <span class='ocrx_word' id='word_1_276' title='bbox 701 1509 820 1550; x_wconf 83' lang='lat' dir='ltr'>rogat.</span> <span class='ocrx_word' id='word_1_277' title='bbox 847 1504 1000 1539; x_wconf 80' lang='lat'><strong>37—45.</strong></span> 
     </span>
    </p>
   </div>
   <div class='ocr_carea' id='block_1_5' title="bbox 528 1576 1079 1622">
    <p class='ocr_par' dir='ltr' id='par_1_9' title="bbox 528 1576 1079 1622">
     <span class='ocr_line' id='line_1_29' title="bbox 528 1576 1079 1622; baseline 0 -11"><span class='ocrx_word' id='word_1_278' title='bbox 528 1576 732 1612; x_wconf 85' lang='lat' dir='ltr'><strong>MARCUS</strong></span> <span class='ocrx_word' id='word_1_279' title='bbox 758 1577 802 1622; x_wconf 85' lang='lat' dir='ltr'>Q.</span> <span class='ocrx_word' id='word_1_280' title='bbox 831 1576 1020 1610; x_wconf 83' lang='lat' dir='ltr'><strong>FRATRI</strong></span> <span class='ocrx_word' id='word_1_281' title='bbox 1045 1577 1079 1611; x_wconf 86' lang='lat' dir='ltr'>S.</span> 
     </span>
    </p>
   </div>
   <div class='ocr_carea' id='block_1_6' title="bbox 10 1636 1558 1976">
    <p class='ocr_par' dir='ltr' id='par_1_10' title="bbox 10 1636 1558 1976">
     <span class='ocr_line' id='line_1_30' title="bbox 163 1636 1557 1693; baseline 0.002 -14"><span class='ocrx_word' id='word_1_282' title='bbox 163 1637 266 1680; x_wconf 83' lang='lat' dir='ltr'>Etsi</span> <span class='ocrx_word' id='word_1_283' title='bbox 296 1651 385 1679; x_wconf 90' lang='lat' dir='ltr'>non</span> <span class='ocrx_word' id='word_1_284' title='bbox 415 1636 696 1687; x_wconf 81' lang='lat' dir='ltr'>dubitabam,</span> <span class='ocrx_word' id='word_1_285' title='bbox 727 1639 837 1693; x_wconf 89' lang='lat' dir='ltr'>quin</span> <span class='ocrx_word' id='word_1_286' title='bbox 867 1637 985 1679; x_wconf 85' lang='lat' dir='ltr'>hanc</span> <span class='ocrx_word' id='word_1_287' title='bbox 1016 1639 1257 1693; x_wconf 83' lang='lat' dir='ltr'>epistolam</span> <span class='ocrx_word' id='word_1_288' title='bbox 1286 1640 1420 1681; x_wconf 87' lang='lat' dir='ltr'>multi</span> <span class='ocrx_word' id='word_1_289' title='bbox 1449 1654 1557 1682; x_wconf 91' lang='lat' dir='ltr'>nun-</span> 
     </span>
     <span class='ocr_line' id='line_1_31' title="bbox 10 1693 1557 1749; baseline 0.005 -17"><span class='ocrx_word' id='word_1_290' title='bbox 10 1701 14 1732; x_wconf 67' lang='lat'>!</span> <span class='ocrx_word' id='word_1_291' title='bbox 54 1695 124 1746; x_wconf 85' lang='lat' dir='ltr'>tii,</span> <span class='ocrx_word' id='word_1_292' title='bbox 163 1693 283 1735; x_wconf 84' lang='lat' dir='ltr'>sama</span> <span class='ocrx_word' id='word_1_293' title='bbox 313 1694 507 1747; x_wconf 84' lang='lat' dir='ltr'>denique</span> <span class='ocrx_word' id='word_1_294' title='bbox 537 1698 655 1735; x_wconf 86' lang='lat' dir='ltr'>esset</span> <span class='ocrx_word' id='word_1_295' title='bbox 684 1695 784 1749; x_wconf 84' lang='lat' dir='ltr'>ipsa</span> <span class='ocrx_word' id='word_1_296' title='bbox 811 1707 892 1736; x_wconf 82' lang='lat' dir='ltr'>sua</span> <span class='ocrx_word' id='word_1_297' title='bbox 923 1695 1160 1736; x_wconf 85' lang='lat' dir='ltr'>celeritate</span> <span class='ocrx_word' id='word_1_298' title='bbox 1192 1699 1459 1749; x_wconf 83' lang='lat' dir='ltr'>superatura</span> <span class='ocrx_word' id='word_1_299' title='bbox 1488 1702 1557 1744; x_wconf 83' lang='lat' dir='ltr'>tu-</span> 
     </span>
     <span class='ocr_line' id='line_1_32' title="bbox 11 1750 1558 1804; baseline 0.003 -14"><span class='ocrx_word' id='word_1_300' title='bbox 11 1775 13 1778; x_wconf 90' lang='lat'><em>-</em></span> <span class='ocrx_word' id='word_1_301' title='bbox 54 1764 140 1804; x_wconf 86' lang='lat' dir='ltr'>que</span> <span class='ocrx_word' id='word_1_302' title='bbox 169 1755 273 1791; x_wconf 86' lang='lat' dir='ltr'>ante</span> <span class='ocrx_word' id='word_1_303' title='bbox 302 1752 357 1791; x_wconf 85' lang='lat' dir='ltr'>ab</span> <span class='ocrx_word' id='word_1_304' title='bbox 386 1750 492 1791; x_wconf 84' lang='lat' dir='ltr'>aliis</span> <span class='ocrx_word' id='word_1_305' title='bbox 521 1751 758 1792; x_wconf 80' lang='lat' dir='ltr'>auditurus</span> <span class='ocrx_word' id='word_1_306' title='bbox 780 1763 900 1792; x_wconf 88' lang='lat' dir='ltr'>esses</span> <span class='ocrx_word' id='word_1_307' title='bbox 923 1764 1085 1792; x_wconf 86' lang='lat' dir='ltr'>annum</span> <span class='ocrx_word' id='word_1_308' title='bbox 1110 1751 1297 1792; x_wconf 85' lang='lat' dir='ltr'>tertium</span> <span class='ocrx_word' id='word_1_309' title='bbox 1310 1753 1558 1794; x_wconf 79' lang='lat' dir='ltr'>accessisse</span> 
     </span>
     <span class='ocr_line' id='line_1_33' title="bbox 12 1807 1558 1858; baseline 0.003 -12"><span class='ocrx_word' id='word_1_310' title='bbox 12 1853 15 1858; x_wconf 16' lang='lat' dir='ltr'>A</span> <span class='ocrx_word' id='word_1_311' title='bbox 53 1807 281 1848; x_wconf 85' lang='lat' dir='ltr'>desiderio</span> <span class='ocrx_word' id='word_1_312' title='bbox 320 1810 475 1848; x_wconf 87' lang='lat' dir='ltr'>nostro</span> <span class='ocrx_word' id='word_1_313' title='bbox 517 1810 562 1847; x_wconf 89' lang='lat' dir='ltr'>et</span> <span class='ocrx_word' id='word_1_314' title='bbox 601 1807 747 1847; x_wconf 83' lang='lat' dir='ltr'>labori</span> <span class='ocrx_word' id='word_1_315' title='bbox 787 1811 890 1848; x_wconf 85' lang='lat' dir='ltr'>tuo:</span> <span class='ocrx_word' id='word_1_316' title='bbox 938 1811 1087 1848; x_wconf 83' lang='lat' dir='ltr'>tamen</span> <span class='ocrx_word' id='word_1_317' title='bbox 1128 1807 1385 1850; x_wconf 78' lang='lat' dir='ltr'>existimavi</span> <span class='ocrx_word' id='word_1_318' title='bbox 1423 1822 1452 1850; x_wconf 85' lang='lat' dir='ltr'>a</span> <span class='ocrx_word' id='word_1_319' title='bbox 1486 1823 1558 1850; x_wconf 83' lang='lat' dir='ltr'>me</span> 
     </span>
     <span class='ocr_line' id='line_1_34' title="bbox 11 1861 1555 1920; baseline 0.003 -18"><span class='ocrx_word' id='word_1_320' title='bbox 11 1911 14 1920; x_wconf 31' lang='grc'><strong>,</strong></span> <span class='ocrx_word' id='word_1_321' title='bbox 53 1876 229 1918; x_wconf 89' lang='lat' dir='ltr'>quoque</span> <span class='ocrx_word' id='word_1_322' title='bbox 265 1863 351 1904; x_wconf 83' lang='lat' dir='ltr'>tibi</span> <span class='ocrx_word' id='word_1_323' title='bbox 396 1861 531 1903; x_wconf 87' lang='lat' dir='ltr'>huius</span> <span class='ocrx_word' id='word_1_324' title='bbox 570 1864 806 1904; x_wconf 82' lang='lat' dir='ltr'>molestiae</span> <span class='ocrx_word' id='word_1_325' title='bbox 846 1864 1052 1904; x_wconf 89' lang='lat' dir='ltr'>nuntium</span> <span class='ocrx_word' id='word_1_326' title='bbox 1097 1863 1292 1917; x_wconf 85' lang='lat' dir='ltr'>perferri</span> <span class='ocrx_word' id='word_1_327' title='bbox 1331 1869 1555 1920; x_wconf 84' lang='lat' dir='ltr'>oportere.</span> 
     </span>
     <span class='ocr_line' id='line_1_35' title="bbox 10 1917 1556 1976; baseline 0.002 -16"><span class='ocrx_word' id='word_1_328' title='bbox 10 1924 14 1945; x_wconf 76' lang='lat'>³</span> <span class='ocrx_word' id='word_1_329' title='bbox 51 1917 168 1960; x_wconf 83' lang='lat' dir='ltr'>Nam</span> <span class='ocrx_word' id='word_1_330' title='bbox 197 1919 504 1974; x_wconf 86' lang='lat' dir='ltr'>superioribus</span> <span class='ocrx_word' id='word_1_331' title='bbox 535 1919 701 1973; x_wconf 76' lang='lat' dir='ltr'>literis,</span> <span class='ocrx_word' id='word_1_332' title='bbox 731 1933 821 1961; x_wconf 88' lang='lat' dir='ltr'>non</span> <span class='ocrx_word' id='word_1_333' title='bbox 859 1920 987 1971; x_wconf 80' lang='lat' dir='ltr'>unis,</span> <span class='ocrx_word' id='word_1_334' title='bbox 1027 1919 1108 1960; x_wconf 84' lang='lat' dir='ltr'>sed</span> <span class='ocrx_word' id='word_1_335' title='bbox 1147 1920 1377 1975; x_wconf 81' lang='lat' dir='ltr'>pluribus,</span> <span class='ocrx_word' id='word_1_336' title='bbox 1420 1935 1556 1976; x_wconf 88' lang='lat' dir='ltr'>quum</span> 
     </span>
    </p>
   </div>
   <div class='ocr_carea' id='block_1_7' title="bbox 0 0 22 2260">
    <p class='ocr_par' dir='ltr' id='par_1_11' title="bbox 0 0 22 2260">
     <span class='ocr_line' id='line_1_36' title="bbox 0 0 22 2260; baseline 0 0"><span class='ocrx_word' id='word_1_337' title='bbox 0 0 22 2260; x_wconf 95' lang='lat' dir='ltr'> </span> 
     </span>
    </p>
   </div>
   <div class='ocr_carea' id='block_1_8' title="bbox 11 2047 1556 2759">
    <p class='ocr_par' dir='ltr' id='par_1_12' title="bbox 11 2047 1556 2221">
     <span class='ocr_line' id='line_1_37' title="bbox 12 2047 1556 2096; baseline 0.001 -13"><span class='ocrx_word' id='word_1_338' title='bbox 12 2079 14 2083; x_wconf 92' lang='lat'>.</span> <span class='ocrx_word' id='word_1_339' title='bbox 141 2048 172 2081; x_wconf 84' lang='grc' dir='ltr'>Ι.</span> <span class='ocrx_word' id='word_1_340' title='bbox 194 2047 227 2081; x_wconf 87' lang='lat'>1.</span> <span class='ocrx_word' id='word_1_341' title='bbox 246 2048 336 2081; x_wconf 82' lang='lat' dir='ltr'>Dass</span> <span class='ocrx_word' id='word_1_342' title='bbox 364 2047 487 2081; x_wconf 87' lang='lat' dir='ltr'>dieser</span> <span class='ocrx_word' id='word_1_343' title='bbox 501 2047 613 2082; x_wconf 84' lang='lat' dir='ltr'>Brief</span> <span class='ocrx_word' id='word_1_344' title='bbox 630 2050 758 2094; x_wconf 62' lang='lat' dir='ltr'>spater</span> <span class='ocrx_word' id='word_1_345' title='bbox 776 2049 830 2082; x_wconf 90' lang='lat' dir='ltr'>als</span> <span class='ocrx_word' id='word_1_346' title='bbox 856 2047 925 2082; x_wconf 87' lang='lat' dir='ltr'>der</span> <span class='ocrx_word' id='word_1_347' title='bbox 941 2049 1044 2083; x_wconf 86' lang='lat' dir='ltr'>29ste</span> <span class='ocrx_word' id='word_1_348' title='bbox 1064 2047 1318 2094; x_wconf 80' lang='lat' dir='ltr'>geschrieben</span> <span class='ocrx_word' id='word_1_349' title='bbox 1339 2048 1401 2092; x_wconf 88' lang='lat' dir='ltr'>ist,</span> <span class='ocrx_word' id='word_1_350' title='bbox 1429 2050 1556 2096; x_wconf 86' lang='lat' dir='ltr'>ergibt</span> 
     </span>
     <span class='ocr_line' id='line_1_38' title="bbox 12 2093 1555 2142; baseline 0.004 -14"><span class='ocrx_word' id='word_1_351' title='bbox 12 2107 14 2128; x_wconf 73' lang='grc' dir='ltr'><em>ι</em></span> <span class='ocrx_word' id='word_1_352' title='bbox 46 2093 130 2128; x_wconf 86' lang='lat' dir='ltr'>sich</span> <span class='ocrx_word' id='word_1_353' title='bbox 163 2106 227 2128; x_wconf 87' lang='lat' dir='ltr'>aus</span> <span class='ocrx_word' id='word_1_354' title='bbox 262 2095 298 2139; x_wconf 73' lang='lat' dir='ltr'>S.</span> <span class='ocrx_word' id='word_1_355' title='bbox 333 2096 367 2130; x_wconf 91' lang='grc'>2.</span> <span class='ocrx_word' id='word_1_356' title='bbox 401 2095 465 2130; x_wconf 86' lang='lat' dir='ltr'>des</span> <span class='ocrx_word' id='word_1_357' title='bbox 490 2096 673 2130; x_wconf 86' lang='lat' dir='ltr'>letztern:</span> <span class='ocrx_word' id='word_1_358' title='bbox 712 2102 863 2142; x_wconf 84' lang='lat' dir='ltr'>tempus</span> <span class='ocrx_word' id='word_1_359' title='bbox 887 2096 1002 2136; x_wconf 87' lang='lat' dir='ltr'>illud,</span> <span class='ocrx_word' id='word_1_360' title='bbox 1031 2106 1155 2140; x_wconf 71' lang='lat' dir='ltr'>quum,</span> <span class='ocrx_word' id='word_1_361' title='bbox 1176 2101 1214 2129; x_wconf 90' lang='lat' dir='ltr'>et</span> <span class='ocrx_word' id='word_1_362' title='bbox 1240 2095 1400 2138; x_wconf 79' lang='lat' dir='ltr'>Quintus</span> <span class='ocrx_word' id='word_1_363' title='bbox 1424 2105 1555 2134; x_wconf 86' lang='lat' dir='ltr'>noster</span> 
     </span>
     <span class='ocr_line' id='line_1_39' title="bbox 11 2142 1551 2221; baseline 0.003 -45"><span class='ocrx_word' id='word_1_364' title='bbox 11 2142 15 2221; x_wconf 41' lang='grc' dir='ltr'>ἑ</span> <span class='ocrx_word' id='word_1_365' title='bbox 47 2144 137 2186; x_wconf 88' lang='lat' dir='ltr'>iam,</span> <span class='ocrx_word' id='word_1_366' title='bbox 162 2148 204 2176; x_wconf 91' lang='lat' dir='ltr'>ut</span> <span class='ocrx_word' id='word_1_367' title='bbox 229 2153 443 2188; x_wconf 87' lang='lat' dir='ltr'>speramus,</span> <span class='ocrx_word' id='word_1_368' title='bbox 477 2143 517 2176; x_wconf 88' lang='lat' dir='ltr'>in</span> <span class='ocrx_word' id='word_1_369' title='bbox 543 2144 621 2178; x_wconf 87' lang='lat' dir='ltr'>otio</span> <span class='ocrx_word' id='word_1_370' title='bbox 654 2144 879 2178; x_wconf 89' lang='lat' dir='ltr'>consederit.</span> <span class='ocrx_word' id='word_1_371' title='bbox 908 2145 945 2179; x_wconf 82' lang='lat' dir='ltr'>S.</span> <span class='ocrx_word' id='word_1_372' title='bbox 974 2144 1134 2178; x_wconf 86' lang='lat' dir='ltr'>daselbst</span> <span class='ocrx_word' id='word_1_373' title='bbox 1160 2144 1284 2178; x_wconf 85' lang='lat' dir='ltr'>meine</span> <span class='ocrx_word' id='word_1_374' title='bbox 1309 2145 1489 2184; x_wconf 77' lang='lat' dir='ltr'>Bemerk.</span> <span class='ocrx_word' id='word_1_375' title='bbox 1516 2159 1551 2182; x_wconf 89' lang='lat' dir='ltr'>u.</span> 
     </span>
    </p>

    <p class='ocr_par' dir='ltr' id='par_1_13' title="bbox 11 2192 1552 2716">
     <span class='ocr_line' id='line_1_40' title="bbox 49 2192 1552 2240; baseline 0.002 -14"><span class='ocrx_word' id='word_1_376' title='bbox 49 2192 131 2238; x_wconf 82' lang='lat' dir='ltr'>vgl.</span> <span class='ocrx_word' id='word_1_377' title='bbox 160 2202 259 2234; x_wconf 80' lang='lat' dir='ltr'>spem</span> <span class='ocrx_word' id='word_1_378' title='bbox 275 2195 441 2225; x_wconf 72' lang='lat' dir='ltr'>maturae</span> <span class='ocrx_word' id='word_1_379' title='bbox 456 2192 681 2228; x_wconf 78' lang='lat' dir='ltr'>decessionis,</span> <span class='ocrx_word' id='word_1_380' title='bbox 705 2211 749 2217; x_wconf 79' lang='lat'><em>-</em></span> <span class='ocrx_word' id='word_1_381' title='bbox 782 2193 895 2228; x_wconf 75' lang='lat' dir='ltr'>dubit.</span> <span class='ocrx_word' id='word_1_382' title='bbox 917 2193 1016 2237; x_wconf 75' lang='lat' dir='ltr'>quin.</span> <span class='ocrx_word' id='word_1_383' title='bbox 1035 2192 1069 2225; x_wconf 84' lang='lat' dir='ltr'>S.</span> <span class='ocrx_word' id='word_1_384' title='bbox 1092 2193 1242 2227; x_wconf 85' lang='lat' dir='ltr'>Grotef.</span> <span class='ocrx_word' id='word_1_385' title='bbox 1262 2192 1296 2237; x_wconf 88' lang='lat' dir='ltr'>S.</span> <span class='ocrx_word' id='word_1_386' title='bbox 1312 2194 1393 2228; x_wconf 73' lang='lat'>404.</span> <span class='ocrx_word' id='word_1_387' title='bbox 1413 2195 1552 2240; x_wconf 86' lang='lat' dir='ltr'>Zumpt</span> 
     </span>
     <span class='ocr_line' id='line_1_41' title="bbox 11 2238 1550 2286; baseline 0.002 -14"><span class='ocrx_word' id='word_1_388' title='bbox 11 2248 15 2275; x_wconf 68' lang='grc' dir='ltr'><strong>ε</strong></span> <span class='ocrx_word' id='word_1_389' title='bbox 46 2241 75 2284; x_wconf 57' lang='grc' dir='ltr'>ᾗ.</span> <span class='ocrx_word' id='word_1_390' title='bbox 100 2239 183 2273; x_wconf 81' lang='grc'><strong>540.</strong></span> <span class='ocrx_word' id='word_1_391' title='bbox 208 2238 363 2273; x_wconf 87' lang='lat' dir='ltr'>Ramsh.</span> <span class='ocrx_word' id='word_1_392' title='bbox 393 2240 420 2281; x_wconf 73' lang='lat'>§-</span> <span class='ocrx_word' id='word_1_393' title='bbox 450 2241 530 2274; x_wconf 77' lang='lat'>185.</span> <span class='ocrx_word' id='word_1_394' title='bbox 556 2242 590 2282; x_wconf 90' lang='lat'>2,</span> <span class='ocrx_word' id='word_1_395' title='bbox 616 2243 661 2275; x_wconf 90' lang='lat' dir='ltr'>N.</span> <span class='ocrx_word' id='word_1_396' title='bbox 688 2242 722 2276; x_wconf 84' lang='lat'>3.</span> <span class='ocrx_word' id='word_1_397' title='bbox 749 2243 778 2286; x_wconf 85' lang='lat'>§.</span> <span class='ocrx_word' id='word_1_398' title='bbox 808 2243 887 2281; x_wconf 78' lang='lat'>168,</span> <span class='ocrx_word' id='word_1_399' title='bbox 913 2243 956 2281; x_wconf 82' lang='lat' dir='ltr'>B,</span> <span class='ocrx_word' id='word_1_400' title='bbox 984 2241 1017 2283; x_wconf 84' lang='lat'>2,</span> <span class='ocrx_word' id='word_1_401' title='bbox 1045 2241 1079 2275; x_wconf 89' lang='grc'>3.</span> <span class='ocrx_word' id='word_1_402' title='bbox 1108 2259 1150 2265; x_wconf 83' lang='grc'><strong>-</strong></span> <span class='ocrx_word' id='word_1_403' title='bbox 1184 2240 1279 2274; x_wconf 66' lang='lat' dir='ltr'>lianc</span> <span class='ocrx_word' id='word_1_404' title='bbox 1313 2242 1436 2285; x_wconf 58' lang='lat' dir='ltr'>epist„</span> <span class='ocrx_word' id='word_1_405' title='bbox 1471 2243 1550 2277; x_wconf 87' lang='lat' dir='ltr'>imo</span> 
     </span>
     <span class='ocr_line' id='line_1_42' title="bbox 11 2286 1546 2336; baseline 0.003 -16"><span class='ocrx_word' id='word_1_406' title='bbox 11 2295 13 2335; x_wconf 35' lang='grc' dir='ltr'><em>ζ</em></span> <span class='ocrx_word' id='word_1_407' title='bbox 46 2287 258 2321; x_wconf 87' lang='lat' dir='ltr'>orationem</span> <span class='ocrx_word' id='word_1_408' title='bbox 286 2288 347 2321; x_wconf 83' lang='lat' dir='ltr'>vel</span> <span class='ocrx_word' id='word_1_409' title='bbox 372 2286 627 2322; x_wconf 84' lang='lat' dir='ltr'>hortationem</span> <span class='ocrx_word' id='word_1_410' title='bbox 653 2289 699 2322; x_wconf 89' lang='lat' dir='ltr'>ad</span> <span class='ocrx_word' id='word_1_411' title='bbox 726 2288 766 2330; x_wconf 84' lang='lat' dir='ltr'>Q.</span> <span class='ocrx_word' id='word_1_412' title='bbox 793 2290 964 2324; x_wconf 85' lang='lat' dir='ltr'>fratrem.</span> <span class='ocrx_word' id='word_1_413' title='bbox 1017 2288 1106 2336; x_wconf 80' lang='lat' dir='ltr'>Vgl.</span> <span class='ocrx_word' id='word_1_414' title='bbox 1134 2287 1229 2323; x_wconf 89' lang='lat' dir='ltr'>oben</span> <span class='ocrx_word' id='word_1_415' title='bbox 1264 2289 1373 2334; x_wconf 84' lang='lat' dir='ltr'>epist.</span> <span class='ocrx_word' id='word_1_416' title='bbox 1400 2290 1479 2324; x_wconf 85' lang='lat' dir='ltr'>XX.</span> <span class='ocrx_word' id='word_1_417' title='bbox 1502 2310 1546 2316; x_wconf 92' lang='lat'>—</span> 
     </span>
     <span class='ocr_line' id='line_1_43' title="bbox 12 2335 1550 2385; baseline 0.003 -17"><span class='ocrx_word' id='word_1_418' title='bbox 12 2341 14 2350; x_wconf 79' lang='lat'><strong>¹</strong></span> <span class='ocrx_word' id='word_1_419' title='bbox 46 2335 187 2368; x_wconf 79' lang='lat' dir='ltr'>celerit.</span> <span class='ocrx_word' id='word_1_420' title='bbox 214 2346 348 2379; x_wconf 63' lang='lat' dir='ltr'>super„</span> <span class='ocrx_word' id='word_1_421' title='bbox 375 2335 498 2370; x_wconf 90' lang='lat' dir='ltr'>durch</span> <span class='ocrx_word' id='word_1_422' title='bbox 524 2336 802 2385; x_wconf 79' lang='lat' dir='ltr'>Schnelligkeit</span> <span class='ocrx_word' id='word_1_423' title='bbox 825 2337 1142 2371; x_wconf 84' lang='lat' dir='ltr'>zuvorkommen.</span> <span class='ocrx_word' id='word_1_424' title='bbox 1173 2338 1282 2371; x_wconf 88' lang='lat' dir='ltr'>Denn</span> <span class='ocrx_word' id='word_1_425' title='bbox 1303 2337 1427 2371; x_wconf 86' lang='lat' dir='ltr'>dieser</span> <span class='ocrx_word' id='word_1_426' title='bbox 1438 2338 1550 2372; x_wconf 82' lang='lat' dir='ltr'>Brief</span> 
     </span>
     <span class='ocr_line' id='line_1_44' title="bbox 11 2379 1545 2433; baseline 0.003 -18"><span class='ocrx_word' id='word_1_427' title='bbox 11 2379 14 2422; x_wconf 67' lang='grc' dir='ltr'>ἶ</span> <span class='ocrx_word' id='word_1_428' title='bbox 46 2393 127 2416; x_wconf 85' lang='lat' dir='ltr'>war</span> <span class='ocrx_word' id='word_1_429' title='bbox 158 2386 284 2428; x_wconf 74' lang='lat' dir='ltr'>spiiter</span> <span class='ocrx_word' id='word_1_430' title='bbox 318 2395 390 2418; x_wconf 91' lang='lat' dir='ltr'>von</span> <span class='ocrx_word' id='word_1_431' title='bbox 417 2385 550 2420; x_wconf 89' lang='lat' dir='ltr'>Cicero</span> <span class='ocrx_word' id='word_1_432' title='bbox 585 2387 654 2418; x_wconf 85' lang='lat' dir='ltr'>auf</span> <span class='ocrx_word' id='word_1_433' title='bbox 677 2386 762 2419; x_wconf 87' lang='lat' dir='ltr'>dem</span> <span class='ocrx_word' id='word_1_434' title='bbox 787 2387 984 2433; x_wconf 86' lang='lat' dir='ltr'>Landgute</span> <span class='ocrx_word' id='word_1_435' title='bbox 1012 2384 1277 2433; x_wconf 83' lang='lat' dir='ltr'>geschrieben‚</span> <span class='ocrx_word' id='word_1_436' title='bbox 1318 2385 1390 2419; x_wconf 86' lang='lat' dir='ltr'>wie</span> <span class='ocrx_word' id='word_1_437' title='bbox 1426 2385 1545 2420; x_wconf 89' lang='lat' dir='ltr'>sehon</span> 
     </span>
     <span class='ocr_line' id='line_1_45' title="bbox 12 2429 1542 2480; baseline 0.004 -18"><span class='ocrx_word' id='word_1_438' title='bbox 12 2431 15 2480; x_wconf 60' lang='grc' dir='ltr'><em>ξ</em></span> <span class='ocrx_word' id='word_1_439' title='bbox 46 2429 107 2463; x_wconf 91' lang='lat' dir='ltr'>die</span> <span class='ocrx_word' id='word_1_440' title='bbox 133 2431 260 2478; x_wconf 73' lang='lat' dir='ltr'>Lange</span> <span class='ocrx_word' id='word_1_441' title='bbox 295 2432 486 2466; x_wconf 86' lang='lat' dir='ltr'>desselben</span> <span class='ocrx_word' id='word_1_442' title='bbox 520 2432 688 2467; x_wconf 69' lang='lat' dir='ltr'>verrath.</span> <span class='ocrx_word' id='word_1_443' title='bbox 739 2444 827 2475; x_wconf 76' lang='lat' dir='ltr'>sua,</span> <span class='ocrx_word' id='word_1_444' title='bbox 862 2445 957 2478; x_wconf 88' lang='lat' dir='ltr'>quae</span> <span class='ocrx_word' id='word_1_445' title='bbox 992 2434 1114 2467; x_wconf 82' lang='lat' dir='ltr'>famae</span> <span class='ocrx_word' id='word_1_446' title='bbox 1149 2434 1306 2479; x_wconf 87' lang='lat' dir='ltr'>propria</span> <span class='ocrx_word' id='word_1_447' title='bbox 1333 2444 1410 2467; x_wconf 86' lang='lat' dir='ltr'>esse</span> <span class='ocrx_word' id='word_1_448' title='bbox 1436 2434 1542 2468; x_wconf 75' lang='lat' dir='ltr'>solet.</span> 
     </span>
     <span class='ocr_line' id='line_1_46' title="bbox 12 2477 1544 2527; baseline 0.003 -17"><span class='ocrx_word' id='word_1_449' title='bbox 12 2495 15 2527; x_wconf 63' lang='lat'><em>3</em></span> <span class='ocrx_word' id='word_1_450' title='bbox 45 2477 135 2511; x_wconf 87' lang='lat' dir='ltr'>Vid.</span> <span class='ocrx_word' id='word_1_451' title='bbox 165 2478 267 2524; x_wconf 85' lang='lat' dir='ltr'>Virg.</span> <span class='ocrx_word' id='word_1_452' title='bbox 291 2481 382 2514; x_wconf 86' lang='lat' dir='ltr'>Aen.</span> <span class='ocrx_word' id='word_1_453' title='bbox 416 2482 485 2523; x_wconf 89' lang='lat' dir='ltr'>IV,</span> <span class='ocrx_word' id='word_1_454' title='bbox 507 2481 587 2515; x_wconf 71' lang='lat'>174.</span> <span class='ocrx_word' id='word_1_455' title='bbox 627 2482 736 2516; x_wconf 90' lang='lat' dir='ltr'>Ovid.</span> <span class='ocrx_word' id='word_1_456' title='bbox 773 2483 928 2516; x_wconf 88' lang='lat' dir='ltr'>Metam.</span> <span class='ocrx_word' id='word_1_457' title='bbox 956 2482 1040 2523; x_wconf 84' lang='lat' dir='ltr'>XII,</span> <span class='ocrx_word' id='word_1_458' title='bbox 1069 2483 1126 2517; x_wconf 78' lang='lat'>43.</span> <span class='ocrx_word' id='word_1_459' title='bbox 1179 2483 1358 2524; x_wconf 80' lang='lat' dir='ltr'>,‚Ernest.</span> <span class='ocrx_word' id='word_1_460' title='bbox 1386 2482 1544 2526; x_wconf 83' lang='lat' dir='ltr'>putabat</span> 
     </span>
     <span class='ocr_line' id='line_1_47' title="bbox 12 2528 1541 2569; baseline 0.003 -11"><span class='ocrx_word' id='word_1_461' title='bbox 12 2543 14 2549; x_wconf 93' lang='lat'>·</span> <span class='ocrx_word' id='word_1_462' title='bbox 42 2531 128 2569; x_wconf 86' lang='lat' dir='ltr'>post</span> <span class='ocrx_word' id='word_1_463' title='bbox 160 2536 292 2560; x_wconf 87' lang='lat' dir='ltr'>vocem</span> <span class='ocrx_word' id='word_1_464' title='bbox 323 2529 440 2562; x_wconf 73' lang='lat' dir='ltr'>nuntii</span> <span class='ocrx_word' id='word_1_465' title='bbox 470 2528 673 2564; x_wconf 82' lang='lat' dir='ltr'>excidisse:</span> <span class='ocrx_word' id='word_1_466' title='bbox 714 2531 911 2564; x_wconf 80' lang='lat' dir='ltr'>multorum</span> <span class='ocrx_word' id='word_1_467' title='bbox 937 2531 1082 2564; x_wconf 71' lang='lat' dir='ltr'>literae.</span> <span class='ocrx_word' id='word_1_468' title='bbox 1133 2528 1205 2563; x_wconf 91' lang='lat' dir='ltr'>Sed</span> <span class='ocrx_word' id='word_1_469' title='bbox 1239 2529 1313 2564; x_wconf 78' lang='lat' dir='ltr'>cfr.</span> <span class='ocrx_word' id='word_1_470' title='bbox 1340 2528 1430 2563; x_wconf 78' lang='lat' dir='ltr'>infr.</span> <span class='ocrx_word' id='word_1_471' title='bbox 1457 2530 1541 2564; x_wconf 92' lang='lat' dir='ltr'>Lib.</span> 
     </span>
     <span class='ocr_line' id='line_1_48' title="bbox 42 2572 1541 2624; baseline 0.005 -17.863"><span class='ocrx_word' id='word_1_472' title='bbox 42 2572 97 2614; x_wconf 88' lang='lat'>11,</span> <span class='ocrx_word' id='word_1_473' title='bbox 131 2575 166 2615; x_wconf 86' lang='lat'>3,</span> <span class='ocrx_word' id='word_1_474' title='bbox 200 2574 232 2608; x_wconf 86' lang='lat'>2.</span> <span class='ocrx_word' id='word_1_475' title='bbox 265 2586 390 2609; x_wconf 79' lang='lat' dir='ltr'>versus</span> <span class='ocrx_word' id='word_1_476' title='bbox 422 2577 587 2620; x_wconf 63' lang='lat' dir='ltr'>denique,</span> <span class='ocrx_word' id='word_1_477' title='bbox 629 2585 668 2612; x_wconf 89' lang='lat' dir='ltr'>et</span> <span class='ocrx_word' id='word_1_478' title='bbox 700 2580 774 2613; x_wconf 87' lang='lat' dir='ltr'>alia</span> <span class='ocrx_word' id='word_1_479' title='bbox 807 2579 981 2624; x_wconf 82' lang='lat' dir='ltr'>exempla</span> <span class='ocrx_word' id='word_1_480' title='bbox 1015 2590 1034 2611; x_wconf 93' lang='lat' dir='ltr'>a</span> <span class='ocrx_word' id='word_1_481' title='bbox 1066 2576 1280 2612; x_wconf 84' lang='lat' dir='ltr'>Bentivolio</span> <span class='ocrx_word' id='word_1_482' title='bbox 1308 2576 1441 2620; x_wconf 85' lang='lat' dir='ltr'>allata,</span> <span class='ocrx_word' id='word_1_483' title='bbox 1476 2579 1541 2613; x_wconf 88' lang='lat' dir='ltr'>ubi</span> 
     </span>
     <span class='ocr_line' id='line_1_49' title="bbox 13 2623 1536 2671; baseline 0.006 -19"><span class='ocrx_word' id='word_1_484' title='bbox 13 2641 15 2645; x_wconf 87' lang='lat'><em>.</em></span> <span class='ocrx_word' id='word_1_485' title='bbox 41 2627 127 2665; x_wconf 85' lang='lat' dir='ltr'>post</span> <span class='ocrx_word' id='word_1_486' title='bbox 153 2632 268 2655; x_wconf 88' lang='lat' dir='ltr'>unum</span> <span class='ocrx_word' id='word_1_487' title='bbox 294 2623 486 2658; x_wconf 75' lang='lat' dir='ltr'>dumtaxat</span> <span class='ocrx_word' id='word_1_488' title='bbox 511 2625 728 2661; x_wconf 82' lang='lat' dir='ltr'>membrum</span> <span class='ocrx_word' id='word_1_489' title='bbox 760 2627 919 2671; x_wconf 86' lang='lat' dir='ltr'>ponitur</span> <span class='ocrx_word' id='word_1_490' title='bbox 944 2627 1098 2669; x_wconf 75' lang='lat' dir='ltr'>denique.</span> <span class='ocrx_word' id='word_1_491' title='bbox 1125 2623 1352 2665; x_wconf 75' lang='lat' dir='ltr'><em>„ORELLL</em></span> <span class='ocrx_word' id='word_1_492' title='bbox 1386 2625 1536 2660; x_wconf 81' lang='lat' dir='ltr'>Ramsh.</span> 
     </span>
     <span class='ocr_line' id='line_1_50' title="bbox 12 2668 1539 2716; baseline 0.004 -14"><span class='ocrx_word' id='word_1_493' title='bbox 12 2687 15 2714; x_wconf 74' lang='lat' dir='ltr'>i</span> <span class='ocrx_word' id='word_1_494' title='bbox 42 2668 72 2709; x_wconf 61' lang='grc' dir='ltr'>ξ.</span> <span class='ocrx_word' id='word_1_495' title='bbox 103 2671 168 2704; x_wconf 89' lang='grc'>177</span> <span class='ocrx_word' id='word_1_496' title='bbox 180 2670 215 2711; x_wconf 82' lang='grc'>*)</span> <span class='ocrx_word' id='word_1_497' title='bbox 241 2690 282 2696; x_wconf 86' lang='grc'><strong>-</strong></span> <span class='ocrx_word' id='word_1_498' title='bbox 310 2676 403 2714; x_wconf 80' lang='lat' dir='ltr'>ante,</span> <span class='ocrx_word' id='word_1_499' title='bbox 431 2673 567 2707; x_wconf 90' lang='lat' dir='ltr'>bereits</span> <span class='ocrx_word' id='word_1_500' title='bbox 594 2697 604 2710; x_wconf 78' lang='grc'><strong>.</strong></span> <span class='ocrx_word' id='word_1_501' title='bbox 633 2700 644 2711; x_wconf 70' lang='lat'><strong>.</strong></span> <span class='ocrx_word' id='word_1_502' title='bbox 672 2695 715 2700; x_wconf 82' lang='lat'><em>—</em></span> <span class='ocrx_word' id='word_1_503' title='bbox 742 2675 854 2709; x_wconf 72' lang='lat' dir='ltr'>desid.</span> <span class='ocrx_word' id='word_1_504' title='bbox 882 2685 927 2716; x_wconf 87' lang='lat' dir='ltr'>n.‚</span> <span class='ocrx_word' id='word_1_505' title='bbox 954 2675 1043 2709; x_wconf 81' lang='lat' dir='ltr'>weil</span> <span class='ocrx_word' id='word_1_506' title='bbox 1070 2673 1205 2708; x_wconf 87' lang='lat' dir='ltr'>Cicero</span> <span class='ocrx_word' id='word_1_507' title='bbox 1237 2672 1364 2706; x_wconf 86' lang='lat' dir='ltr'>seinen</span> <span class='ocrx_word' id='word_1_508' title='bbox 1389 2675 1539 2708; x_wconf 88' lang='lat' dir='ltr'>Bruder</span> 
     </span>
    </p>

    <p class='ocr_par' dir='ltr' id='par_1_14' title="bbox 41 2716 1536 2759">
     <span class='ocr_line' id='line_1_51' title="bbox 41 2716 1536 2759; baseline 0.006 -11"><span class='ocrx_word' id='word_1_509' title='bbox 41 2716 141 2750; x_wconf 85' lang='lat' dir='ltr'>noch</span> <span class='ocrx_word' id='word_1_510' title='bbox 166 2717 228 2751; x_wconf 85' lang='lat' dir='ltr'>eiu</span> <span class='ocrx_word' id='word_1_511' title='bbox 256 2718 345 2752; x_wconf 86' lang='lat' dir='ltr'>Iahr</span> <span class='ocrx_word' id='word_1_512' title='bbox 369 2721 575 2755; x_wconf 89' lang='lat' dir='ltr'>entbehren</span> <span class='ocrx_word' id='word_1_513' title='bbox 601 2729 754 2759; x_wconf 75' lang='lat' dir='ltr'>musste.</span> <span class='ocrx_word' id='word_1_514' title='bbox 784 2741 825 2747; x_wconf 80' lang='lat'>—</span> <span class='ocrx_word' id='word_1_515' title='bbox 853 2723 976 2756; x_wconf 77' lang='lat' dir='ltr'>labori</span> <span class='ocrx_word' id='word_1_516' title='bbox 997 2721 1214 2755; x_wconf 78' lang='lat' dir='ltr'>bezeichnet</span> <span class='ocrx_word' id='word_1_517' title='bbox 1232 2720 1294 2755; x_wconf 74' lang='lat' dir='ltr'>das</span> <span class='ocrx_word' id='word_1_518' title='bbox 1317 2720 1536 2757; x_wconf 78' lang='lat' dir='ltr'>miihevolle</span> 
     </span>
    </p>
   </div>
   <div class='ocr_carea' id='block_1_9' title="bbox 12 2759 1531 2828">
    <p class='ocr_par' dir='ltr' id='par_1_15' title="bbox 12 2759 1531 2828">
     <span class='ocr_line' id='line_1_52' title="bbox 12 2759 1531 2828; baseline 0.005 -32"><span class='ocrx_word' id='word_1_519' title='bbox 12 2759 16 2828; x_wconf 47' lang='grc' dir='ltr'>ἶ</span> <span class='ocrx_word' id='word_1_520' title='bbox 40 2763 137 2799; x_wconf 80' lang='lat' dir='ltr'>Amt.</span> <span class='ocrx_word' id='word_1_521' title='bbox 190 2764 348 2806; x_wconf 83' lang='lat' dir='ltr'>Quintus</span> <span class='ocrx_word' id='word_1_522' title='bbox 374 2767 522 2803; x_wconf 83' lang='lat' dir='ltr'>scheint</span> <span class='ocrx_word' id='word_1_523' title='bbox 546 2769 629 2802; x_wconf 86' lang='lat' dir='ltr'>sich</span> <span class='ocrx_word' id='word_1_524' title='bbox 657 2770 755 2803; x_wconf 82' lang='lat' dir='ltr'>nach</span> <span class='ocrx_word' id='word_1_525' title='bbox 783 2772 878 2804; x_wconf 77' lang='lat' dir='ltr'>Rom</span> <span class='ocrx_word' id='word_1_526' title='bbox 906 2767 1213 2817; x_wconf 80' lang='lat' dir='ltr'>zur&#39;uckgesehnt</span> <span class='ocrx_word' id='word_1_527' title='bbox 1232 2781 1280 2803; x_wconf 87' lang='lat' dir='ltr'>zu</span> <span class='ocrx_word' id='word_1_528' title='bbox 1305 2768 1441 2811; x_wconf 82' lang='lat' dir='ltr'>haben,</span> <span class='ocrx_word' id='word_1_529' title='bbox 1469 2782 1531 2804; x_wconf 92' lang='lat' dir='ltr'>um</span> 
     </span>
    </p>
   </div>
   <div class='ocr_carea' id='block_1_10' title="bbox 0 2103 20 3006">
    <p class='ocr_par' dir='ltr' id='par_1_16' title="bbox 0 2103 20 3006">
     <span class='ocr_line' id='line_1_53' title="bbox 0 2103 20 3006; baseline 0 -792"><span class='ocrx_word' id='word_1_530' title='bbox 0 2260 9 3006; x_wconf 95' lang='lat' dir='ltr'> </span> <span class='ocrx_word' id='word_1_531' title='bbox 15 2103 20 2214; x_wconf 95' lang='lat' dir='ltr'> </span> 
     </span>
    </p>
   </div>
  </div>
 </body>
</html>
