1742 3006
179 82 273 131 510
406 102 409 105 ·
462 85 524 127 Μ.
556 84 609 127 Τ.
641 80 984 128 CICERONIS
1014 82 1386 130 EPISTOLAE.

180 196 440 253 postularat,
489 198 648 238 contra
688 196 863 239 dicente
913 200 958 238 et
997 196 1111 238 nihil
1150 197 1374 239 obtinente
1414 195 1660 251 Torquato.

181 254 269 295 Sed
298 265 449 295 omnes
477 252 784 303 absolventur3
830 265 912 293 nec
950 252 1140 307 posthac
1168 253 1405 308 quisquam
1434 251 1661 293 damnabi-

181 313 268 361 tur,
299 308 385 349 nisi
415 306 493 361 qui
521 305 748 350 hominem
778 307 1012 349 occiderit.
1079 307 1182 349 Hoc
1219 312 1367 350 tamen
1407 308 1555 362 agitur
1592 320 1661 348 se-

179 365 355 407 verius:
385 363 539 418 itaque
565 363 736 405 indicia
764 364 924 406 calent.
996 362 1061 406 M.
1090 363 1277 405 Fulvius
1306 362 1517 405 Nobilior
1555 375 1661 403 con-

178 421 413 461 demnatus
441 422 524 461 est.
583 419 721 461 Multi
759 419 837 460 alii
867 420 1024 462 urbani
1064 432 1120 460 ne
1158 419 1429 474 respondent
1466 418 1659 474 quidem.

115 475 302 525 12Quid
342 474 464 516 aliud
499 474 633 516 novi?
709 474 942 524 Ettamen3
986 475 1189 516 absoluto
1229 473 1446 524 Gabinio,
1497 479 1661 515 stoma-

178 531 362 572 chantes
391 529 470 572 alii
508 529 682 571 iudices
712 530 826 572 hora
853 532 956 585 post
983 530 1257 572 Antiochum
1300 529 1543 573 Gabinium
1583 543 1660 570 ne-

177 586 273 628 scio
302 600 432 642 quem
461 584 730 640 eSopolidis
760 586 1023 640 pictoribus,
1053 586 1276 638 libertum,
1306 598 1540 628 accensum
1571 585 1660 626 Ga-

177 641 303 694 binii,
345 642 443 696 lege
479 641 624 696 Papia
664 644 1031 684 condemnarunt.
1087 642 1248 697 Itaque
1289 642 1412 683 dixit
1450 640 1601 683 statim
1630 639 1662 691 -1-

175 790 361 836 sperabat.
397 790 604 826 MANUT.
642 810 684 816 —
719 789 987 825 contradicente
1013 815 1020 824 .
1048 814 1057 824 .
1083 815 1092 824 .
1121 790 1317 836 Torquato,
1375 789 1660 825 Contenderunt

176 839 389 884 Torquatus
415 845 452 874 et
478 838 599 880 Sulla,
634 845 676 873 ut
701 839 901 885 aqcusandi
927 850 1061 872 munus
1097 838 1196 872 alter
1231 838 1342 872 alteri
1367 838 1546 884 eriperet.
1586 837 1658 872 Ob-

175 886 294 922 tinuit
320 886 440 922 Sulla.
474 887 675 922 MANUT.
726 887 831 922 Uber
855 887 893 921 P.
920 886 1028 921 Sulla
1053 899 1080 920 s.
1108 898 1167 931 ep.
1194 887 1387 926 LXXXIX,
1414 889 1436 922 3
1462 886 1538 919 und
1564 885 1658 919 iiber

174 936 218 968 A.
245 935 455 980 Torquatus
482 946 542 981 ep.
569 935 686 978 CLII,
712 936 747 970 3.
775 953 816 960 —
853 935 1102 975 absolveram-,-
1143 934 1324 968 Gabinius
1349 934 1482 969 wurde
1507 934 1553 967 de
1577 945 1658 967 am-

174 982 255 1016 bitu
282 985 408 1028 sp'a'ter
432 983 488 1016 als
513 983 560 1016 de
585 985 778 1017 maiestate
812 983 886 1016 frei
911 981 1168 1030 gesprochen;
1212 982 1256 1016 de
1289 989 1410 1027 repet.
1444 981 1537 1016 aber
1568 993 1656 1016 ver-

173 1030 349 1065 urtheilt.
390 1030 427 1065 S.
460 1031 585 1064 Valer.
627 1033 720 1064 Max.
753 1031 856 1071 VIII,
883 1032 915 1064 I.
959 1051 1002 1056 -—
1044 1031 1124 1063 Hoc
1150 1035 1269 1063 tamen
1294 1031 1377 1064 scil.
1405 1030 1585 1063 iudicium
1611 1029 1657 1062 de

173 1079 319 1112 sicariis
344 1085 384 1112 et
408 1078 609 1124 parricidis
642 1080 771 1120 agitur
797 1078 980 1120 severius,
1015 1077 1115 1111 denn
1149 1078 1242 1111 iiber
1274 1077 1404 1112 diesen
1431 1079 1550 1111 Punct
1575 1076 1657 1110 h‘a‘lt

173 1138 260 1160 man
285 1125 601 1173 dessungeachtet
625 1126 716 1159 sehr
740 1132 883 1173 strong.
911 1143 953 1149 --
980 1126 1110 1170 Itaque
1133 1125 1243 1160 indic.
1271 1126 1393 1160 calent
1418 1126 1440 1159 i.
1470 1137 1500 1161 e.
1527 1126 1655 1169 itaque

172 1173 288 1208 multi
332 1185 370 1208 se
411 1174 554 1208 indices
592 1174 824 1218 profitentur
855 1173 1079 1208 sicariorum
1117 1180 1154 1208 et
1186 1174 1474 1219 parricidarum.
1526 1173 1655 1207 Calere

171 1223 353 1256 dicuntur
384 1221 536 1260 omnia,
569 1233 663 1266 quae
696 1221 933 1267 frequentius
968 1227 1204 1255 exercentur.
1240 1215 1458 1256 SCHUTZ.
1499 1221 1651 1255 indicia.

172 1270 236 1304 Sic
262 1269 379 1304 oxon.
408 1272 438 1304 J.
466 1269 554 1303 Cod.
589 1269 765 1303 Tornaes.
807 1269 897 1303 Cdd.
929 1269 1042 1303 Bosii.
1076 1268 1173 1303 Vict.
1203 1271 1232 1303 1.
1269 1269 1351 1303 Bos.
1388 1269 1526 1304 Graev.
1565 1269 1653 1303 sch.

169 1317 307 1352 iudicia
332 1316 407 1352 Md.
445 1317 558 1352 Oxon.
584 1317 618 1352 2.
652 1317 736 1351 Asc.
765 1319 795 1352 1.
833 1317 933 1352 Crat.
959 1317 1057 1350 Vict.
1084 1318 1120 1352 2.
1158 1316 1285 1350 Lamb.
1312 1317 1403 1350 Ern.
1431 1318 1526 1351 Liin.
1576 1317 1652 1350 OR.

169 1365 309 1399 iudicia
335 1366 455 1398 calent
492 1367 613 1399 w‘a‘re:
652 1376 690 1399 es
724 1363 820 1412 geht
852 1364 983 1398 scharf
1017 1365 1112 1398 iiber
1151 1364 1389 1399 Ver-brecher
1425 1365 1549 1398 dieser
1582 1365 1653 1398 Art

170 1413 258 1447 her.
310 1413 365 1446 M.
392 1413 492 1446 Fulv.
520 1413 626 1454 Nob„
644 1425 707 1447 aus
736 1413 841 1447 einer
866 1412 977 1447 edlen
1003 1412 1178 1453 Familie,
1216 1413 1396 1460 iibrigens
1422 1412 1651 1446 unbekannt.

174 1480 217 1486 —-
243 1461 361 1496 Multi
384 1466 454 1495 etc.
504 1461 612 1495 Viele
637 1460 789 1495 Andere
815 1461 950 1495 stehen
989 1460 1099 1494 nicht
1132 1460 1303 1495 einmahl
1336 1460 1448 1500 Rede,
1488 1461 1653 1495 sondern

170 1509 256 1544 sind
278 1520 319 1543 so
343 1510 458 1553 artig,
484 1508 568 1543 sich
593 1509 770 1557 sogleich
805 1508 1013 1556 freiwillig
1045 1509 1111 1542 auf
1141 1508 1199 1543 die
1231 1509 1374 1543 Fersen
1409 1521 1457 1542 zu
1491 1508 1652 1543 macheu

174 1557 251 1591 und
276 1568 339 1591 aus
364 1557 460 1591 Rom
486 1569 534 1590 zu
559 1556 776 1591 entfiiehen.
819 1558 953 1591 urbani
986 1568 1056 1602 per
1090 1557 1250 1591 ironiam
1277 1557 1474 1600 dicuntur3
1517 1567 1561 1590 ne
1592 1567 1650 1589 re-

169 1605 347 1649 spondent
383 1605 523 1650 quidem
553 1605 594 1639 in
624 1605 783 1649 iudicio,
826 1605 891 1640 sed
932 1605 1071 1640 abeunt
1096 1604 1136 1639 in
1169 1605 1346 1640 exsilium
1380 1604 1651 1642 voluntarium.

267 1703 323 1736 12.
372 1701 420 1734 Et
447 1705 581 1737 tamen.
619 1703 754 1736 Mun-et.
781 1713 878 1747 susp.
925 1702 989 1735 Est
1023 1705 1153 1735 tamen.
1199 1700 1335 1735 Melius
1371 1701 1483 1735 etiam
1516 1700 1650 1735 Acida-

169 1748 243 1782 lius
268 1749 313 1782 ad
343 1748 464 1782 Vellei
489 1774 520 1786 ·.
547 1762 585 1795 p.
612 1751 710 1785 883:
739 1750 786 1783 al.
807 1761 838 1794 q.
865 1750 975 1783 novi?
1002 1750 1124 1785 Etiam
1151 1750 1218 1791 (z
1243 1749 1283 1782 Ia
1309 1749 1459 1792 dochl).
1485 1749 1649 1783 absoluto

170 1802 232 1831 cet
257 1820 267 1829 .
293 1822 303 1830 .
331 1796 529 1831 ORELLI.
563 1815 605 1821 —
634 1798 801 1831 absoluto
830 1797 985 1831 Gabinio
1022 1797 1173 1832 bezieht
1198 1796 1283 1831 sich
1308 1798 1375 1842 auf
1395 1797 1455 1830 die
1481 1798 1533 1830 im
1559 1798 1594 1832 9.
1621 1797 1649 1840 §.

169 1843 367 1880 erw'ahnte
391 1844 683 1890 Lossprechung
704 1845 911 1879 desselben.
939 1864 985 1871 —
1020 1843 1207 1886 stomach„
1232 1856 1302 1878 vor
1325 1844 1453 1893 Arg-er
1478 1845 1646 1878 dariiber.

171 1911 215 1918 —
240 1892 362 1926 nescio
388 1903 488 1936 quem
524 1903 542 1926 e
567 1892 691 1936 Sopol.
724 1894 828 1936 pict„
865 1893 975 1927 einen
1011 1892 1198 1941 gewissen
1232 1892 1547 1938 Mahlergesellen
1584 1893 1647 1926 des

167 1940 338 1985 Sopoli53
379 1939 449 1974 der
481 1952 551 1973 zur
583 1941 672 1975 Zeit
705 1941 769 1974 des
805 1941 938 1975 Cicero
966 1940 1026 1973 ein
1052 1940 1276 1974 beriihmter
1298 1939 1447 1974 Mahler
1471 1952 1562 1976 war.
1610 1939 1647 1974 S.

168 1989 264 2022 Plin.
291 1988 337 2022 H.
363 1988 411 2022 N.
437 1989 578 2030 XXXV,
607 1990 661 2022 11.
707 1989 836 2022 Lamb.
872 1989 913 2021 in
947 1999 997 2022 m.
1026 1989 1116 2024 1584
1150 1999 1168 2021 c
1193 1988 1423 2032 ropopolidz's
1444 1988 1649 2033 pictoribus

167 2035 340 2085 cogitans
366 2035 411 2069 de
445 2031 694 2081 ῥωποπώλαις,
727 2033 996 2082 ρωπογράφοις.
1037 2055 1079 2060 —-
1119 2036 1306 2076 libertum,
1345 2047 1540 2079 accensum,
1575 2036 1647 2070 den

166 2084 483 2132 Freigelassenen
528 2083 769 2132 ehemaligen
801 2085 989 2119 Accensus
1027 2083 1090 2118 des
1126 2084 1320 2119 Gabinius.
1384 2085 1454 2119 Die
1489 2086 1646 2118 Accensi

166 2143 297 2166 waren
322 2144 369 2165 zu
394 2131 465 2165 den
493 2132 663 2165 Lictores
690 2132 748 2167 od.
776 2131 1044 2167 ordentlichen
1070 2131 1238 2166 Dicnern
1270 2132 1545 2180 hinzugeffigte
1571 2133 1645 2166 Ge-

167 2179 408 2214 hiilfsdiener
433 2179 503 2213 der
528 2180 707 2223 Consum,
733 2182 913 2216 Pr'atoren
939 2180 1015 2213 und
1040 2179 1268 2214 Statthalter
1299 2180 1340 2213 in
1376 2180 1449 2215 den
1487 2181 1643 2214 Provin-

165 2238 246 2261 zen.
281 2227 319 2261 S.
344 2227 427 2261 Liv.
454 2228 525 2270 111,
551 2230 610 2263 33.
643 2229 689 2262 ad
727 2229 875 2263 Divers.
915 2229 984 2269 ΙΙΙ,
1012 2230 1042 2264 7.
1083 2227 1147 2262 Sic
1182 2229 1252 2262 Md.
1291 2228 1405 2262 Oxon.
1433 2231 1465 2262 1.
1502 2228 1584 2261 Asc.
1612 2233 1641 2263 1.

166 2276 266 2310 Crat.
291 2275 389 2308 Vict.
417 2277 447 2309 1.
475 2275 568 2309 Ern.
596 2276 717 2310 libert.
748 2288 792 2311 ac
818 2288 890 2310 acc.
917 2276 1003 2310 Cod.
1035 2276 1218 2310 decurtat.
1249 2277 1330 2310 Bos.
1358 2276 1496 2311 Graev.
1524 2276 1584 2310 lib.
1612 2281 1645 2310 et

165 2334 241 2358 acc.
269 2322 359 2356 Sch.
387 2322 482 2356 coni.
510 2324 604 2357 latin.
632 2325 761 2358 Malim
787 2329 893 2370 atque
917 2335 1112 2358 accensum.
1152 2324 1347 2359 ORELLI.
1381 2343 1423 2348 —
1462 2325 1546 2366 lege
1570 2324 1644 2358 Pa-

163 2373 231 2415 pia
256 2370 319 2405 des
346 2370 453 2405 Trib.
485 2371 523 2405 C.
552 2372 686 2417 Papius
719 2386 753 2406 v.
781 2374 809 2406 Ι.
845 2374 913 2409 689
939 2372 984 2405 de
1017 2372 1230 2417 peregrinis
1264 2372 1354 2406 urbe
1387 2372 1641 2416 expellendis:

165 2430 242 2462 „ne
268 2419 350 2463 quis
377 2418 600 2463 peregrinus
628 2432 665 2453 se
692 2433 761 2466 pro
790 2421 874 2455 cive
900 2422 1094 2468 gereret.“
1129 2420 1167 2454 S.
1196 2420 1317 2453 Cicer.
1343 2420 1388 2454 de
1415 2419 1543 2454 Officc.
1572 2420 1643 2463 111,

166 2470 224 2508 11,
251 2467 307 2501 47.
336 2466 438 2500 Balb.
467 2469 523 2502 23.
550 2466 611 2501 die
637 2468 835 2514 interpret.
863 2468 908 2502 ad
934 2469 1033 2502 Orat.
1060 2478 1131 2513 pro
1156 2467 1297 2501 Archia
1323 2478 1354 2501 c.
1379 2469 1413 2502 5.
1450 2488 1492 2493 —
1519 2467 1642 2500 statim

164 2514 189 2556 «ξ’
209 2525 292 2548 reus
317 2514 358 2548 P.
386 2515 469 2556 lege
492 2514 712 2549 maiestatis.
752 2516 814 2550 Sic
840 2522 1019 2561 corrupte
1046 2516 1138 2550 Cdd.
1165 2516 1263 2550 Bosii
1290 2522 1360 2550 etc.
1394 2515 1515 2558 itaque
1547 2515 1642 2548 dixit

164 2562 289 2595 statim
321 2572 405 2595 reus
437 2566 595 2605 patrono
634 2565 837 2599 maiestatis
877 2565 961 2606 lege
996 2564 1160 2598 absoluto
1195 2570 1266 2597 cet.
1302 2562 1388 2597 sch.
1450 2563 1500 2597 So
1537 2575 1573 2596 sa
1604 2569 1642 2597 te

165 2610 267 2644 denn
294 2609 363 2643 der
391 2609 487 2642 nach
520 2610 588 2644 der
623 2611 684 2644 lex
719 2612 829 2657 Papia
861 2611 1113 2646 verurtheilte
1149 2611 1390 2658 Angeklagte
1422 2610 1474 2652 (d.
1510 2610 1533 2647 i,
1573 2574 1641 2643 §er

165 2657 341 2698 libertus)
373 2670 418 2691 zu
455 2657 597 2692 seinem
634 2670 717 2693 vom
750 2659 1171 2695 Maiesta‘tsverbrechen
1207 2657 1548 2704 losgesprochenen
1575 2659 1641 2691 Pa-

167 2713 299 2739 tronus
339 2704 371 2737 d.
413 2705 436 2737 i.
482 2717 568 2739 zum
609 2707 789 2741 Gabinius
835 2708 958 2743 voller
991 2708 1208 2742 Unwillen:
1249 2718 1370 2741 nonne
1407 2706 1493 2746 scio,
1529 2708 1638 2746 Mars,

167 2760 203 2787 te
238 2764 321 2787 cum
357 2752 495 2798 Paphia
529 2755 706 2797 (Venere)
744 2767 824 2790 rem
866 2755 1063 2790 habuisse?
1111 2755 1135 2789 i.
1176 2767 1207 2789 e.
1242 2761 1279 2788 to
1320 2765 1466 2788 mecum
1504 2753 1542 2786 in
1576 2763 1639 2788 eo·
