1742 3006
168 59 262 110 438
457 63 520 106 Μ.
551 65 608 107 Τ.
640 63 984 109 CICERONIS
1024 63 1397 109 EPISTOLAE.

168 182 231 224 sit
257 181 452 237 Appium
480 181 702 237 collegam
725 211 728 216 -
762 186 970 239 ropte'rea
998 185 1087 228 isse
1116 183 1174 227 ad
1200 185 1457 238 Caesarem,
1485 188 1537 226 ut
1563 187 1649 228 ali-

171 251 303 292 quem
347 238 622 279 tribunatum
667 251 723 280 au
746 244 890 282 erret:
930 263 986 269 -
1027 239 1108 282 sed
1148 241 1196 281 in
1244 241 1437 282 alterum
1474 252 1649 286 annum.

109 290 137 330 4
170 293 226 335 Id
265 296 310 335 et
340 293 524 335 Curtius
553 293 620 335 ita
646 295 840 338 volebat.
907 295 1006 347 Tu,
1046 295 1417 351 quemadmodum
1444 309 1517 337 me
1546 310 1651 338 cen-

171 362 243 391 ses
280 352 490 403 oportere
527 362 624 391 esse
662 351 711 392 in
739 365 788 392 re
817 351 1001 405 publica
1028 356 1074 394 et
1102 353 1149 393 in
1178 353 1346 394 nostris
1376 351 1657 405 inimicitiis,-

171 405 238 446 ita
266 407 311 444 et
340 416 436 445 esse
467 408 514 446 et
540 404 639 448 fore
669 407 871 449 auricula
900 406 1057 449 infima
1085 409 1200 449 scito
1230 408 1497 450 molliorem.
1555 407 1651 450 Res

108 454 136 500 5
170 459 400 502 Romanae
429 460 498 501 sic
526 474 573 502 se
602 459 837 504 habebant.
906 462 1023 504 Erat
1049 464 1265 505 nonnulla
1302 477 1402 518 spes
1442 463 1652 505 comitio-
1717 470 1723 482 “

170 528 291 566 rum,
320 515 401 556 sed
430 515 626 558 incerta:
665 522 763 559 erat
791 518 941 571 aliqua
968 520 1166 573 suspicio
1196 519 1475 572 dictaturae,
1514 533 1569 560 ne
1598 533 1653 561 ea

167 570 351 625 quidem
380 576 531 613 certa:
577 586 794 614 summum
837 574 979 614 otium
1018 573 1219 627 forense,
1266 575 1347 616 sed
1375 576 1651 630 senescentis

167 626 312 680 magis
351 626 552 668 civitatis
582 641 714 683 quam
742 630 1082 685 acquiescentis.
1141 630 1374 672 Sententia
1393 635 1543 672 autem
1572 645 1651 672 no„-

168 684 264 722 stra
292 681 339 722 in
368 687 525 724 senatu
554 684 790 737 eiusmodi,
820 686 964 740 magis
992 689 1042 726 ut
1071 686 1154 727 alii
1183 686 1312 726 nobis
1334 688 1651 739 assentiantur,

168 748 299 792 quam
330 739 608 794 nosmetipsi.
667 740 828 782 ἨκοιῦθἸ
855 743 876 781 0‘
905 739 1063 792 τλήμων
1090 739 1257 790 πόλεμος
1285 739 1538 791 ἐξεργάζεται.

266 996 269 1001 ¹
303 930 622 976 EPISTOLA
651 933 815 977 CXLI.
872 935 950 984 (ad
979 935 1035 985 Q.
1064 934 1140 977 Fr.
1171 932 1234 975 II.
1268 931 1332 976 15.
1363 935 1502 983 extr.)

273 1004 354 1040 scr.
388 1008 528 1043 Romae
561 1019 691 1043 mense
727 1009 889 1055 Quintni
924 1011 964 1044 A.
999 1010 1042 1044 υ.
1081 1010 1122 1045 c.
1158 1010 1237 1044 τοο.
1287 1009 1347 1050 (a.
1387 1010 1426 1044 c,
1458 1010 1536 1052 54.)

165 1071 271 1107 Nihil
301 1085 395 1119 opus
420 1086 500 1110 esse
525 1075 705 1109 rescribit
735 1077 866 1117 fratri,
905 1082 947 1110 ut
980 1076 1036 1110 sui
1060 1076 1223 1122 periculi
1256 1087 1364 1109 causa
1401 1075 1514 1110 citius
1539 1087 1651 1121 quem

164 1121 238 1167 ipsi
269 1131 361 1168 opus
395 1123 445 1157 sit
479 1133 500 1158 e
524 1123 722 1170 provincia
747 1125 911 1158 Romam
945 1124 1088 1161 redeat.
1117 1125 1205 1159 1-3.
1256 1123 1442 1159 ambitum
1474 1124 1515 1158 in
1547 1125 1653 1161 Urbe

567 1171 673 1206 valde
697 1173 959 1218 ingravescere
983 1173 1187 1220 significat.
1213 1173 1248 1207 4.

645 1241 850 1295 MARCUS
876 1258 920 1302 Q.
945 1259 1127 1293 FRA‘rm
1153 1258 1188 1292 5.

275 1323 463 1366 Calamo
501 1327 549 1368 et
586 1328 835 1369 atramento
874 1329 1148 1382 temperato,
1187 1323 1348 1368 charta
1377 1324 1514 1367 etiam
1542 1326 1652 1369 den-

165 1380 261 1420 tata
290 1393 361 1421 res
391 1384 562 1435 agetur.
621 1381 794 1424 Scribis
824 1384 940 1424 enim
980 1387 1025 1423 te
1054 1394 1176 1423 meas
1206 1382 1364 1423 literas
1394 1382 1650 1435 superiores

164 1435 248 1477 vix
278 1435 430 1490 legere
459 1437 683 1491 potuisse:
714 1439 763 1480 in
795 1453 882 1494 quo
911 1438 1030 1479 nihil
1061 1451 1239 1491 eorum,
1267 1438 1331 1478 mi
1360 1436 1517 1490 frater,
1546 1437 1650 1491 fuit,

166 1503 280 1544 quae
308 1495 452 1546 putas.
520 1493 677 1548 Neque
717 1495 838 1536 enim
876 1496 1118 1548 occupatus
1156 1506 1277 1535 eram
1305 1506 1446 1548 neque
1475 1499 1652 1548 pertur-

166 1546 295 1587 batus
322 1560 407 1588 nec
436 1548 576 1590 iratus
606 1551 772 1592 alicui:
819 1550 899 1592 sed
929 1549 1018 1591 hoc
1045 1548 1167 1591 facio
1197 1562 1394 1603 semper,
1432 1553 1507 1602 ut,
1551 1550 1650 1604 qui-

167 1614 342 1656 cunque
371 1603 570 1645 calamus
599 1605 646 1646 in
674 1619 827 1647 manus
852 1619 973 1647 meas
1003 1606 1195 1658 venerit,
1225 1618 1277 1646 eo
1302 1605 1369 1645 sic
1391 1609 1506 1657 utar,
1536 1609 1651 1646 tam-

169 1670 300 1711 quam
332 1659 459 1701 bono.
517 1660 688 1702 Verum
721 1662 902 1703 attende
931 1674 1070 1715 nuno,
1111 1661 1174 1702 mi
1205 1660 1373 1715 optime
1403 1664 1448 1701 et
1476 1661 1649 1702 suavis·

167 1713 280 1753 sime
318 1712 483 1768 frater,
513 1715 572 1757 ad
601 1730 653 1758 ea
682 1717 787 1758 dum
818 1717 1041 1770 rescribo,
1079 1729 1194 1771 quae
1223 1721 1268 1758 tu
1299 1717 1347 1756 in
1376 1715 1463 1758 hac
1491 1716 1648 1759 eadem

166 1879 249 1904 cere
272 1882 389 1916 posse.
414 1889 461 1895 —
496 1872 584 1905 lusit
609 1872 786 1915 Appiam,
827 1879 929 1917 sagte
965 1883 1006 1906 er
1038 1883 1112 1905 von
1137 1871 1278 1905 seinem
1306 1871 1484 1917 Collegen
1509 1873 1649 1921 Appius

167 1918 421 1953 scherzweise.
448 1938 492 1944 —
527 1921 599 1953 isse
624 1920 735 1953 nicht
755 1920 810 1953 als
838 1921 985 1960 Consul,
1013 1920 1176 1953 sondern
1202 1926 1312 1953 unter
1338 1919 1424 1953 dem
1451 1923 1648 1956 Consulate

167 1966 230 2000 des
257 1967 440 2001 Lentulus
465 1967 544 2001 und
569 1966 764 2013 Philippus
790 1968 861 2003 698
887 1979 918 2000 a.
947 1969 988 2002 U.
1012 1978 1044 2000 c.
1107 1966 1142 2001 S.
1169 1967 1215 2001 ad
1243 1967 1287 2012 Q.
1315 1968 1434 2001 Fratr.
1462 1969 1514 2012 11,
1541 1971 1575 2005 6.
1603 1991 1646 1997 —

165 2014 232 2048 sed
254 2014 292 2047 in
316 2015 473 2049 alterum
497 2026 650 2059 annum,
676 2017 764 2049 aber
790 2016 854 2049 ich
884 2016 949 2048 bin
976 2016 1040 2048 auf
1065 2014 1129 2048 das
1153 2015 1310 2049 nachste
1337 2016 1427 2050 Iahr
1452 2021 1652 2054 verti-&stet

166 2062 331 2096 worden.

261 2111 294 2145 4.
321 2110 487 2144 auricula
515 2110 645 2152 infima
668 2112 883 2154 molliorem,
910 2111 1074 2145 weicher
1099 2111 1150 2144 als
1176 2111 1235 2145 ein
1264 2111 1552 2158 Ohrla‘ppchen.

264 2159 297 2193 5.
325 2159 378 2192 sic
401 2168 440 2193 se
465 2158 640 2193 habebant
664 2161 715 2194 im
740 2160 930 2194 Briefstile
962 2165 1052 2193 statt
1083 2158 1223 2194 habent.
1255 2160 1309 2193 sic
1341 2171 1381 2193 se
1413 2162 1515 2197 Crat.
1542 2163 1648 2197 Man.

167 2207 299 2240 Lamb.
319 2216 357 2240 se
372 2207 426 2240 sic
444 2207 542 2240 Cett.
562 2226 606 2232 —
632 2208 766 2248 comit„
796 2208 876 2242 dass
894 2207 955 2241 die
973 2207 1266 2241 wahlcomitien
1286 2209 1384 2241 noch
1403 2210 1499 2242 Statt
1519 2210 1648 2245 finden

169 2253 333 2288 wiirden.
359 2254 447 2301 Vgl.
467 2266 525 2300 ep.
546 2255 764 2299 CXXXVII,
782 2258 813 2292 2.
839 2276 880 2282 —
899 2257 1069 2297 forense,
1096 2256 1132 2288 in
1160 2256 1257 2290 foro.
1285 2275 1329 2281 —
1359 2254 1539 2291 Τοιαῦθ
1564 2283 1573 2293 .
1601 2287 1611 2296 .
1640 2283 1648 2291 .

169 2299 480 2349 ἐξεργάζεται,
515 2303 756 2348 dergleichen
783 2304 864 2338 sind
891 2304 949 2336 die
974 2302 1144 2337 Friichte
1171 2304 1234 2338 des
1260 2305 1452 2350 unsel’gen
1479 2306 1650 2352 KriegeS.

169 2351 243 2385 Der
269 2352 352 2386 119.
381 2350 473 2384 Vers
499 2362 562 2385 aus
586 2353 757 2398 Euripid.
784 2351 989 2398 Supplices.

265 2420 297 2454 1.
327 2416 485 2452 Calamo.
542 2418 670 2452 Novae
702 2419 884 2464 epistolae
918 2418 1068 2451 initium
1104 2418 1149 2452 de
1185 2419 1346 2453 Manutii
1373 2420 1553 2453 sententia
1585 2420 1650 2454 hic

167 2465 344 2499 fecerunt
374 2465 461 2499 Sch.
487 2466 595 2500 Bent.
624 2467 819 2501 ORELLI.
870 2467 980 2509 „Mit
1013 2465 1269 2500 ordentlicher
1308 2467 1428 2500 Feder
1452 2468 1524 2501 und
1551 2469 1650 2502 wohl

168 2514 422 2547 zubereiteter
447 2515 577 2555 Dium,
604 2526 643 2548 so
675 2527 716 2548 ar
742 2515 807 2548 auf
831 2516 1079 2560 gegliittetem
1098 2515 1232 2560 Pepier
1257 2515 1329 2549 soll
1354 2515 1556 2549 diessmahl
1582 2527 1649 2561 ge-

169 2561 366 2595 schrieben
393 2562 582 2596 werden.“
621 2526 749 2596 eligarla
773 2563 922 2596 dentata
946 2563 969 2595 i.
1000 2574 1032 2598 e.
1060 2562 1171 2596 dente
1197 2563 1322 2605 (Indo)
1358 2563 1475 2608 polita
1511 2570 1549 2597 et
1573 2565 1650 2597 lae-

170 2608 308 2653 vigata.
359 2611 455 2644 Plin.
482 2612 530 2643 H.
559 2611 591 2643 N
629 2611 733 2654 XIII,
762 2613 823 2645 12:
856 2610 1072 2652 „scabritia
1105 2611 1258 2645 chartae
1291 2612 1502 2656 laevigatur
1535 2612 1650 2646 dente

169 2657 403 2692 concham-3⁶
436 2658 549 2693 ERN.
585 2676 630 2683 —
675 2658 713 2690 in
736 2670 804 2703 quo
830 2657 924 2694 nihil
949 2684 957 2690 .
987 2685 995 2693 .
1023 2684 1031 2691 .
1056 2663 1186 2702 putas,
1213 2671 1258 2693 an
1284 2659 1450 2693 welcher
1476 2660 1648 2694 Unleser-

169 2704 329 2739 lichkeit
357 2706 493 2740 Nichts
520 2717 591 2740 von
619 2708 726 2748 Dem,
755 2718 826 2740 was
853 2707 914 2740 Du
940 2706 1185 2750 wetinutheet,
1211 2707 1356 2742 Schuld
1383 2720 1467 2742 war.
