1742 3006
403 53 723 98 EPISTOLA
752 53 983 96 LXXVI.
1014 53 1272 98 LXXVII.
1496 58 1589 106 279

99 173 148 214 le
176 169 385 211 miseram
413 170 460 211 et
488 165 982 221 despoliatam-venire.
1045 167 1221 218 Quodsi
1244 167 1487 210 conficitur
1510 184 1586 212 ne-

98 227 295 282 gotium,
325 225 475 266 omnia
503 235 848 278 consequemur:
877 223 947 262 sin
979 224 1134 265 eadem
1163 238 1244 267 nos
1275 225 1456 266 fortuna
1485 240 1584 280 pre—

98 287 215 336 met,
244 283 437 324 etiamne
468 279 681 334 reliquias
710 283 808 320 tuas
838 279 1004 319 misera
1023 281 1268 333 proiicies'!
1299 281 1500 323 Obsecro
1526 287 1585 333 te,

98 353 198 381 mea
227 339 348 391 vita,
378 336 499 392 quod
527 336 586 377 ad
615 338 838 390 sumptum
868 335 1056 386 attinet,
1087 335 1182 376 sine
1209 337 1348 389 alios,
1377 338 1454 391 qui
1486 352 1585 392 pos-

16 399 34 449 .'j‚
98 400 228 447 sunt,
266 395 306 435 si
344 392 477 434 modo
517 392 703 443 volunt,
743 391 988 432 sustinere:
1026 395 1072 431 et
1114 393 1420 433 valetudinem
1452 394 1585 434 istam

15 455 35 504 x}
99 451 348 500 infirmam,
377 448 416 488 si
446 460 516 488 me
547 460 694 499 amas,
724 447 821 487 noli
841 460 1023 489 vexare.
1081 446 1198 487 Nam
1220 449 1332 488 mihi
1356 454 1461 490 ante
1480 463 1585 490 ocu-

20 508 33 550 17'
100 507 169 548 los
209 506 306 546 dies
345 506 589 558 noctesque
618 503 832 545 versaris.
891 502 1060 544 Omnes
1091 503 1265 544 labores
1297 509 1341 544 tc
1372 505 1584 560 excipere

14 556 33 617 ξ
97 562 256 604 video:
296 559 458 612 timeo,
487 564 537 600 ut
567 560 801 600 sustineas.
861 558 952 601 Sed
981 558 1116 600 video
1148 559 1261 601 inte
1294 574 1389 601 esse
1421 563 1582 602 omnia.

22 614 25 665 ἶ
98 619 273 669 Quare,
313 619 364 656 ut
392 615 465 666 id,
509 615 627 670 quod
657 627 810 670 speras
840 619 886 657 et
925 615 1044 670 quod
1082 615 1205 670 agis,
1246 630 1587 671 consequamur,

18 683 25 722 ξ
97 674 219 715 servi
257 671 527 714 valetudini.
607 671 733 728 Ego,
773 670 829 711 ad
868 685 979 726 quos
1018 673 1236 725 scribam,
1277 674 1456 725 nescio,
1496 674 1586 714 nisi
1627 682 1652 720 4

14 754 24 778 .,
98 730 157 772 ad
196 741 299 781 eos,
339 729 416 782 qui
456 726 515 768 ad
554 741 623 768 me
653 727 879 779 scribunt,
928 731 1003 768 aut
1032 728 1088 769 ad
1120 742 1221 780 θος,
1252 728 1307 769 de
1338 731 1498 784 quibus
1528 730 1587 770 ad

96 800 168 828 me
207 797 289 826 vos
331 783 506 838 aliquid
544 784 758 825 scribitis.
830 783 1056 838 Longius,
1097 785 1307 839 quoniam
1356 787 1421 826 ita
1457 786 1587 826 vobis

15 847 31 891 3³
98 842 274 897 placet,
304 854 392 881 non
424 839 676 881 discedam:
707 838 787 880 sed
809 839 949 879 velim
972 853 1104 893 quam
1133 841 1395 894 saepissime
1430 842 1610 882 literas

96 897 313 949 mittatis,
342 896 633 950 praesertim,
672 895 711 936 si
740 894 852 949 quid
875 900 942 937 est
971 897 1173 949 firmius,
1203 896 1322 950 quod
1346 911 1585 950 speremus.

96 954 287 1005 Valete,
317 965 415 992 mea
445 951 698 1004 desideria,
726 951 891 993 valete.
952 950 1011 992 D.
1045 965 1083 992 a.
1118 952 1161 993 d.
1192 952 1280 995 111.
1311 952 1464 995 Nonas
1495 953 1585 994 Oc-

99 1011 264 1051 tobres·
296 1007 642 1050 Thessalonica.

330 1181 650 1226 EPISTOLA
678 1181 939 1226 LXXVII.
999 1185 1111 1236 (Λα.
1142 1183 1233 1226 111.
1264 1183 1357 1234 21.)

189 1259 269 1294 Ser.
295 1259 582 1294 Thessalonicae
611 1259 656 1293 v.
683 1259 764 1292 Kal.
790 1259 882 1292 Nov.
919 1257 961 1292 A.
988 1260 1034 1294 U.
1060 1259 1103 1295 c,
1131 1259 1211 1294 696.
1264 1258 1311 1301 (a.
1346 1260 1388 1294 c.
1419 1257 1491 1299 55.)

18 1217 21 1238 ι

11 1246 21 1309 i

7 1315 21 1345 ‘¹¹‘
96 1329 219 1373 Rogat
243 1327 433 1369 Atticum,
461 1333 504 1360 ut
520 1325 664 1368 onmia,
692 1336 787 1370 quae
808 1325 855 1358 de
874 1326 1112 1359 revocatione
1126 1336 1188 1358 sua
1205 1325 1432 1370 perspiciat,
1461 1335 1587 1370 quam-

7 1348 21 1403 l
360 1386 510 1420 cunque
536 1375 573 1407 in
607 1380 755 1420 partem
781 1374 1000 1419 planissime
1028 1374 1073 1407 ad
1100 1385 1138 1407 se
1165 1374 1322 1407 scribat.

11 1454 20 1470 ἱ

601 1447 790 1483 CICERO
826 1446 1007 1480 ATTICO
1041 1446 1079 1483 S.

208 1515 425 1570 Triginta
454 1515 553 1556 dies
583 1518 713 1556 erant
753 1515 867 1570 ipsi,
909 1529 1044 1569 quum
1084 1513 1166 1556 lias
1209 1514 1369 1556 dabam
1415 1512 1588 1564 literas,

100 1585 180 1627 per
206 1585 316 1626 quos
346 1571 495 1611 nullas
525 1584 552 1611 a
579 1572 707 1612 vobis
738 1584 1013 1625 acceperam.
1086 1571 1208 1612 Mihi
1238 1575 1386 1611 autem
1417 1573 1513 1610 erat
1544 1568 1590 1608 in

99 1629 271 1679 animo,
312 1627 427 1678 iam,
464 1630 513 1666 ut
542 1631 675 1667 antea
704 1626 762 1665 ad
803 1630 848 1666 te
877 1626 1065 1680 scripsi,
1112 1628 1179 1682 ire
1211 1627 1258 1666 in
1290 1626 1503 1680 Epirum:
1545 1629 1591 1664 et

5 1722 11 1732 ,
99 1685 163 1725 ibi
204 1697 379 1723 omnem
409 1696 561 1723 casum
598 1682 880 1735 potissimum
920 1687 1200 1735 exspectare.
1270 1681 1340 1722 Te
1380 1695 1485 1731 oro,
1528 1684 1590 1731 ut,

8 1763 26 1791 ἢ,
101 1741 140 1781 si
179 1739 289 1794 quid
329 1739 439 1791 erit,
491 1738 612 1793 quod
652 1738 927 1793 perspicias,
981 1751 1291 1793 quamcunque
1329 1737 1374 1778 in
1417 1739 1589 1791 partem

12 1877 26 1937 j*
102 1887 163 1919 Du
190 1884 297 1918 einen
324 1883 436 1916 Theil
463 1883 583 1916 dieser
607 1883 803 1929 Ausgaben
821 1894 892 1917 von
910 1883 1068 1917 Deinem
1088 1884 1298 1929 Vermiigen
1320 1890 1453 1928 tragen
1473 1881 1591 1915 sollst.

104 1938 138 1967 ie
155 1945 197 1966 ex
215 1931 330 1977 suppl.
350 1933 386 1965 in
406 1942 525 1976 marg.
545 1934 648 1965 Crat.
661 1933 806 1966 Vict.2.
823 1932 912 1977 Sqq.
934 1933 1042 1966 omis.
1060 1937 1094 1966 te
1111 1933 1193 1970 Md.
1216 1936 1317 1966 Crat.
1336 1933 1436 1966 Vici.
1457 1933 1488 1964 1.
1511 1930 1591 1964 OR.

105 2001 148 2006 —
175 1982 344 2014 miseram
369 1985 403 2013 el
429 1981 523 2022 desp.
562 1979 817 2026 Brachylogie
842 1986 935 2013 statt
968 1992 1084 2026 quum
1117 1981 1192 2014 iarn
1226 1981 1364 2014 misera
1393 1986 1430 2012 et
1456 1978 1591 2032 despo-

103 2030 192 2063 liata
219 2029 281 2061 sis.
312 2029 401 2061 Erat
427 2028 525 2060 enim
552 2029 661 2062 ducta
693 2029 738 2061 ad
771 2029 941 2062 tabulam
975 2029 1175 2063 Valeriam.
1214 2047 1257 2053 —
1291 2028 1478 2071 negotium
1503 2038 1528 2059 1.
1559 2038 1590 2059 e.

103 2078 245 2111 reditus
273 2077 366 2109 mihi
393 2077 623 2110 decernitur.
649 2095 697 2102 -—
723 2077 843 2111 eadem
859 2078 1042 2119 fortuna,
1078 2078 1117 2110 in
1154 2088 1225 2123 qua
1258 2088 1355 2109 nunc
1390 2086 1593 2115 versamur,

104 2126 289 2159 exsilium.
315 2144 361 2149 —
384 2128 544 2167 premet,
571 2131 610 2158 ut
635 2137 780 2171 semper
800 2126 956 2158 exsulari
975 2137 1171 2170 cogamur.
1198 2144 1243 2150 --
1270 2125 1471 2169 reliquias,
1499 2134 1593 2168 quae

106 2186 150 2207 ex
184 2175 273 2207 dote
320 2174 523 2206 Terentiae
564 2180 602 2206 et
643 2174 804 2219 propriis
839 2174 918 2207 eius
952 2174 1061 2206 bonis
1095 2180 1326 2220 supererant.
1374 2167 1593 2207 SCHU'I'Z.

105 2224 167 2255 δίο
194 2222 314 2255 wollte
342 2235 373 2254 z.
401 2224 440 2254 B.
476 2222 588 2254 ihren
620 2223 821 2256 Waldtrist
857 2222 1025 2265 (saltus),
1060 2222 1123 2255 ihr
1156 2222 1258 2256 Dorf
1290 2221 1486 2254 verkaufen
1517 2219 1592 2252 und

108 2271 204 2304 Geld
230 2269 436 2303 ausleihen.
466 2271 501 2303 S.
529 2281 587 2315 ep.
614 2271 750 2312 XXIX,
777 2272 811 2305 5.
836 2282 869 2303 u.
897 2271 1060 2304 Lxxlx.
1087 2290 1131 2301 -τ-
1157 2270 1363 2310 infirmam,
1391 2270 1450 2302 die
1477 2269 1593 2301 sehon

108 2332 148 2353 so
175 2319 262 2352 sehr
287 2318 523 2362 angegriffen
553 2320 611 2352 ist.
660 2320 801 2353 Kiirze!
835 2338 879 2344 —-
920 2320 1083 2362 excipere
1108 2333 1157 2350 z
1181 2319 1219 2352 in
1255 2325 1294 2352 te
1321 2319 1520 2362 suscipere.
1552 2335 1592 2340 —-

108 2370 236 2410 timeo,
270 2371 319 2399 ut.
354 2366 388 2399 S.
415 2365 570 2399 Ramsh.
599 2368 633 2410 δ.
662 2369 743 2407 193,
771 2370 801 2408 I,
828 2368 863 2401 4.
899 2368 1047 2400 Grotef.
1074 2369 1102 2412 §.
1138 2369 1220 2402 1102.
1248 2369 1357 2402 Anm.
1391 2367 1534 2409 Zumpt
1561 2364 1592 2407 ς.

109 2417 193 2452 533.
223 2434 263 2439 -
290 2415 329 2447 in
358 2418 391 2447 te
417 2425 494 2447 esse
521 2416 666 2458 omnia,
693 2415 776 2449 dass
802 2417 868 2449 auf
892 2416 962 2450 Dir
986 2417 1085 2449 Alles
1111 2416 1281 2449 beruhet.

204 2463 241 2500 4.
267 2463 302 2496 si
327 2463 411 2506 quid
436 2467 488 2496 est
508 2461 611 2502 firm.
639 2470 730 2506 cet.‚
764 2475 872 2498 wenn
907 2476 1039 2498 unsere
1070 2464 1260 2508 Hoffnung
1298 2473 1362 2495 zur
1389 2460 1594 2493 Riickkehr

111 2510 218 2543 sollte
250 2511 356 2544 mehr
390 2512 523 2544 Grund
552 2513 763 2557 gewinnen.
799 2531 842 2537 -—
876 2512 926 2550 D,
955 2528 1004 2545 z
1030 2513 1129 2546 data.
1163 2511 1225 2545 Sic
1251 2511 1332 2545 Md.
1361 2510 1466 2543 Crat.
1495 2509 1594 2544 Vict.

114 2560 148 2591 1.
185 2559 218 2592 2.
253 2570 325 2591 om.
361 2559 408 2594 D.
446 2561 546 2597 cett.
583 2560 780 2594 ORELLI.
832 2579 873 2585 ——
926 2572 958 2595 α.
987 2562 1021 2595 d.
1046 2562 1124 2596 ΙΙΙ.
1151 2561 1247 2596 Νοη.
1278 2560 1376 2598 Oct„
1412 2557 1483 2590 den
1510 2559 1595 2592 Aten

110 2606 288 2640 October.

210 2675 244 2709 l.
272 2677 397 2711 antea.
425 2673 508 2710 Asc.
528 2677 562 2712 1.
581 2680 671 2710 ante.
691 2676 776 2710 vid.
792 2686 848 2723 ep.
866 2676 1033 2718 LXXIV,
1054 2677 1084 2710 1.
1113 2673 1348 2708 libentissime
1376 2689 1422 2706 :1
1446 2672 1594 2718 potissi-

113 2732 230 2764 mum,
256 2732 333 2756 was
360 2722 444 2757 sich
469 2724 536 2758 auf
560 2723 633 2764 ibi,
660 2725 770 2760 nicht
794 2725 860 2760 auf
887 2729 1097 2770 exspectare
1125 2724 1285 2757 bezieht.
1322 2742 1364 2748 —
1399 2733 1535 2767 quamc.
1560 2722 1598 2754 in
