1742 3006
634 35 951 80 EPISTOLA
980 37 1026 78 11
1033 67 1041 76 .
1557 34 1584 79 7

97 158 146 196 ut
175 167 256 210 par
284 151 397 194 mihi
428 151 502 193 sis.
570 149 763 190 Domum
792 147 1084 189 Rabirianam
1115 145 1334 201 Neapoli,
1373 159 1505 200 quam
1536 150 1581 187 tu

97 213 186 252 iam
216 211 460 250 dimensam
490 211 535 248 et
564 205 913 247 exaedificatam
943 204 1092 244 animo
1120 202 1329 255 habebas,
1361 202 1426 246 M.
1460 203 1577 243 Fon-

96 268 213 308 teius
244 266 352 307 emit
381 263 499 304 H-S
531 274 709 304 ccciooo
739 274 854 303 xxx.
912 259 968 300 Id
999 263 1043 300 te
1073 260 1191 300 scire
1220 258 1368 311 volui,
1399 259 1437 299 si
1468 258 1577 313 quid

98 322 215 364 forte
245 334 297 362 ea
328 333 398 360 res
428 319 482 360 ad
530 319 830 373 cogitationes
870 319 968 358 tuas
1008 316 1269 370 pertineret.
1330 314 1386 363 Q.
1417 314 1573 366 trater,

98 383 145 419 ut
173 377 287 418 mihi
315 375 518 426 videtur,
557 389 644 428 quo
673 375 876 417 volumus
907 372 1056 414 animo
1087 375 1156 412 est
1194 372 1241 411 in
1280 371 1576 425 Pomponiam

97 438 143 475 et
173 447 271 473 cum
300 445 353 473 ea
392 444 508 472 nunc
547 431 594 471 in
632 430 927 485 Arpinatibus
965 427 1164 483 praediis
1206 432 1304 468 erat
1342 430 1388 467 et
1427 440 1577 467 secum

95 489 287 530 habebat
316 486 543 529 hominem
568 488 855 537 χρηστομαθῆ,
893 484 951 526 D.
983 483 1271 525 Turranium.
1330 482 1472 523 Pater
1500 496 1571 523 no>

94 546 164 586 bis
194 544 391 585 decessit
419 557 457 586 a.
491 543 533 583 d.
563 542 647 584 IV.
690 542 795 585 Kal.
838 541 1126 582 Decembres.
1193 539 1322 580 Haec
1361 539 1579 579 habebam

93 601 212 652 fere,
241 613 354 655 quae
383 603 427 640 te
458 600 575 640 scire
604 599 785 640 vellem.
842 598 915 639 Tu
943 597 1097 649 velim,
1127 596 1167 636 si
1196 608 1284 649 qua
1313 598 1578 636 ornamenta

92 654 340 706 γυμνασιώδη
370 656 570 711 reperire
599 655 795 709 poteris,
825 666 939 708 quae
968 653 1057 693 loci
1089 652 1180 692 sint
1209 651 1329 703 eius,
1369 664 1500 705 quem
1532 654 1577 690 tu

92 725 179 753 non
209 712 414 766 ignoras,
452 725 506 753 ne
546 711 891 766 praetermittas,
960 708 1055 751 Nos
1095 707 1358 749 Tusculano
1397 708 1463 748 ita
1502 706 1578 746 deu

95 863 158 896 das
194 862 327 897 Obiect
360 862 422 896 des
456 862 568 896 Verbi
601 873 688 902 aus,
729 873 806 896 was
840 867 942 895 sonst
977 859 1088 908 einen
1122 861 1296 894 Accusat.
1353 859 1485 906 regirt.
1537 876 1578 883 -

93 911 258 954 neglig„
284 909 570 956 Saumseligkeit
602 911 654 944 im
690 908 911 945 Schreiben.
968 910 1071 945 Uber
1106 909 1150 942 de
1181 920 1208 942 s.
1243 909 1396 943 Ramsh.
1434 908 1467 951 §-
1514 907 1582 940 110

93 961 181 994 Not.
211 961 243 994 2.
270 980 313 986 -
340 959 379 993 in
405 963 504 993 tanco
531 959 617 1001 olio,
644 964 781 1005 quanto
815 959 965 993 frueris.
999 977 1045 982 —
1079 961 1116 991 ut
1148 968 1223 1002 par
1257 956 1348 990 milzz·
1380 957 1455 995 sis,
1497 956 1580 988 dass

96 1009 144 1041 du
169 1006 341 1052 gleichen
378 1006 528 1042 Schritt
561 1009 635 1041 mir
668 1008 816 1041 haltest.
877 1008 1026 1052 Tropus
1066 1017 1150 1039 vom
1187 1005 1370 1040 Fechten!
1420 1006 1461 1037 In
1497 1004 1579 1037 edd.

97 1059 194 1090 Crat.
223 1058 264 1098 1,
291 1057 325 1096 2,
353 1057 446 1100 Reg.
477 1057 562 1090 Asc.
590 1056 720 1090 Lamb.
743 1067 817 1100 par
841 1056 878 1090 in
902 1056 969 1089 ltoc
995 1053 1106 1097 mihi,
1164 1065 1237 1088 was
1263 1054 1394 1088 Bosius
1420 1053 1581 1097 billigte‚

94 1104 324 1150 ungeachtet
348 1104 387 1138 iu
411 1104 479 1138 hoc
504 1104 752 1150 glossenartig
777 1105 836 1138 ist.

190 1154 223 1189 2,
251 1152 356 1186 Dom.
383 1153 532 1196 Rabir„
560 1154 623 1186 das
649 1156 747 1186 Haus
774 1152 837 1186 des
864 1154 904 1189 C.
932 1152 1129 1194 Rabirius,
1163 1150 1255 1193 den,
1283 1150 1352 1184 wie
1389 1150 1458 1184 den
1484 1150 1579 1183 Fon*

93 1200 208 1244 teins,
236 1201 372 1234 Cicero
399 1200 572 1234 nachher
598 1202 649 1235 als
676 1202 811 1235 Consul
836 1201 873 1234 in
905 1202 996 1236 zwei
1032 1200 1133 1234 noch
1158 1199 1424 1234 vorhandenen
1451 1198 1580 1231 Reden

95 1249 352 1293 vertheidigte
375 1249 450 1283 und
476 1250 647 1283 welchen
674 1250 735 1283 die
759 1249 899 1296 Apuler
937 1250 1012 1283 und
1038 1251 1246 1294 Campaner
1271 1249 1322 1281 als
1354 1248 1462 1280 ihren
1488 1246 1581 1281 Mit-

92 1298 230 1343 biirger
253 1297 393 1331 lobten.
422 1317 464 1323 -—
490 1297 574 1331 dim.
603 1302 636 1332 et
662 1299 787 1331 exaed.
815 1299 935 1332 animo
962 1299 1015 1341 (in
1044 1297 1264 1339 Gedanken)
1284 1296 1365 1330 Ιιαὸ.
1383 1308 1413 1329 s.
1429 1294 1581 1328 Ramsh.

95 1348 127 1390 ᾖ.
156 1348 236 1388 117,
261 1346 310 1379 ΙΙ.
336 1346 373 1381 4.
401 1347 451 1388 2).
478 1364 521 1369 -
553 1346 633 1380 H-S
660 1346 888 1384 CCCJOOQ
905 1347 1022 1381 XXX
1047 1347 1072 1381 i.
1099 1358 1129 1380 e.
1163 1345 1384 1380 Sestertium
1416 1344 1582 1377 millibus

95 1399 249 1426 centum
283 1393 445 1438 triginta
469 1407 518 1424 Ξ
546 1395 698 1437 133,000
732 1395 894 1427 sestertii
928 1395 1054 1436 (nicht
1082 1393 1256 1428 sestertia
1281 1407 1330 1424 z
1358 1393 1582 1433 130,000000

94 1442 256 1475 sestertii
283 1441 373 1476 oder
408 1440 431 1487 ὲ
455 1442 607 1476 Million
650 1443 808 1486 Thaler)
843 1457 892 1474 z
926 1444 1058 1485 13‚333
1092 1443 1194 1478 Flor.
1234 1441 1347 1484 (nach
1374 1439 1583 1480 Wieland.)

94 1491 168 1523 Ein
193 1490 366 1535 geringes
389 1490 578 1534 Kaufgeld
616 1490 683 1523 fiir
718 1491 778 1524 ein
803 1493 903 1525 Heus
941 1492 979 1524 in
1011 1492 1177 1537 Neapel,
1211 1490 1333 1524 dieser
1366 1489 1506 1523 damals
1542 1498 1581 1521 so

92 1539 278 1580 schonen,
317 1538 470 1571 reichen
497 1538 572 1571 und
597 1538 836 1572 bevfflkerten
861 1539 979 1574 stadt.
1039 1540 1162 1574 Allein
1196 1550 1234 1571 es
1265 1538 1446 1572 bediu-ste
1481 1536 1583 1569 doch

92 1587 192 1620 noch
219 1586 282 1620 des
307 1586 530 1620 Ausbauens.
559 1605 601 1610 —
627 1587 676 1620 ad
699 1588 812 1631 cogit.
839 1591 942 1628 tuas,
981 1599 1028 1621 zu
1053 1588 1190 1621 deinen
1216 1586 1511 1633 Speculationen.
1541 1604 1583 1610 -

96 1646 204 1679 quo..
232 1634 353 1669 animo
379 1647 407 1668 s.
432 1634 585 1668 Ramsh.
614 1637 643 1680 §.
672 1637 751 1671 159.
777 1636 828 1678 3.)
855 1636 890 1670 d.
920 1655 962 1661 —
988 1637 1027 1669 in
1052 1637 1180 1680 Pomp.
1207 1647 1236 1671 s,
1261 1647 1305 1669 zu
1330 1646 1387 1679 ep.
1417 1637 1451 1674 1,
1477 1636 1509 1670 2.
1540 1653 1582 1658 —

94 1684 133 1717 in
158 1683 251 1726 Arp.
279 1684 405 1727 praed.
433 1683 560 1717 wofiir
585 1683 668 1717 edd.
704 1687 852 1718 Ascens.
888 1684 964 1717 und
999 1685 1102 1718 Crat.
1134 1685 1174 1717 in
1209 1683 1390 1728 Arpinati
1414 1681 1583 1727 praedio.

97 1732 261 1765 Cicero’s
293 1732 438 1766 Bruder
472 1732 579 1765 hatte
613 1731 724 1765 nicht
755 1732 842 1766 weit
879 1744 953 1767 von
995 1733 1178 1780 Arpinum
1209 1733 1250 1766 in
1283 1731 1432 1765 Latium
1469 1732 1583 1772 (stato

96 1780 193 1812 della
243 1780 394 1824 Chiesa)
451 1786 553 1813 vetus
570 1804 579 1822 ‚
643 1780 768 1814 seiner
824 1781 899 1814 und
950 1780 1014 1815 des
1065 1781 1208 1815 Marius
1259 1779 1472 1815 Vaterstadt
1521 1779 1585 1810 das

94 1828 270 1875 Landgut
294 1829 483 1863 Arcanum
508 1829 569 1863 bei
594 1831 702 1863 Arce.
753 1829 832 1862 Der
864 1831 989 1864 Plural
1024 1830 1166 1864 driickt
1197 1829 1258 1862 die
1283 1828 1584 1872 VVeitlaufigkeit

95 1877 163 1910 der
199 1877 400 1923 Besitzung
438 1889 513 1911 aus.
553 1896 596 1901 ——
632 1876 903 1924 χρηστομαθῆ,
947 1879 1057 1913 einen
1099 1879 1219 1913 Mann
1259 1878 1332 1911 voll
1373 1876 1587 1910 niitzlicher

96 1926 337 1963 Kenntnisse,
376 1944 418 1951 -
453 1926 602 1959 decessit
634 1927 680 1959 de
710 1926 808 1969 vita,
844 1933 886 1959 ut
920 1926 965 1960 de
1000 1926 1205 1973 provincia.
1265 1926 1312 1960 So
1345 1926 1493 1958 absolut
1525 1924 1586 1957 bei

94 1974 194 2007 Suet.
220 1975 296 2008 Vit.
322 1975 357 2009 3.
383 1974 466 2008 Liv.
499 1975 571 2016 IX,
608 1976 663 2009 17.
714 1975 787 2007 Die
813 1976 936 2008 Kiirze
962 1976 1131 2021 bezeugt,
1158 1975 1229 2008 wie
1254 1975 1326 2008 ties
1350 1974 1487 2007 Cicero
1514 1973 1586 2005 den

97 2023 249 2056 Verlust
280 2021 421 2056 ffihlte.
489 2022 646 2067 Madvig
679 2023 830 2068 schla‘gt
865 2024 1030 2058 discessit
1061 2035 1152 2066 vor,
1183 2024 1222 2056 in
1267 2023 1449 2056 welchem
1487 2022 1589 2054 Faue

95 2070 234 2104 iedoch
261 2081 283 2104 a
309 2070 426 2111 nobis,
453 2071 544 2104 oder
568 2070 697 2104 hinter
724 2071 810 2105 dem
830 2073 956 2106 Verbo
978 2083 1020 2106 ex
1039 2073 1128 2106 oder
1148 2083 1170 2105 α
1188 2071 1264 2105 vita
1285 2072 1413 2104 stehen
1435 2073 1587 2109 miisste,

98 2120 168 2151 wie
194 2119 241 2151 de
265 2119 412 2152 Senect.
439 2121 485 2155 23
517 2120 594 2153 und
620 2121 731 2153 Tusc.
759 2121 828 2166 Qq.
857 2123 898 2163 l,
924 2122 988 2163 34,
1015 2121 1094 2155 und
1119 2120 1165 2154 ad
1191 2121 1274 2153 Div.
1310 2122 1350 2162 2,
1385 2122 1418 2155 2.
1449 2140 1488 2145 ——
1518 2118 1587 2152 111

97 2167 253 2200 Kalend.
280 2167 393 2209 Dec„
426 2179 488 2200 em
513 2170 574 2203 29.
601 2169 779 2202 Novemb.
830 2168 878 2201 So
904 2169 1000 2202 lies't
1036 2181 1120 2203 man
1146 2170 1200 2202 im
1228 2168 1315 2201 cod.
1342 2169 1443 2201 Med.
1471 2168 1587 2201 Oxon.

97 2217 129 2249 l.
156 2215 254 2248 nach
282 2215 423 2257 Orelli3
455 2217 513 2249 die
538 2217 674 2261 Ausgg.
706 2217 808 2251 VIII
832 2218 921 2250 Kal.
950 2219 1063 2259 Dea,
1100 2218 1170 2251 den
1205 2218 1263 2253 24.
1289 2218 1382 2250 Nov.
1420 2236 1461 2240 -
1488 2216 1589 2248 Haec

97 2262 177 2300 hab.
205 2269 304 2306 cet.,
342 2264 412 2297 wie
445 2265 505 2307 11,
534 2267 590 2301 22.
648 2266 707 2297 De
739 2266 933 2310 republica
964 2265 1065 2299 nihil
1100 2266 1222 2299 habeo
1256 2266 1301 2298 ad
1338 2273 1376 2299 te
1409 2264 1587 2297 scribere.

97 2313 134 2345 S.
163 2312 313 2346 Grotef.
339 2314 369 2357 §.
406 2314 488 2348 305.
515 2331 558 2337 -
585 2310 819 2358 γυμνασιώδη
847 2321 943 2354 sunt,
971 2326 1064 2360 quae
1098 2315 1308 2360 Gymnasio
1346 2313 1587 2349 conveniant,

98 2360 198 2404 quod
224 2360 338 2394 etiam
371 2360 493 2406 inquit
524 2362 564 2394 in
591 2363 708 2406 Epist.
743 2363 790 2395 ad
827 2363 983 2397 Fabium
1020 2363 1193 2397 Gallumz
1232 2362 1316 2405 „Ea
1353 2362 1447 2395 enim
1476 2361 1588 2402 signa

100 2418 170 2450 ego
196 2418 314 2443 emere
337 2409 457 2450 soleo,
484 2421 574 2453 quae
605 2411 654 2443 ad
676 2411 953 2445 similitudinem
984 2412 1257 2454 ίξψηηαεςὶονιιηι
1291 2412 1465 2444 exornent
1500 2408 1589 2441 milri

99 2455 138 2488 in
160 2457 350 2498 palaestra
376 2457 535 2491 loczmz.“
590 2458 787 2493 VICTOR.
849 2460 913 2494 Bei
941 2472 980 2494 so
1013 2451 1210 2505 {geringem
1236 2461 1448 2503 Vermogen
1486 2455 1589 2490 doch

101 2504 169 2536 der
194 2506 311 2538 Kunst
334 2506 479 2551 gelebt!
528 2506 563 2540 S.
588 2507 660 2551 Ep.
688 2507 752 2541 IV.
779 2509 820 2550 2,
863 2509 927 2541 sub
963 2510 1027 2542 fin.
1064 2508 1156 2541 Cod.
1192 2509 1305 2542 Oxon.
1338 2508 1370 2541 2.
1412 2506 1468 2539 ed.
1503 2509 1588 2539 Asc.

104 2554 163 2604 Cr.
189 2554 311 2596 geben
340 2554 532 2598 Gymnasio
560 2556 748 2598 reperire,
785 2556 868 2589 weil
895 2557 948 2590 im
975 2556 1067 2593 Cod.
1095 2557 1197 2590 Med.
1227 2554 1419 2600 Gymnasio
1446 2554 1590 2597 derepe-

103 2610 191 2640 νινε,
218 2602 296 2633 also
323 2601 389 2634 das
406 2603 561 2636 Griecb.
588 2604 653 2639 lat.
679 2605 944 2638 verschrieben
971 2605 1229 2638 steht.—Ioct'
1254 2604 1341 2637 eins.
1391 2598 1493 2637 Uber
1520 2603 1590 2634 den

104 2649 197 2681 Gen.
218 2649 284 2682 der
304 2650 565 2691 Passlichkeit‚
589 2663 614 2684 s.
635 2652 789 2686 Ramsh.
809 2653 836 2695 ἑ.
856 2655 923 2689 108
943 2653 965 2688 3
982 2656 1069 2688 Not.
1087 2656 1119 2689 2.
1138 2671 1184 2676 —
1204 2663 1246 2685 ue
1259 2651 1593 2696 praeterm.,omit-

105 2704 178 2734 tas,
205 2697 257 2729 sie
283 2697 389 2731 nicht
415 2711 458 2732 zu
486 2703 704 2733 vers-*jumen
721 2726 731 2743 ‚
757 2701 893 2734 fabren
922 2713 964 2735 zu
991 2703 1123 2735 lassen.
1175 2701 1307 2745 Vergl.
1335 2700 1405 2733 den
1436 2700 1594 2743 vorigen

105 2745 210 2778 Brief
234 2748 260 2790 ξ.
289 2748 319 2780 7.
350 2766 396 2772 ·-—
425 2748 649 2790 Tusculano,
683 2750 753 2782 wie
790 2750 890 2783 seine
922 2751 1023 2784 Villa
1057 2751 1119 2784 bei
1146 2750 1353 2784 Tusculum
1397 2747 1600 2790 (Frascati)
