1742 3006
579 62 897 107 EPISTOLA
929 62 1077 105 XXX.
1489 58 1575 106 137

96 191 150 219 ac
189 177 326 232 Mysii
366 177 442 218 aut
479 172 683 230 Phrygis
721 174 869 228 potius
909 174 1101 229 querelis
1132 171 1302 215 moveri
1346 175 1472 227 putas
1502 176 1577 214 aut

97 234 326 281 Tuscenii‚
355 230 544 274 hominis
574 231 734 273 furiosi
763 243 817 272 ac
844 230 1032 282 sordidi,
1061 229 1257 281 vocibus,
1287 229 1411 269 cuius
1434 232 1481 269 tu
1516 242 1576 269 ex

98 289 405 344 impurissimis
433 287 634 330 faucibus
663 286 1066 328 inhonestissimam
1089 285 1374 340 cupiditatem
1409 284 1575 340 eripui-

98 346 156 387 sti
185 358 352 387 summa
379 357 480 385 cum
509 343 743 398 aequitate.

208 401 314 442 VII.
372 400 498 440 Haec
528 405 573 442 et
602 403 752 440 cetera
780 399 906 454 plena
935 396 1202 449 severitatis,
1231 411 1344 452 quae
1372 396 1570 439 statuisti
1587 402 1643 442 20

98 457 145 497 in
183 456 267 499 ista
293 456 548 510 provincia,
595 469 683 496 non
721 454 854 496 facile
882 455 976 496 sine
1002 466 1172 495 summa
1198 453 1452 507 integritate
1479 466 1577 495 sus-

98 514 359 562 tineremus;
408 525 544 566 quare
590 512 649 552 sit
687 523 857 552 summa
906 511 953 551 in
996 511 1094 551 iure
1125 508 1317 549 dicundo
1346 508 1576 559 severitas,

100 567 336 609 dummodo
366 581 417 608 ea
445 581 499 609 ne
529 568 727 608 varietur
756 565 915 622 gratia,
946 566 1025 608 sed
1055 568 1345 607 conservetur
1373 565 1577 619 aequabi-

97 624 165 665 lis.
220 623 310 666 Sed
339 627 486 665 tamen
516 623 644 679 parvi
674 623 816 665 refert
847 623 923 664 abs
953 627 997 664 te
1026 621 1125 676 ipso
1154 620 1223 662 ius
1255 620 1348 661 dici
1366 621 1576 676 aequabi-

97 680 203 721 liter
239 683 284 721 et
324 679 585 734 diligenter,
638 679 724 720 nisi
764 680 881 720 idem
912 679 965 719 ab
993 678 1050 719 iis
1079 677 1182 726 fiet‚
1223 677 1379 732 quibus
1409 680 1456 718 tu
1484 676 1579 718 eius

98 736 288 776 muneris
326 736 518 791 aliquam
556 739 731 790 partem
768 735 1058 777 concesseris.
1144 733 1211 775 Ac
1248 732 1359 773 mihi
1398 732 1578 788 quidem

99 792 273 833 videtur
309 805 396 833 non
435 805 540 833 sane
569 804 729 846 magna
758 793 950 833 varietas
990 803 1086 831 esse
1114 789 1393 843 negotiorum
1423 790 1468 829 in
1496 788 1576 829 ad-

97 848 387 889 ministranda
427 848 556 900 Asia,
595 848 672 888 sed
711 860 762 889 ea
798 851 893 889 tota
921 846 1229 887 iurisdictione
1259 844 1455 886 maxime
1484 858 1577 886 sus-

98 904 243 945 tineri.
312 902 367 944 In
408 917 494 959 qua
522 903 733 945 scientiae
762 903 1022 958 praesertim
1052 900 1338 956 provincialis
1366 901 1483 941 ratio
1512 901 1579 955 ip-

97 973 146 1001 sa
185 959 394 1014 expedita
438 965 524 1002 est:
582 961 829 1001 constantia
869 963 937 1001 est
974 956 1225 999 adhibenda
1276 960 1320 998 et
1367 956 1578 1011 gravitas,

95 1028 206 1070 quae
244 1016 426 1057 resistat
458 1029 544 1057 non
574 1017 715 1057 solum
744 1016 933 1069 gratiae,
965 1027 1118 1057 verum
1148 1013 1283 1054 etiam
1314 1012 1576 1066 suspicioni.

95 1071 388 1126 Adiungenda
417 1073 550 1113 etiam
580 1076 647 1113 est
675 1071 870 1114 facilitas
900 1073 945 1112 in
975 1069 1210 1121 audiendo,
1241 1068 1402 1109 lenitas
1430 1069 1476 1109 in
1501 1067 1644 1115 de-21

94 1128 343 1180 cernendo,
388 1127 435 1168 in
465 1127 784 1169 satisfaciendo
825 1141 879 1169 ac
909 1126 1175 1181 disputando
1202 1124 1450 1178 diligentia.
1492 1124 1580 1164 His

92 1184 223 1225 rebus
252 1197 393 1239 nuper
422 1184 472 1226 C.
504 1183 721 1226 Octavius
750 1184 1094 1225 iucundissimus
1135 1181 1246 1231 suit;
1294 1181 1412 1237 apud
1452 1193 1580 1236 quem

94 1306 124 1347 ᾗ.
151 1303 241 1345 324,
269 1304 426 1340 Ramsh.
454 1305 487 1350 §.
518 1307 603 1348 171,
630 1307 688 1347 ΙΙ,
715 1306 764 1348 A,
793 1306 827 1341 2.
879 1305 1017 1340 Cicero
1054 1304 1202 1338 freuete
1240 1301 1347 1342 sich,
1383 1300 1466 1335 dass
1499 1300 1579 1334 sein

92 1352 236 1385 Bruder
263 1354 361 1386 ohne
393 1354 736 1387 Menschenfurcht
771 1354 830 1387 die
858 1352 1145 1397 Gerechtigkeit
1176 1350 1405 1384 verwaltete.
1463 1349 1582 1383 Paco-

95 1400 182 1433 nius
209 1401 284 1434 und
311 1402 515 1435 Tuscenius
541 1402 625 1435 sind
651 1403 745 1437 eben
770 1414 810 1436 so
836 1402 1069 1442 unbekannt,
1108 1401 1162 1433 als
1187 1399 1272 1432 ihre
1299 1397 1580 1443 Vergeliungen.

95 1447 157 1481 Sie
183 1452 332 1483 miissen
359 1451 443 1484 sich
469 1451 639 1484 nachher
674 1451 736 1484 bei
761 1452 817 1485 M.
845 1451 979 1485 Cicero
1015 1450 1052 1482 in
1078 1449 1175 1483 Rom
1201 1448 1298 1480 iiber
1325 1446 1480 1489 Quintus
1516 1447 1579 1479 be-

95 1496 199 1541 klagt
225 1496 361 1531 haben.
411 1517 456 1522 —-
482 1509 536 1533 ae.
585 1498 648 1532 Sic
673 1499 753 1535 Md.
782 1499 901 1534 Oxon.
927 1500 971 1532 U.
1001 1499 1102 1532 Crat.
1130 1496 1229 1529 Vict.
1258 1497 1297 1536 1,
1333 1497 1374 1536 2,
1406 1496 1511 1530 Man.
1540 1499 1580 1528 at

97 1546 218 1581 Oxon.
245 1544 284 1587 Q.
311 1548 460 1580 Ernest.
487 1547 642 1581 Schiitz.
674 1548 740 1580 sed
763 1547 896 1580 Lamb.
923 1566 967 1572 —
1000 1545 1123 1580 inhon.
1155 1543 1294 1588 cupid„
1326 1543 1398 1577 den
1433 1543 1582 1588 Gegen-

93 1593 201 1626 stand
225 1594 348 1627 seiner
372 1593 682 1628 schiindlichsten
709 1594 905 1639 Begierde.

190 1642 276 1676 VII.
302 1644 360 1679 20.
386 1643 609 1685 integritas,
634 1641 1034 1683 Rechtschaffenheit,
1062 1638 1394 1682 Unstr'aflichkeit;
1421 1640 1490 1674 wie
1515 1642 1581 1674 In-

96 1696 199 1734 teger
236 1691 336 1724 vitae
374 1691 602 1737 scelerisque
647 1703 761 1736 purus
808 1692 869 1724 bei
909 1693 1044 1726 Horat.
1081 1692 1207 1723 Carm.
1255 1694 1300 1732 l,
1338 1691 1404 1729 22,
1449 1690 1481 1722 1.
1534 1708 1579 1714 —

95 1738 365 1778 sustineremus,
397 1741 454 1774 Iu.
481 1739 584 1776 Crat.
611 1741 743 1774 Lamb.
768 1739 1030 1773 sustinebimus.
1081 1738 1167 1772 Fuit
1192 1740 1338 1782 potius:
1369 1737 1582 1771 sustinueri-

96 1797 184 1820 mus.
215 1787 412 1821 ORELLI.
440 1807 484 1812 —
515 1789 682 1822 varietur
716 1786 870 1831 gratia,
908 1787 980 1821 mit
1015 1786 1149 1820 Gnade
1187 1786 1276 1823 oder
1311 1785 1584 1830 Begnadigung

100 1834 293 1878 wechselt3
321 1837 390 1869 wie
417 1836 476 1869 die
502 1836 641 1871 Winde
667 1837 872 1871 wechseln.
901 1855 943 1860 —
970 1835 1079 1879 parui
1103 1835 1233 1877 refert,
1260 1839 1335 1871 Das
1362 1833 1584 1878 verschle'gt,

100 1882 186 1916 hilft
213 1885 349 1929 wenig‚
377 1896 485 1918 wenn
511 1896 549 1919 ιι.
577 1896 606 1918 s.
635 1886 661 1918 f.
714 1884 751 1919 S.
781 1885 928 1919 Grotef.
957 1884 992 1928 δ.
1019 1884 1102 1926 240,
1129 1885 1169 1917 b.
1194 1884 1346 1919 Ramsh.
1374 1883 1410 1926 §.
1438 1883 1521 1921 114,
1547 1883 1584 1922 2,

101 1931 234 1975 Zumpt
259 1934 286 1976 ᾖ.
314 1934 396 1968 450.
424 1951 466 1958 -
493 1933 692 1977 aequomst„
718 1934 796 1967 Md.
826 1934 948 1967 Oxon.
976 1934 1010 1971 2.
1040 1934 1093 1965 Iu.
1120 1933 1222 1969 Vict.
1253 1937 1285 1973 l,
1310 1934 1346 1972 2,
1371 1930 1585 1974 aequaliter.

101 1997 143 2003 —
168 1980 212 2012 ab
239 1980 300 2016 iis.
333 1981 417 2015 Md.
455 1979 526 2018 his.
560 2000 604 2006 —
636 1982 812 2015 sustineri
843 1997 893 2014 Ξ
926 1979 1112 2015 contineri
1145 1980 1297 2024 iurisd„
1330 1980 1370 2012 in
1406 1978 1585 2011 Handha-

100 2027 199 2072 hung
226 2027 292 2062 der
318 2029 588 2074 burget-lichen
614 2029 882 2076 Rechtspflege
908 2029 1102 2064 bestehen.
1130 2049 1174 2054 -
1201 2028 1376 2063 scienciae
1401 2029 1583 2071 prae-sert.

100 2076 261 2119 provinc.
290 2078 409 2120 ratio,
437 2077 500 2110 das
527 2078 738 2112 Verfahren
765 2079 828 2112 des
853 2077 1194 2122 Rechtsgelehrten
1232 2080 1282 2112 ist
1307 2074 1511 2110 besonders
1548 2074 1586 2107 in

100 2123 166 2156 den
195 2124 414 2168 Provinzen,
448 2137 503 2159 wo
537 2138 578 2160 er
605 2138 641 2160 es
679 2139 748 2160 nur
773 2127 846 2160 mit
877 2127 1126 2169 Kausseuten‚
1162 2124 1476 2160 Geldverleihern
1510 2122 1586 2156 und

102 2172 290 2206 Griechen
317 2186 366 2208 zu
391 2174 485 2207 thun
511 2175 599 2216 hat,
635 2176 719 2209 sehr
752 2175 893 2218 leicht3
928 2176 1092 2221 dagcgen
1133 2187 1179 2209 zu
1205 2178 1303 2209 Rom
1329 2173 1403 2207 viel
1429 2171 1588 2205 schwie-

100 2220 218 2265 riget,
245 2222 363 2256 sehon
390 2222 588 2263 desshzstb,
627 2225 713 2257 weil
747 2224 808 2257 die
843 2224 1077 2258 streitenden
1112 2225 1286 2259 Parteien
1329 2222 1429 2255 &fter
1467 2221 1587 2255 Lente

101 2280 167 2302 von
194 2270 339 2303 Ansehn
369 2271 447 2304 und
473 2272 606 2305 Macht
632 2272 728 2307 sind.

195 2320 253 2353 21.
286 2319 324 2352 in
356 2320 597 2361 decernendo,
639 2321 692 2354 im
725 2321 1039 2366 Bescheidgeben.
1097 2321 1152 2356 Iu.
1192 2324 1293 2356 Crat.
1335 2315 1586 2353 discernendo·

104 2384 148 2390 —
169 2365 209 2398 in
232 2367 401 2410 satisfac.
435 2378 480 2401 uc
513 2368 666 2412 disput„
704 2368 1054 2404 Aufmerksamkeit
1087 2369 1224 2403 darauf
1255 2366 1469 2405 verwandt‚
1507 2364 1589 2396 dass

105 2423 147 2445 er
168 2414 246 2447 sein
276 2416 421 2450 Urtheil
449 2427 568 2461 gegen
596 2417 658 2450 die
683 2419 873 2452 Einreden
900 2419 964 2452 der
1001 2419 1229 2453 streitenden
1256 2416 1431 2452 Parteien
1469 2411 1587 2444 durch

105 2462 261 2495 Grande
291 2464 522 2509 vertheidige
561 2465 635 2498 und
668 2466 722 2499 sie
749 2466 919 2500 dadurch
946 2467 1161 2511 beruhige,
1198 2479 1242 2499 zu
1276 2464 1430 2499 Frieden
1465 2460 1586 2494 stelle.

105 2509 178 2542 Der
203 2512 422 2546 Statthalter
448 2525 545 2546 muss
583 2513 643 2546 die
672 2515 841 2548 Parteien
880 2522 991 2549 nnter
1026 2515 1110 2549 sich
1145 2515 1219 2550 und
1259 2514 1329 2548 mit
1362 2510 1441 2544 sich
1478 2509 1590 2542 selbst

106 2556 308 2601 dispntiren
334 2561 450 2594 lassen
476 2562 550 2595 und
576 2562 628 2595 sie
663 2564 864 2608 sorgfa'ltig
898 2564 1124 2609 beruhigen,
1177 2563 1248 2597 Ein
1283 2561 1465 2605 hysteron
1501 2568 1588 2603 pro-

106 2611 230 2646 teron,
273 2607 319 2640 da
352 2610 472 2642 durch
509 2610 573 2643 das
607 2610 800 2658 disputare
833 2613 899 2645 das
933 2613 1150 2646 satisfacere
1186 2610 1352 2643 bewirkt
1384 2606 1492 2642 wird.
1550 2605 1588 2637 S-

106 2654 255 2687 Ramsh-
282 2657 309 2698 §.
336 2657 423 2698 206,
449 2659 499 2697 Β,
527 2659 563 2694 3.
614 2660 798 2694 Ublicher
823 2664 922 2694 wiire
950 2661 1009 2694 bei
1037 2658 1354 2694 Geriehtssachen
1383 2654 1588 2698 allerdings

108 2702 353 2746 disceptando,
394 2717 466 2739 was
497 2707 643 2741 RIanut.
678 2714 768 2741 statt
801 2709 1018 2752 (lispulczmlo
1054 2710 1088 2741 in
1124 2707 1331 2753 Vorsclnlag
1370 2705 1506 2746 bringt.
1543 2720 1585 2725 —

108 2749 148 2783 C.
176 2751 362 2794 Octavius,
390 2753 455 2787 der
484 2756 593 2788 Vuter
620 2756 685 2788 des
713 2757 894 2801 Augustus
921 2757 1074 2791 machte
1111 2757 1194 2791 sich
1231 2753 1394 2789 dadmch
1431 2749 1586 2785 neulich
