1742 3006
183 59 268 107 114
454 61 516 103 M.
547 61 601 102 T.
633 55 976 101 CICERONIS
1007 55 1383 102 EPISTOLAE.

110 178 160 217 12
172 177 374 228 miseras,
403 171 702 225 discrepabat.
760 168 943 222 Paetus,
973 173 1019 211 ut
1047 171 1179 211 antea
1204 171 1261 212 ad
1285 174 1330 212 te
1361 170 1539 226 scripsi,
1568 185 1661 213 om-

171 246 250 274 nes
289 233 453 281 libros,
498 239 609 281 quos
647 224 790 267 frater
833 240 937 268 suus
980 226 1266 280 reliquisset,
1316 226 1432 267 mihi
1462 227 1661 269 donavit.

172 290 275 330 Hoc
319 287 446 327 illius
485 294 640 323 munus
681 282 728 322 in
773 286 851 323 tua
879 283 1122 337 diligentia
1150 284 1345 336 positum
1375 286 1456 326 est.
1515 283 1565 325 Si
1593 297 1662 324 me

174 357 320 395 amas,
351 353 485 391 cura,
514 341 564 378 ut
593 342 916 387 conserventur
946 343 991 379 et
1020 337 1078 379 ad
1105 351 1176 378 me
1204 338 1501 393 perferantur.
1560 339 1663 379 Hoc

174 399 287 441 mihi
327 396 447 437 nihil
487 397 638 449 potest
678 406 775 435 esse
815 395 1017 449 gratius3
1062 396 1106 434 et
1135 408 1268 448 quum
1299 395 1525 447 Graecos,
1569 397 1664 435 tum

173 467 282 497 vero
323 452 568 505 diligenter
605 449 793 491 Latinos
834 454 882 490 ut
914 462 1150 492 conserves
1179 452 1330 492 velim.
1391 451 1538 492 Tuum
1568 463 1664 491 esse

174 511 263 551 hoc
285 506 593 549 munusculum
618 508 795 558 putabo.
858 506 930 547 Ad
956 504 1197 548 Octavium
1219 506 1325 547 dedi
1347 507 1535 556 literas;
1565 519 1665 547 cum

174 569 272 620 ipso
302 563 416 604 nihil
447 574 571 603 eram
609 561 799 602 locutus.
877 561 1035 615 Neque
1073 562 1190 602 enim
1231 562 1320 603 ista
1368 566 1446 604 tua
1484 562 1666 616 negotia

175 619 476 675 provincialia
504 629 601 658 esse
630 619 866 669 putabam
905 631 1048 672 neque
1077 622 1123 657 te
1154 617 1202 657 in
1231 619 1556 661 tocullionibus
1586 617 1665 658 ha-

173 677 342 718 bebam.
402 673 493 717 Sed
521 672 700 726 scripsi,
729 677 777 715 ut
806 672 954 724 debui,
985 673 1242 728 diligenter.

462 838 778 883 EPISTOLA
808 837 1017 880 XXVII.
1077 839 1192 891 (Att.
1225 839 1286 881 ΙΙ.
1319 839 1381 888 2.)

245 909 325 944 Ser.
352 908 395 944 A.
423 910 467 945 U.
495 911 536 944 C.
564 911 644 945 694.
672 909 782 943 initio
808 908 1008 942 Decembr.
1036 918 1082 941 ex
1104 909 1329 944 Tusculano.
1381 908 1429 950 (a.
1456 908 1497 944 C.
1521 910 1594 951 60.)

175 973 301 1006 Attico
329 970 369 1012 Q.
398 971 622 1005 Ciceronem
650 970 690 1013 Q.
715 972 755 1004 F.
783 975 1044 1013 aegrotantem
1070 970 1321 1004 commendat.
1350 973 1381 1005 1.
1431 970 1566 1005 Libros
1601 972 1666 1005 Di-

177 1018 354 1054 caearchi
387 1020 458 1052 sibi
492 1020 598 1053 valde
632 1020 783 1065 placere
821 1018 1022 1062 significat.
1051 1019 1085 1052 2.
1142 1019 1185 1052 C.
1213 1020 1416 1053 Antonium
1449 1020 1669 1065 repetunda--

295 1079 378 1101 rum
406 1078 512 1101 reum
538 1069 705 1102 nondum
733 1078 751 1099 e
777 1065 975 1113 provincia
1000 1066 1138 1100 redire.
1196 1066 1368 1101 Atticum
1393 1069 1550 1102 Romam

821 1114 964 1147 invitat.
993 1116 1027 1149 3.

679 1176 865 1212 CICERO
900 1174 1085 1210 ATTICO
1111 1175 1144 1209 S.

289 1227 424 1280 Cura,
454 1227 610 1268 amabo
641 1228 699 1277 te,
731 1225 999 1266 Ciceronem
1027 1227 1248 1265 nostrum:
1292 1225 1334 1265 ei
1364 1235 1445 1266 nos
1474 1227 1671 1267 συννοσεῖν

182 1367 389 1408 usurpatur.
445 1361 640 1396 ORELLI.
692 1362 785 1396 Man
811 1366 988 1396 erwartet
1013 1360 1096 1394 hier
1122 1359 1182 1392 ein
1208 1361 1341 1401 Wort,
1377 1371 1450 1394 was
1477 1360 1671 1394 Abreise

179 1410 370 1445 bedeutet.

277 1460 333 1494 12.
360 1461 466 1491 antea
492 1456 642 1501 scripsi.
693 1457 730 1494 S,
760 1457 866 1502 epist.
893 1456 1012 1500 XXV,
1039 1459 1074 1491 7.
1103 1455 1323 1501 reliquisset,
1350 1457 1501 1490 rnechte
1528 1457 1671 1490 hinter-

179 1509 302 1541 lassen
327 1505 462 1540 haben.
490 1524 534 1531 --
560 1506 758 1548 diligenter
786 1505 867 1539 Lat.
894 1505 988 1539 Edd.
1015 1505 1098 1538 Asc.
1127 1507 1158 1538 l.
1191 1507 1287 1538 Crat.
1315 1505 1444 1539 Lamb.
1471 1507 1579 1539 Bent.
1596 1505 1670 1538 La-

179 1556 273 1589 tinos
309 1555 521 1597 diligenter.
572 1572 617 1579 -—-
670 1553 860 1595 Octavius,
901 1554 953 1586 als
984 1553 1218 1597 Nachfolger
1251 1552 1314 1585 des
1340 1554 1540 1597 Antonius,
1579 1553 1672 1587 ietzt

178 1603 400 1638 statthalter
426 1603 688 1648 (propraetor)
712 1602 750 1634 in
776 1601 1055 1643 Macfflonien,
1097 1601 1285 1634 welchem
1311 1600 1486 1635 desshalb
1511 1602 1673 1643 Attikus,

181 1653 248 1685 der
281 1651 444 1684 daselbst
470 1651 676 1684 Geschiifte
703 1649 828 1691 hatte,
868 1660 940 1682 von
975 1650 1109 1682 Cicero
1142 1649 1361 1694 empfohlen
1395 1662 1481 1683 war.
1540 1650 1674 1682 Dieser

182 1699 359 1734 Octavius
384 1698 433 1731 ist
457 1698 638 1738 derselbe,
665 1697 734 1730 den
761 1697 894 1732 Cicero
920 1698 1058 1730 seinem
1085 1698 1230 1730 Bruder
1248 1697 1419 1741 Quintus,
1446 1699 1529 1731 dem
1556 1698 1673 1731 Statt-

182 1747 305 1783 halter-
336 1747 376 1781 in
411 1745 546 1789 Asien‚
587 1746 624 1779 in
649 1745 769 1791 Epist.
798 1745 845 1778 ad
872 1747 917 1791 Q.
944 1747 1065 1779 Fratr.
1096 1745 1132 1783 1,
1167 1747 1199 1781 2.
1238 1747 1291 1778 als
1316 1747 1462 1780 Muster
1486 1747 1671 1781 vorstellt.

181 1797 235 1831 Er
262 1806 336 1829 war
362 1795 427 1828 der
453 1796 568 1828 Vater
590 1794 652 1828 des
678 1793 969 1840 nachmahligen
997 1796 1107 1827 cesar
1134 1794 1357 1828 Octavianus
1383 1796 1583 1840 Augustus
1635 1795 1672 1828 S.

182 1846 337 1879 Sueten.
363 1843 403 1876 in
429 1843 495 1877 vit.
523 1843 612 1888 Aug.
641 1859 685 1868 ο-
711 1842 792 1875 dedi
817 1842 950 1875 literas
976 1842 1323 1877 commendaticias,
1350 1861 1397 1867 -
1437 1854 1537 1876 eram
1572 1843 1672 1877 locu-

184 1897 263 1935 tus,
316 1891 412 1924 denn
445 1891 517 1924 mit
548 1891 631 1925 ihm
655 1891 758 1924 hatte
784 1890 847 1923 ich
874 1901 940 1923 vor
965 1891 1089 1923 seiner
1115 1891 1270 1923 Abreise
1295 1890 1393 1923 nach
1418 1891 1672 1925 Macedonien

184 1941 296 1974 nicht
321 1939 581 1985 gesprochen,
630 1939 715 1973 weil
749 1939 815 1971 ich
842 1938 949 1972 nicht
976 1939 1149 1982 glaubte.
1196 1938 1277 1971 dass
1308 1940 1370 1972 Du
1403 1939 1498 1973 auch
1531 1940 1571 1972 in
1601 1941 1674 1972 den

185 1989 397 2023 Provinzen
430 1987 636 2022 Geschzifte
670 1986 826 2021 hattest.
853 2006 897 2012 --
940 1986 976 2019 in
1001 1985 1253 2019 tocullionibus
1284 1987 1311 2023 i.
1341 1999 1371 2020 e.
1399 1988 1674 2021 feneratoribus

185 2036 267 2070 hab.
304 2037 380 2070 und
405 2035 472 2070 ich
498 2036 674 2069 rechnete
707 2035 807 2068 Dich
839 2035 946 2068 nicht
973 2041 1086 2068 unter
1113 2034 1174 2067 die
1202 2036 1470 2079 Zinsnehmer,
1509 2037 1674 2070 Plusma-

187 2085 290 2121 cher,
364 2084 510 2118 Attikus
558 2084 660 2117 hatte
707 2083 746 2116 in
787 2083 1039 2116 Macedonien
1083 2083 1364 2117 betriichtliche
1406 2084 1585 2118 Sunimen
1626 2097 1673 2117 an

187 2132 386 2166 schlechte
412 2132 594 2166 Bezuhler
618 2131 871 2176 ausgeliehen,
897 2131 955 2164 die
987 2141 1026 2163 er
1053 2131 1192 2164 wieder
1217 2132 1407 2165 einzielien
1434 2133 1577 2175 wollte;
1611 2133 1674 2166 da—

185 2181 254 2214 her
280 2181 386 2214 hatte
412 2192 452 2214 er
478 2181 559 2214 sich
585 2179 671 2213 dem
698 2181 903 2223 Propriitor
930 2179 1109 2212 Octavius
1135 2179 1255 2212 durch
1277 2180 1409 2214 Cicero
1436 2181 1570 2214 wollen
1598 2193 1674 2214 em-

185 2228 344 2274 pfehlen
370 2229 502 2272 lassen,
530 2229 596 2262 der
624 2228 707 2261 hier
732 2239 819 2261 zum
845 2227 982 2260 Scherz
1009 2239 1071 2260 aus
1097 2227 1181 2260 dem
1209 2228 1366 2262 Griech.
1401 2225 1515 2270 τόκος,
1552 2241 1672 2272 usura,

187 2277 287 2317 Zins,
312 2276 376 2310 das
401 2277 582 2310 Diminu't.
605 2272 813 2317 τοκύλλιον,
850 2275 1057 2317 zinschen,
1086 2276 1162 2308 und
1191 2275 1320 2309 daraus
1347 2277 1409 2309 das
1435 2278 1675 2311 Lateinische

187 2325 338 2359 tocullio
364 2325 504 2359 macht.
533 2343 576 2349 -
603 2324 816 2366 diligenter,
843 2322 1165 2359 nachdriicklich.

288 2395 319 2427 l.
345 2391 574 2434 Ciceronem,
614 2391 653 2434 Q.
683 2391 876 2426 Ciceronis
902 2391 1025 2425 filium
1059 2391 1137 2424 scil.
1164 2398 1434 2436 aegrotantem.
1508 2393 1559 2426 Er
1595 2405 1675 2427 war

190 2441 254 2474 ihr
279 2440 564 2485 beiderseitiger
597 2440 719 2474 Neffe.
769 2439 907 2474 Schiitz
934 2440 1172 2482 vermuthet‚
1201 2441 1283 2474 class
1309 2440 1429 2473 dieser
1455 2441 1555 2474 heim
1581 2442 1675 2475 Atii-

190 2490 257 2522 kus
281 2489 347 2522 auf
372 2489 457 2522 dem
483 2487 826 2522 Nomentanischen
854 2487 1047 2533 Landgute
1074 2488 1155 2521 sich
1181 2489 1423 2533 aufgehalten
1449 2489 1566 2531 habe,
1601 2502 1675 2523 wo-

195 2536 259 2570 hin
291 2537 423 2570 letzter
456 2538 494 2570 in
524 2536 666 2570 diesem
697 2535 879 2570 Monathe
911 2547 981 2569 von
1008 2536 1141 2581 Epirus
1173 2537 1394 2582 gekommen
1427 2537 1491 2571 sei.
1566 2538 1676 2570 Denn

194 2591 296 2617 sonst
327 2585 432 2619 hiitte
464 2585 599 2621 Cicero
634 2584 745 2617 nicht
778 2590 957 2616 erwarten
992 2584 1156 2625 konnen,
1191 2584 1273 2617 dass
1299 2584 1420 2619 dieser
1445 2585 1550 2619 Brief
1574 2585 1678 2619 noch

187 2633 224 2665 in
251 2631 391 2667 diesem
417 2632 601 2668 Monathe
625 2643 707 2666 zum
733 2630 882 2664 Attikus
908 2632 1082 2676 gelange.
1110 2651 1152 2657 -
1182 2633 1216 2665 ei
1239 2643 1302 2666 nos
1328 2633 1568 2668 συννοσεῖν
1595 2633 1676 2672 vid„

186 2678 253 2713 ich
278 2681 411 2726 glaube
436 2682 539 2717 mich
566 2681 636 2714 mit
661 2679 743 2714 ihm
770 2679 889 2713 krank
916 2691 960 2713 zu
986 2680 1131 2714 fiililen.
1173 2680 1234 2714 Sic
1261 2680 1413 2715 Seliiitz.
1442 2682 1612 2728 proxime
1629 2683 1678 2714 ad

189 2729 332 2763 Mureti
358 2731 633 2764 coniecturam.
685 2728 800 2773 Vulgo
828 2728 859 2760 ei
885 2738 950 2761 nos
977 2727 1105 2762 θεῖοι
1134 2739 1162 2761 υ.
1191 2729 1212 2762 i.
1242 2740 1273 2764 e.
1299 2730 1438 2774 patrui,
1465 2727 1677 2772 severiores,
