1742 3006
162 75 255 124 142
437 74 501 116 Μ.
533 73 591 115 T.
623 68 975 116 CICERONIS
1006 70 1379 116 EPISTOLAE.

88 191 144 235 27
156 192 264 233 rent
304 189 365 241 ii,
423 186 584 242 quibus
623 198 708 226 nec
736 183 982 226 deberetur
1021 198 1106 227 nec
1133 186 1309 227 liceret.
1369 185 1659 242 Quapropter

155 245 369 289 incumbe
411 246 510 284 toto
549 241 698 284 animo
745 245 792 283 et
838 241 992 283 studio
1032 243 1154 283 omni
1192 242 1240 283 in
1279 254 1377 283 eam
1417 242 1657 296 rationem,

156 315 249 359 qua
287 299 439 342 adhuc
478 311 584 339 usus
614 310 687 352 es,
717 301 767 339 ut
793 310 902 350 «eos,
933 310 1045 351 quos
1073 301 1178 340 tuae
1207 297 1319 338 fidei
1349 298 1655 353 potestatique

157 361 344 401 senatus
376 353 660 410 populusque
689 353 924 396 Romanus
954 355 1184 395 commisit
1214 358 1260 394 et
1289 353 1515 405 credidit,
1546 354 1654 395 dili-

157 427 237 470 gas
277 415 324 453 et
363 410 486 452 omni
524 411 701 452 ratione
739 413 924 460 tueare,
970 413 1022 450 ut
1060 423 1158 452 esse
1199 423 1332 465 quam
1369 410 1655 452 beatissimos

156 469 288 512 velis.
376 466 555 517 Quodsi
607 469 654 508 te
693 479 791 508 sors
834 463 963 506 Afris
1003 469 1081 507 aut
1118 466 1338 520 Hispanis
1377 469 1456 507 aut
1503 466 1655 507 Gallis
1709 507 1713 520 Ἰ,

156 523 470 580 praefecisset,
499 522 767 563 immanibus
796 533 854 562 ac
882 521 1086 562 barbaris
1108 522 1381 575 nationibus,
1409 526 1563 572 tamen
1584 535 1654 563 es·
1709 527 1712 540 ²

156 585 228 623 set
255 579 555 621 humanitatis
586 582 691 619 tuae
721 577 964 619 consulere
994 591 1145 618 eorum
1177 579 1425 619 commodis
1455 582 1502 619 et
1529 578 1656 618 utili-

156 637 245 679 tati
285 636 513 690 salutique
553 635 739 676 servire.
816 633 966 683 Quum
1005 647 1117 675 vero
1163 634 1207 674 ei
1237 635 1392 687 generi
1422 633 1656 675 hominum

158 692 438 748 praesimus,
489 703 578 731 non
615 690 750 732 modo
780 689 830 730 in
861 703 949 744 quo
979 689 1077 744 ipso
1107 689 1192 740 sit,
1233 689 1313 730 sed
1343 691 1480 731 etiam
1509 703 1537 731 a
1567 703 1655 745 quo

158 748 218 790 ad
247 747 365 789 alios
395 746 655 801 pervenisse
686 748 874 800 putetur
902 744 1177 798 humanitas,
1206 749 1331 786 certe
1361 746 1419 786 iis
1449 757 1547 786 eam
1576 759 1656 800 po-

92 804 387 848 28tissimum
426 802 628 843 tribuere
667 802 909 854 debemus,
954 814 981 842 a
1021 802 1181 856 quibus
1221 801 1492 855 accepimus.
1551 800 1657 842 Non

159 861 281 903 enim
309 872 380 900 me
410 857 500 899 hoc
529 859 620 899 iam
650 858 806 899 dicere
839 857 1050 912 pudebit,
1093 857 1361 911 praesertim
1399 857 1448 897 in
1478 869 1531 897 ea
1559 857 1658 899 vita

159 920 295 971 atque
334 916 382 956 in
423 915 483 955 iis
513 915 644 955 rebus
675 915 815 970 gestis
834 945 846 966 ⁷
885 914 933 953 in
963 913 1125 967 quibus
1155 927 1243 954 non
1272 916 1422 967 potest
1451 912 1654 955 residere

158 972 356 1013 inertiae
376 970 673 1012 autlevitatis
703 970 800 1011 ulla
833 969 1046 1023 suspicio,
1077 982 1158 1010 nos
1188 983 1255 1022 ea,
1285 983 1400 1023 quae
1423 970 1655 1010 consecuti

159 1041 336 1080 sumus,
381 1027 440 1067 iis
469 1026 634 1067 studiis
661 1030 709 1067 et
737 1026 913 1067 art-ibus
944 1038 1040 1066 esse
1071 1025 1283 1079 adeptos,
1313 1038 1427 1079 quae
1456 1026 1549 1066 sint
1577 1038 1656 1066 no-

159 1085 230 1127 bis
261 1083 483 1126 Graeciae
514 1082 816 1123 monumentis
849 1081 1197 1136 disciplinisque
1228 1081 1438 1122 traditae.
1498 1081 1653 1130 Quare

158 1143 344 1197 praeter
372 1151 652 1180 communem
674 1137 827 1190 fidem,
860 1150 974 1192 quae
1005 1138 1210 1178 omnibus
1223 1137 1426 1190 debetur,
1452 1142 1654 1192 praeter-

157 1210 213 1239 ea
250 1209 333 1237 nos
373 1195 451 1235 isti
482 1193 713 1234 hominum
753 1193 910 1247 generi
949 1194 1190 1248 praecipue
1237 1193 1401 1235 debere
1430 1193 1653 1246 videmur,

159 1257 224 1305 ut,
255 1264 445 1306 quorum
469 1251 726 1305 praeceptis
748 1263 900 1290 sumus
925 1249 1109 1302 eruditi,
1139 1250 1257 1304 apud
1277 1264 1354 1291 eos
1371 1250 1507 1304 ipsos,
1530 1249 1651 1304 quod

159 1309 214 1350 ab
244 1308 304 1348 iis
335 1306 647 1357 didicerimus,
676 1305 870 1347 velimus
900 1318 1182 1358 expromere.

93 1366 147 1409 29
271 1361 336 1405 Χ.
385 1362 535 1416 Atque
566 1362 645 1402 ille
681 1360 867 1415 quidem
896 1361 1106 1415 princeps
1136 1361 1311 1416 ingenii
1340 1364 1386 1402 et
1415 1359 1652 1402 doctrinae
1715 1399 1718 1410 ,

159 1420 299 1462 Plato
341 1420 437 1459 tum
476 1417 670 1472 denique
709 1416 808 1457 fore
842 1418 994 1457 beatas
1021 1431 1091 1458 res
1122 1417 1329 1472 publicas
1366 1417 1564 1471 putavit,
1611 1419 1652 1458 si
1714 1425 1718 1470 ξ

161 1479 240 1518 aut
282 1474 411 1516 docti
455 1486 509 1514 ac
554 1473 779 1528 sapientes
815 1470 1025 1514 homines
1066 1487 1142 1514 eas
1183 1487 1340 1528 regere
1380 1473 1651 1527 coepissent,

160 1536 240 1574 aut
268 1532 330 1584 ii,
362 1529 441 1585 qui
472 1533 706 1584 regerent,
735 1542 866 1570 omne
896 1542 1024 1569 suum
1054 1529 1252 1570 studium
1281 1530 1328 1569 in
1358 1529 1569 1571 doctrina
1597 1543 1650 1570 ac

159 1587 390 1642 sapientia
419 1586 734 1627 collocassent.
793 1584 926 1625 Hanc
945 1585 1307 1626 coniunctionem
1330 1584 1551 1626 videlicet
1571 1599 1650 1640 po-

159 1705 232 1727 was
259 1693 365 1726 desto
393 1692 482 1725 eher
508 1691 809 1725 verschmerzen.
845 1710 889 1715 —
922 1701 986 1724 nec
1011 1690 1200 1725 deberetur
1226 1702 1246 1723 a
1271 1691 1492 1735 provincia,
1530 1691 1650 1725 denen

164 1743 226 1776 die
252 1741 414 1775 Provinz
440 1739 578 1774 Nichts
604 1750 651 1772 zu
675 1739 793 1783 geben
821 1738 997 1783 schuldig
1024 1749 1111 1772 war.
1171 1739 1218 1771 Es
1244 1739 1395 1773 bezieht
1430 1739 1515 1773 sich
1539 1747 1650 1774 unter

158 1790 298 1824 andern
331 1790 399 1823 auf
430 1788 491 1821 die
525 1787 843 1822 unverschamten
875 1787 1033 1822 Aediles.
1069 1805 1111 1810 —-
1146 1797 1211 1819 vec
1251 1787 1380 1821 deberi
1417 1789 1477 1822 vel
1513 1800 1648 1835 capere

156 1838 338 1885 pecunias
363 1837 504 1870 liceret.

257 1888 316 1922 27.
353 1885 534 1919 rationem
578 1897 625 1914 =
667 1883 802 1928 agendi
840 1884 959 1926 viam,
1004 1882 1333 1928 Verfahrungsart.
1392 1904 1438 1910 —
1488 1890 1527 1919 ut
1559 1896 1647 1921 esse.

158 1934 326 1969 Faeciol.
367 1933 467 1970 coni.
506 1936 541 1966 et
576 1932 672 1965 omni
707 1943 739 1966 r.
778 1935 821 1974 t.,
857 1936 892 1965 et
925 1942 1009 1966 esse.
1036 1931 1175 1965 Schiitz
1208 1936 1245 1965 ut
1278 1942 1310 1965 o.
1346 1943 1375 1965 r.
1411 1938 1456 1976 t.,
1489 1938 1528 1967 ut
1559 1945 1646 1968 esse.

158 1983 319 2017 Suaviot
343 1982 390 2015 fit
415 1980 606 2026 anaphora
631 1980 853 2025 particulam
879 1983 917 2013 ut
943 1980 1173 2025 repetend03
1206 1981 1261 2012 sic
1297 1981 1410 2026 paulo
1434 1988 1521 2027 post
1546 1982 1581 2026 ς’.
1608 1985 1645 2018 9.

160 2038 255 2065 extr.
282 2023 506 2066 SGHUTZ.
536 2047 578 2052 —
612 2028 649 2062 in
684 2039 750 2072 quo
785 2028 878 2071 ipso.
928 2028 990 2061 Sic
1026 2029 1072 2060 de
1103 2028 1228 2061 Reizii
1261 2030 1429 2063 Coniect.
1454 2030 1647 2065 Matthiae

158 2081 198 2113 in
212 2080 285 2115 Ed.
312 2090 385 2113 sec.
411 2078 482 2112 vid.
501 2077 694 2112 Ienaisehe
712 2077 991 2110 Literaturzeit.
1020 2077 1123 2117 1818,
1150 2078 1195 2110 Ν.
1218 2079 1263 2112 73
1289 2090 1326 2122 p.
1355 2080 1433 2113 123.
1451 2079 1529 2123 ipsa
1548 2080 1646 2115 Cett.

160 2128 237 2162 ΟΒ.
272 2127 396 2161 Auein
422 2127 501 2170 ipso
527 2126 668 2170 richtig
692 2137 825 2169 wegen
853 2125 915 2159 des
941 2126 1099 2169 Gegens.
1126 2135 1148 2157 a
1175 2136 1242 2168 9110
1269 2126 1318 2159 ad
1342 2127 1451 2164 alios.

258 2177 317 2212 28.
367 2176 407 2208 in
439 2175 497 2211 iis.
535 2174 645 2209 Μὰ..)
693 2175 839 2210 Manut.
877 2174 1009 2207 Lamb.
1045 2174 1143 2206 Vict.
1180 2176 1222 2215 2,
1249 2175 1358 2212 omis.
1385 2175 1424 2208 in
1458 2176 1555 2210 Cett.
1600 2197 1643 2202 —-

158 2225 318 2259 inertiae
343 2227 404 2257 aut
438 2223 619 2264 levitatis,
656 2221 740 2256 dass
777 2233 818 2255 er
854 2222 932 2255 also
966 2233 1028 2254 aus
1060 2222 1244 2266 Tragheit
1275 2223 1409 2256 keinen
1445 2224 1646 2257 Gebrauch

158 2284 235 2307 von
262 2273 388 2306 seinen
413 2272 664 2305 Kenntnissen
693 2271 784 2304 oder
805 2281 868 2304 aus
883 2270 1102 2304 Leichtsinn
1129 2271 1239 2303 einen
1254 2272 1495 2306 Missbrauch
1522 2273 1646 2307 davon

161 2320 341 2366 gemacht
366 2320 486 2352 hatte.
515 2339 558 2344 —
586 2319 644 2352 iis.
670 2320 732 2352 Sic
757 2320 863 2354 Man.
890 2319 1026 2352 Lamb.
1062 2319 1150 2353 Ern.
1176 2320 1264 2354 Sch.
1290 2319 1348 2352 lzz’s
1374 2321 1470 2355 Cett.
1497 2341 1540 2346 —
1568 2332 1646 2354 mo-

157 2380 250 2402 num.
283 2367 556 2411 disciplinisque
590 2368 771 2410 (radimo,
810 2367 931 2401 durch
965 2367 1026 2400 die
1059 2367 1201 2400 lVerke
1234 2367 1308 2401 und
1332 2367 1499 2401 Schulen
1527 2369 1645 2402 Grie-

159 2416 362 2450 chenlands
389 2414 623 2459 mitgetheilt
650 2415 744 2450 sind.
781 2415 843 2450 Sic
870 2416 925 2449 Iu.
956 2418 1054 2452 Crat,
1083 2417 1184 2448 Man.
1214 2417 1314 2449 vict.
1341 2418 1373 2451 2.
1400 2417 1542 2450 tradita
1561 2418 1643 2451 Md.

160 2465 261 2499 vict.
290 2468 321 2500 1.
340 2466 427 2498 Ern.
454 2463 610 2497 Schiitz.
637 2465 796 2498 Liinem.
826 2483 867 2488 —
894 2469 1089 2507 praeterea
1121 2475 1185 2497 nos
1210 2465 1282 2498 isti.
1304 2464 1455 2499 Schmz.
1483 2465 1644 2507 debetur,

159 2513 225 2546 lanc
250 2525 316 2546 7108
355 2512 432 2546 isti.
483 2513 606 2545 Recte
639 2512 773 2544 reiecit
799 2513 941 2545 Bentiv.
995 2512 1194 2547 ORELLI.
1246 2532 1290 2537 —
1341 2512 1470 2546 Sumus
1496 2514 1642 2547 eruditi.

158 2564 254 2596 lens.
284 2563 383 2597 Crat.
410 2561 512 2594 Man.
540 2561 671 2593 hamb.
702 2560 834 2602 sitlans,
870 2572 946 2593 was
973 2561 1126 2594 Ernesti
1160 2561 1357 2601 anfnahm,
1394 2562 1477 2594 weil
1510 2573 1547 2594 es
1572 2573 1642 2595 von

158 2610 310 2643 velimus
351 2608 526 2653 abhinge.
585 2608 726 2641 Sch'utz
762 2608 829 2641 hat
868 2609 989 2641 sehon
1031 2609 1166 2642 darauf
1195 2610 1397 2654 gewiescn,
1429 2610 1512 2642 dass
1547 2609 1643 2643 diess

158 2670 227 2703 gar
253 2656 361 2690 nicht
388 2657 454 2690 der
481 2657 558 2691 Fan
585 2656 645 2689 ist.
672 2675 719 2681 —·
745 2656 789 2688 ab
816 2655 873 2689 iix.
901 2657 1005 2690 Med.
1034 2658 1078 2690 ab
1107 2657 1171 2690 lais.
1207 2677 1249 2682 —
1276 2658 1390 2692 resim.
1419 2668 1641 2702 erpromere,

162 2707 319 2739 Lambin
348 2717 445 2747 orpr.
472 2706 620 2737 rrlimus
646 2720 694 2736 z:
721 2716 768 2736 an
797 2704 869 2737 den
896 2706 974 2749 Tag
1001 2707 1105 2750 legen
1133 2706 1276 2739 wollen.

258 2753 297 2784 X.
327 2754 385 2790 ¹29,
415 2754 667 2787 collocassent.
716 2753 867 2786 Ernesti
895 2754 1139 2798 collocarent,
1173 2755 1256 2788 weil
1285 2761 1386 2789 §onst
1413 2755 1533 2788 dieser
1560 2756 1642 2788 Satz
