1742 3006
15 2928 29 3006 mm
17 2806 35 2923 :’÷·ss*-
31 2759 33 2777 μ

73 317 193 359 Cura
223 320 272 358 ut
301 317 463 359 valeas.

17 389 21 403 .

356 94 676 138 EPISTOLA
706 94 958 138 CXXXV.
990 90 1266 139 CXXXVI.
1458 95 1549 142 431

184 203 274 257 Qm·
305 205 406 259 ipse
435 204 527 248 sibi
555 206 750 260 sapiens
777 206 1011 260 prodesse
1039 220 1137 305 ⁹²⁰3}
1168 207 1291 263 quil,
1346 207 1552 259 nequid-

847 275 982 316 quam
1012 276 1113 317 sapz
1138 295 1148 305 .

264 498 581 543 EPISTOLA
611 499 884 542 CXXXVI.
944 500 1020 550 (ad
1044 500 1149 543 Div.
1183 502 1290 544 VII.
1313 504 1372 550 7.)

249 578 328 611 Ser.
355 577 498 610 Romae
524 587 649 609 mense
676 576 795 621 Aprili
823 576 867 614 Α.
895 576 937 610 U.
967 575 1008 610 c.
1037 578 1117 611 700.
1167 577 1213 617 (a.
1246 580 1284 611 c.
1311 580 1388 620 54.)

18 646 21 687 s
72 643 242 678 Studium
278 655 387 676 suum
422 644 461 676 iu
493 643 794 677 commendando
821 643 1005 676 Trebatio
1032 644 1224 688 significat
1249 652 1473 691 monetque,
1515 652 1555 679 ut

284 693 366 737 ipse
392 704 429 725 se
456 692 492 725 in
520 692 818 725 familiaritatem
845 691 1015 725 Caesaris
1042 692 1221 726 insinuet.
1251 696 1338 729 1-2.

568 779 752 813 CICERO
778 780 1042 814 TREBATIO.

183 847 283 901 Ego
314 849 357 886 te
388 847 698 888 commendare
719 861 805 888 non
831 848 1025 890 desisto:
1058 849 1153 901 sed,
1179 850 1289 904 quid
1306 849 1557 903 proficiam,

20 935 23 952 ς
77 917 136 945 ex
167 908 211 944 te
241 901 358 943 scire
389 903 534 955 cupio.
593 903 728 956 Spem
757 903 1001 944 maximam
1031 904 1174 946 habeo
1205 906 1252 945 in
1281 904 1449 946 Balbo:
1500 907 1559 947 ad

21 995 23 1000 .
78 974 210 1016 quem
248 958 303 998 de
344 962 388 997 te
428 958 777 1011 diligentissime
817 962 863 998 et
902 960 1164 1013 saepissime
1204 961 1365 1001 scribo.
1434 961 1557 1001 Illud

20 1010 23 1061 ᾖ
78 1017 202 1058 soleo
231 1014 403 1065 mirari,
432 1027 521 1055 non
550 1027 620 1054 me
650 1014 785 1054 toties
816 1015 1024 1069 accipere
1053 1019 1152 1056 tuas
1181 1016 1353 1068 literas,
1385 1019 1560 1070 quoties

20 1113 23 1117 ,
79 1087 106 1115 a
136 1071 306 1121 Quinto
336 1069 447 1109 mihi
476 1068 618 1110 fratre
648 1070 908 1111 afferantur.
965 1071 1018 1111 In
1048 1070 1288 1112 Britannia
1315 1071 1433 1112 nihil
1466 1087 1561 1114 esse

20 1120 23 1162 ἶ
79 1128 214 1169 audio
244 1138 385 1178 neque
415 1126 513 1165 auri
542 1139 684 1179 neque
713 1126 903 1179 argenti.
974 1126 1032 1166 Id
1060 1127 1100 1167 si
1130 1128 1196 1168 ita
1224 1132 1317 1180 est,
1359 1129 1563 1169 essedum

20 1196 22 1233 ξ
80 1181 265 1238 aliquod
295 1181 446 1235 capias
475 1181 640 1221 suadeo
679 1184 724 1221 et
761 1181 818 1221 ad
847 1195 927 1222 nos
958 1194 1090 1236 quam
1120 1184 1314 1237 primum
1343 1197 1562 1226 recurras.

20 1238 24 1286 ’,
81 1241 163 1282 Sin
200 1240 347 1279 autem
377 1237 473 1277 sine
502 1236 741 1277 Britannia
770 1241 916 1277 tamen
948 1239 1153 1292 assequi,
1193 1239 1313 1292 quod
1341 1240 1563 1293 volumus,

21 1295 24 1330 ἐ
80 1306 335 1351 possumus3
366 1291 557 1346 perfice,
587 1296 637 1332 ut
665 1293 728 1332 sis
758 1292 803 1332 in
834 1292 1135 1334 familiaribus
1164 1294 1385 1335 Caesaris.
1443 1295 1564 1336 Mul-

22 1367 25 1398 2
83 1359 178 1392 tum
207 1355 250 1390 te
281 1349 327 1388 in
360 1362 413 1389 eo
443 1347 586 1388 frater
615 1347 846 1388 adiuvabit
874 1362 1012 1401 meus,
1041 1350 1230 1390 multum
1248 1349 1441 1392 Balbus:
1470 1352 1564 1404 sed,

22 1402 25 1452 J
83 1406 199 1448 mihi
229 1403 377 1457 crede,
408 1407 508 1444 tuus
538 1403 682 1458 pudor
710 1408 755 1444 et
784 1404 912 1445 labor
931 1405 1184 1459 plurimum.
1242 1407 1565 1461 Imperatorem

22 1455 25 1511 ζ
83 1460 451 1503 liberalissimum
469 1490 481 1511 ,
511 1462 704 1500 aetatem
737 1461 1184 1514 opportunissimam,
1214 1463 1565 1505 commendatio-

21 1514 25 1575 ᾗ
84 1532 184 1559 nem
214 1519 337 1556 certe
367 1515 662 1569 singularem!
721 1520 772 1556 ut
812 1517 895 1557 tibi
926 1530 1060 1558 unum
1090 1518 1336 1560 timendum
1365 1520 1450 1570 sit,
1510 1534 1564 1561 ne

23 1606 25 1609 .
84 1576 180 1630 ipse
210 1572 296 1613 tibi
325 1569 522 1611 defuisse
550 1571 748 1612 videare.

83 1694 116 1737 5,
146 1693 226 1735 187,
255 1693 286 1729 1,
312 1692 345 1725 2.
372 1707 415 1714 —-
465 1688 638 1722 Medeam
665 1715 672 1721 .
702 1718 709 1725 .
736 1700 865 1731 agere,
893 1690 955 1723 die
981 1691 1119 1726 Medea
1146 1703 1187 1725 zu
1216 1692 1371 1738 spielen.
1409 1711 1453 1718 —
1495 1695 1563 1730 Qui

82 1743 162 1785 ipse
189 1765 199 1777 .
227 1764 235 1771 .
263 1763 273 1776 ,
297 1738 406 1782 sapit,
433 1737 491 1770 ein
517 1737 718 1770 Trochaic.
746 1744 930 1783 septenar.

181 1812 211 1843 1.
244 1805 493 1841 commendare
523 1805 686 1839 Caesari.
719 1825 761 1831 —
802 1805 840 1839 in
867 1806 1009 1846 Balbo,
1050 1807 1219 1840 Caesaris
1248 1808 1441 1844 familiari.
1468 1829 1514 1835 ——
1542 1821 1564 1843 a

24 1864 27 1873 '
88 1856 234 1898 Quinto,
272 1855 338 1889 der
365 1854 503 1888 damals
528 1854 634 1887 einer
660 1853 725 1886 der
750 1855 913 1898 Legaten
940 1855 1005 1888 des
1032 1855 1162 1890 Casars
1188 1868 1267 1889 war
1294 1858 1366 1890 und
1393 1858 1472 1891 viel
1500 1859 1563 1892 bei

86 1906 167 1939 ihm
193 1904 282 1949 galt.
318 1904 372 1937 Er
391 1902 596 1946 begleitete
608 1902 676 1935 ihn
697 1913 809 1947 sog-ar
823 1902 917 1936 nach
934 1903 1153 1937 Britannien
1183 1905 1224 1946 (s.
1241 1917 1297 1950 ep.
1311 1906 1563 1950 CXXXVIII),

86 1954 260 1987 woriiber
288 1963 329 1985 er
355 1951 414 1984 ein
439 1951 543 1984 Buch
570 1962 614 1982 zu
639 1948 837 1983 schreiben
864 1950 1063 1995 gedachte.
1123 1951 1157 1986 S.
1187 1964 1242 1998 ep.
1271 1954 1430 1997 CXLIV,
1457 1955 1489 1989 4.
1518 1974 1564 1980 -

4 2000 29 2036 Δε
88 2002 251 2041 essedum,
276 1999 489 2033 vehiculum
516 1999 554 2030 in
582 1999 774 2031 Britannia
800 1998 987 2032 usitatum.
1050 2000 1187 2033 Cicero
1219 2001 1388 2045 glaubte‚
1422 2003 1564 2037 Treba-

87 2051 160 2084 tius
186 2050 240 2081 sei
266 2048 382 2081 sehon
409 2048 445 2080 in
470 2047 689 2080 Britannien
716 2047 809 2081 oder
833 2047 956 2080 werde
982 2048 1067 2081 hald
1093 2047 1208 2081 dahin
1235 2050 1372 2086 reisen,

184 2099 217 2132 2.
245 2097 283 2130 in
298 2096 512 2138 santiliar.‚
538 2095 812 2136 Hausfreunde‚
840 2095 877 2128 in
904 2096 969 2128 der
994 2097 1110 2140 Folge
1138 2098 1293 2130 comites
1318 2107 1492 2142 genannt.
1523 2119 1564 2124 —

86 2145 232 2191 plurim.
259 2143 465 2179 adiuvabit.
491 2163 535 2168 —
568 2143 818 2184 singularem!
857 2143 918 2177 Sic
954 2144 1060 2182 Md..
1097 2151 1140 2178 ut
1165 2146 1214 2177 sit
1240 2146 1474 2181 exclamatio.
1501 2147 1564 2181 Ῐια-

26 2205 29 2219 *
89 2196 148 2227 bes
173 2193 311 2226 addunt
336 2198 420 2238 post
445 2204 479 2224 v.
507 2191 798 2225 liberalissimum
841 2192 935 2225 vict.
969 2193 1099 2227 hamb.
1134 2193 1249 2236 Ern.;
1299 2202 1388 2239 post
1423 2208 1456 2229 v.
1472 2196 1565 2242 usin—

27 2275 29 2282 ,
85 2244 273 2285 gularem:
307 2243 407 2276 Crat.
434 2239 539 2273 vict.
567 2242 596 2273 l.
625 2240 760 2273 Graev.
788 2242 874 2273 Ern.
908 2241 1050 2276 Bened.
1086 2239 1173 2274 Sch.
1208 2243 1304 2275 Liin.
1338 2244 1412 2277 ΟΒ.
1463 2245 1566 2278 Uber

90 2291 161 2323 den
189 2291 356 2323 Accusat.
383 2287 615 2321 exclamandi
641 2300 667 2320 s.
694 2289 850 2321 Ramsh.
877 2291 904 2332 §.
934 2290 1015 2324 138.
1043 2289 1193 2323 Grotef.
1221 2290 1256 2334 §-
1284 2292 1363 2326 227.
1392 2310 1433 2315 -—
1471 2302 1563 2325 ne..

88 2338 162 2383 des.
194 2338 352 2380 rideare,
380 2337 460 2372 dass
486 2348 523 2369 es
549 2335 646 2370 bloss
673 2348 719 2369 an
748 2336 816 2370 Dir
842 2337 953 2370 selbst
979 2336 1126 2382 gefehlt
1152 2349 1195 2371 zu
1218 2339 1340 2372 haben
1367 2340 1531 2373 scheine.
