1742 3006
546 59 863 105 EPISTOLA
893 60 1090 104 CXXV.
1473 63 1564 110 401

90 189 223 231 porro
254 187 418 230 negare
447 186 494 215 se
524 172 716 224 audere,
744 185 878 227 quum
906 173 979 214 vir
1007 173 1207 222 abesset,
1238 196 1289 204 —
1340 177 1407 216 est
1445 176 1563 216 enim

89 231 318 287 profectus
340 232 386 271 in
401 228 667 281 Hispaniam
689 228 883 276 Dexius,
898 250 948 256 -
980 227 1064 267 illo
1094 232 1139 268 et
1163 229 1343 270 absente
1357 234 1402 271 et
1425 231 1563 271 insci-

90 292 192 329 ente
224 288 434 342 migrare.
490 284 577 324 Est
604 282 720 324 mihi
750 282 1052 338 gratissimum
1081 284 1195 323 tanti
1225 297 1251 325 a
1278 288 1323 326 te
1352 286 1562 327 aestima-

89 348 182 384 tam
222 339 589 383 consuetudinem
617 339 740 381 vitae
781 338 1015 391 victusque
1052 339 1219 379 nostri:
1258 340 1475 394 primum,
1514 346 1564 382 ut

54 447 63 455 q
91 412 190 441 eam
221 398 399 439 domum
429 407 647 446 sumeres,
676 398 727 435 ut
755 407 843 434 non
871 393 1004 434 modo
1034 406 1173 447 prope
1202 407 1295 447 me,
1325 395 1405 436 sed
1434 397 1564 450 plane

91 467 266 494 mecum
302 452 507 493 habitare
545 463 722 504 posses:
774 449 937 490 deinde
973 451 1023 488 ut
1052 449 1248 502 migrare
1278 455 1402 492 tanto
1433 465 1566 506 opere

91 508 293 550 festines.
377 506 467 547 Sed
496 519 550 546 ne
578 506 743 554 vivam,
774 505 813 545 si
843 505 927 546 tibi
956 504 1181 561 concedo,
1221 508 1270 544 ut
1298 507 1392 547 eius
1423 509 1489 548 rei
1519 512 1568 549 tu

91 564 300 618 cupidior
345 563 434 614 sis,
484 574 617 615 quam
654 573 735 615 ego
764 574 871 601 sum.
955 559 1114 613 Itaque
1154 560 1303 602 omnia
1343 564 1567 617 experiar.

88 618 240 660 Video
270 617 413 669 enim,
453 616 564 671 quid
592 629 691 657 mea
718 616 924 667 intersit,
985 615 1065 655 uid
1094 616 1325 670 utriusque
1353 618 1568 660 nostrum.

91 674 140 718 Si
169 673 279 729 quid
310 686 460 727 egero,
490 671 654 714 faciam
690 675 742 712 ut
770 672 900 712 scias.
1006 685 1034 711 u
1064 674 1110 712 et
1138 671 1197 712 ad
1227 672 1375 714 omnia
1405 676 1568 715 rescri-

90 731 167 770 bes
206 733 251 770 et
291 728 469 783 quando
510 732 552 768 te
584 731 856 782 exspectem,
887 725 1027 768 facies
1058 739 1151 778 me,
1191 728 1229 767 si
1259 728 1343 769 tibi
1374 729 1570 782 videtur,

91 785 344 826 certiorem.

331 997 647 1040 EPISTOLA
680 996 878 1040 cxxv.
950 998 1027 1049 (ad
1057 997 1163 1038 niv.
1195 997 1232 1037 1.
1264 996 1324 1045 e.)

409 1070 489 1105 Ser.
517 1072 658 1105 Romae
683 1069 726 1106 A.
754 1072 801 1106 U.
828 1072 869 1107 C.
897 1072 980 1107 699.
1032 1070 1081 1116 (a.
1110 1072 1148 1104 C.
1175 1071 1251 1113 55.)

95 1140 288 1173 Lentulum
315 1137 448 1172 scribit
473 1149 493 1171 e
517 1139 573 1173 M.
600 1138 810 1177 Plaetorio,
855 1138 899 1171 de
924 1138 1040 1172 rebus
1068 1149 1160 1183 quae
1185 1138 1232 1171 ad
1257 1137 1379 1182 ipsum
1406 1142 1575 1183 pertine-

94 1194 158 1221 ant
184 1187 273 1233 quid
299 1193 422 1220 actum
449 1187 518 1225 sit,
557 1191 748 1231 praeterea
777 1186 822 1219 de
848 1192 949 1220 statu
974 1197 1101 1219 rerum
1126 1185 1379 1219 communium
1407 1187 1578 1231 cognitu-

94 1247 192 1269 rum.
226 1236 315 1270 1-3.
367 1236 648 1268 commutatam
681 1245 756 1267 esse
781 1240 902 1267 totam
927 1235 1113 1279 rationem
1139 1240 1305 1273 senatus,
1340 1233 1577 1277 iudiciorum,

95 1284 152 1316 rei
176 1284 290 1316 totius
316 1283 510 1327 publicae;
546 1281 744 1326 ipsumque
770 1293 809 1314 se
835 1282 880 1315 ad
906 1283 1079 1326 Pompeii
1103 1282 1330 1315 voluntatem
1359 1283 1578 1316 conforma-

97 1342 153 1363 re.
181 1331 215 1365 4.
253 1341 363 1375 quem
389 1329 553 1363 Lentulo
581 1341 729 1373 quoque
755 1329 864 1362 valde
891 1330 1055 1362 amicum
1081 1340 1157 1363 esse
1183 1330 1409 1374 cognoverit.
1436 1332 1469 1365 5.
1504 1331 1577 1364 De-

99 1379 209 1423 nique
236 1389 349 1423 quum
374 1389 500 1410 rumor
529 1383 624 1409 esset
648 1377 845 1410 Lentulum
870 1388 929 1410 res
956 1378 1048 1410 bene
1073 1378 1252 1421 gessisse,
1302 1378 1423 1410 studia
1449 1389 1514 1411 sua
1540 1378 1577 1410 in

394 1424 605 1459 honoribus
631 1425 665 1457 ei
692 1425 938 1459 decernendis
962 1427 1162 1470 promittit.
1190 1427 1279 1460 6-7.

339 1514 393 1547 M.
429 1511 612 1545 CICERO
648 1512 683 1546 S.
717 1513 764 1546 D.
796 1512 834 1546 P.
868 1513 1109 1549 LENTULO
1135 1512 1339 1548 PROCOS.

210 1581 282 1621 De
313 1580 515 1620 omnibus
545 1580 689 1631 rebus,
720 1592 831 1633 quae
858 1580 914 1620 ad
945 1584 989 1620 te
1012 1582 1252 1634 pertinent,
1283 1580 1392 1634 quid
1416 1584 1579 1633 actum,

102 1635 211 1691 quid
241 1636 533 1676 constitutum
562 1634 645 1686 sit,
683 1635 794 1688 quid
824 1634 1069 1690 Pompeius
1099 1637 1371 1690 susceperit,
1413 1638 1581 1690 optime

103 1705 126 1731 e
155 1691 216 1732 Μ.
246 1691 482 1732 Plaetorio
513 1703 780 1744 cognosces:
829 1692 906 1746 qui
946 1705 1034 1732 non
1074 1692 1220 1732 solum
1260 1690 1470 1732 interfuit
1508 1691 1580 1732 his

104 1824 435 1857 seinerSchwester
446 1822 655 1857 ebennicht
668 1823 868 1856 besonders
883 1830 948 1868 gut
961 1825 1075 1858 stehe.
1094 1843 1132 1849 -
1151 1835 1228 1857 eam
1242 1848 1250 1857 .
1271 1850 1279 1858 .
1296 1825 1582 1866 neg.:dicere

104 1882 142 1904 se
168 1883 242 1905 non
271 1873 403 1910 audere
426 1873 539 1916 litingi:
564 1883 632 1904 von
651 1872 776 1904 Tullia
803 1872 944 1904 dicebat
968 1873 1030 1909 ab.
1056 1892 1100 1897 —
1129 1873 1280 1908 Dexius.
1305 1874 1405 1908 Crat.
1432 1872 1581 1906 Decius.

103 1920 234 1954 Lamh.
247 1919 429 1953 Decimus.
445 1940 487 1946 -—
504 1919 683 1962 migrare,
701 1920 955 1952 auszuziehen.
972 1939 1013 1944 —
1029 1924 1185 1953 consuet.
1197 1920 1398 1959 ritaesict„
1416 1920 1482 1953 der
1501 1925 1582 1966 taig-

104 1968 203 2000 liche
217 1969 391 2015 Umgang
408 1968 477 2000 mit
492 1966 574 2003 mir.
594 1986 638 1992 -—-
664 1979 798 2000 mecum
813 1966 980 2001 habitare
996 1969 1141 2001 bezieht
1157 1969 1238 2001 sich
1258 1968 1325 2001 auf
1339 1968 1406 2001 den
1426 1971 1581 2013 person-

104 2015 228 2048 lichen
262 2016 535 2061 gegenseitigen
568 2015 762 2059 tiiglichen
800 2016 944 2049 Genuss
989 2017 1053 2049 des
1089 2018 1296 2059 Umgangs,
1346 2027 1386 2049 so
1420 2017 1500 2050 dass
1543 2028 1581 2050 es

106 2063 249 2104 scliien,
276 2063 327 2096 als
354 2062 530 2096 wohnten
556 2063 664 2095 'aeide
689 2064 727 2096 in
757 2064 904 2096 einem
931 2066 1071 2104 Hense,
1097 2065 1204 2096 nicht
1230 2064 1332 2096 bloss
1358 2065 1477 2097 neben
1504 2065 1582 2098 ein-

108 2111 228 2145 ander.
256 2132 298 2136 —
325 2111 509 2153 migrare,
537 2111 748 2153 einziehen,
775 2112 1005 2156 immigrare.
1033 2112 1162 2156 simpl.
1190 2123 1258 2156 pro
1287 2113 1508 2156 composito.
1536 2131 1580 2137 -

97 2159 260 2201 festines
292 2159 371 2192 scil.
411 2159 484 2192 hoc
522 2159 603 2203 ipso
639 2166 823 2204 tempore.
868 2161 1077 2201 festinares
1110 2161 1199 2204 Ern.
1240 2159 1339 2194 coni.
1367 2160 1453 2193 Seli.
1480 2163 1580 2196 Li'in.

58 2215 61 2217 ·
109 2206 305 2240 ORELLI.
331 2225 377 2231 —
402 2217 446 2239 ne
470 2206 599 2247 visam,
627 2207 688 2240 ich
714 2208 792 2241 will
819 2208 929 2240 nicht
955 2209 1074 2240 leben.
1133 2200 1236 2240 Uber
1261 2218 1303 2240 ne
1336 2208 1397 2240 bei
1423 2210 1583 2243 Bethen-

108 2265 244 2297 rungen
278 2267 302 2288 s.
328 2254 476 2288 Rumsli.
511 2254 542 2297 §-
572 2256 656 2297 166,
682 2256 716 2289 3.
767 2274 810 2280 —
861 2267 937 2288 mea
969 2255 1121 2288 intersit.
1183 2256 1216 2288 S.
1252 2255 1400 2292 Grotef,
1435 2258 1467 2300 ἕ.
1501 2260 1580 2294 2210.

109 2303 258 2336 Ramsh.
285 2302 319 2345 §.
347 2303 426 2336 114.
456 2303 589 2346 Zumpt
615 2305 642 2346 §.
668 2304 750 2338 449.
800 2322 843 2327 -
893 2303 934 2337 Si
960 2303 1046 2346 quid
1070 2313 1196 2345 egero,
1226 2316 1327 2336 wenn
1354 2305 1415 2337 ich
1442 2307 1580 2344 Etwas,

110 2350 214 2382 einen
241 2348 386 2383 Schritt
422 2351 460 2383 in
490 2350 553 2382 der
579 2350 698 2384 Sache
723 2350 862 2395 gethan
889 2351 1001 2386 habe.
1036 2370 1080 2375 —
1116 2353 1150 2384 si
1175 2352 1243 2384 tibi
1269 2352 1407 2384 videtur
1433 2354 1581 2392 (cidcbi-

109 2401 168 2430 tur
191 2398 306 2443 Neap.
335 2399 436 2432 Crat.
465 2398 566 2431 Vict.
594 2399 628 2433 2.
656 2400 802 2441 Lamb.)
830 2399 1098 2441 unbeschwert,
1126 2401 1224 2432 nach
1251 2400 1436 2433 Gefdllen.

205 2465 455 2499 LENTULO.
503 2465 537 2497 S.
566 2478 622 2511 ep.
650 2467 761 2499 XCII.
799 2466 935 2502 XCIII.
972 2467 1085 2499 XCV.
1118 2467 1244 2500 XCVI.
1283 2469 1323 2499 C.
1354 2468 1414 2499 CI.
1443 2467 1580 2502 CXIII.

183 2513 218 2547 1.
255 2514 351 2554 reb„
387 2523 475 2556 quae
506 2513 554 2545 ml
589 2518 624 2546 te
647 2515 839 2559 pertinent.
889 2516 973 2546 Von
1003 2515 1068 2546 der
1094 2514 1211 2547 Sache
1237 2515 1296 2547 des
1325 2514 1582 2549 Alexandrini-

113 2559 224 2590 schen
254 2561 393 2605 K'onigs
429 2561 639 2594 Ptolemiius
673 2573 748 2595 war
779 2562 871 2595 ietzt
907 2562 1013 2595 nicht
1039 2563 1148 2595 mehr
1175 2563 1234 2594 die
1257 2562 1380 2602 Rede;
1416 2564 1484 2596 wol
1514 2576 1583 2597 von

112 2607 336 2651 Truppen-‚
375 2608 503 2641 Geld-
552 2610 625 2642 und
659 2611 846 2653 sonstigen
872 2610 1195 2654 Verwilligungen
1222 2611 1259 2641 in
1287 2610 1406 2655 Bezug
1432 2613 1496 2645 auf
1521 2613 1584 2646 das

110 2655 355 2688 Proconsulat
380 2667 449 2687 von
476 2657 629 2701 Syrien5
676 2658 866 2690 vielleicht
900 2657 997 2690 auch
1034 2670 1105 2690 von
1139 2657 1422 2703 Verliingernng
1448 2660 1584 2693 dessel-

112 2702 181 2734 ben
208 2704 274 2735 auf
297 2704 356 2735 ein
386 2703 518 2737 drittes
543 2705 641 2738 Iahr.
669 2716 686 2736 e
712 2705 765 2739 M.
795 2705 994 2746 Plaetorio,
1023 2707 1144 2738 einem
1171 2706 1393 2739 Roniischen
1420 2709 1584 2750 Senator,

180 2781 236 2807 cic,
260 2781 362 2808 Briese
383 2791 410 2808 v,
432 2782 554 2809 Billerl».
596 2784 618 2809 1.
1095 2759 1152 2798 26
