1742 3006
10 2235 14 2266 ’.

10 2288 13 2312 k

10 2319 13 2359 ἕ

11 2410 13 2427 ι

577 114 894 160 EPISTOLA
927 119 1099 161 CVIII.
1493 121 1585 170 355

326 246 644 291 EPISTOLA
673 246 858 291 CVIII.
910 249 1001 300 (ad.
1035 250 1140 293 Div.
1173 250 1230 293 V.
1260 252 1348 303 12.)

347 323 427 358 Ser.
453 322 493 356 A.
520 323 561 357 υ.
589 322 633 357 c.
659 323 742 358 698.
769 333 897 356 mense
922 323 1042 357 Maio.
1092 324 1139 366 (a.
1168 327 1211 359 c.
1241 326 1318 369 56.)

91 391 297 426 Lucceium
322 393 445 435 rogat,
479 395 521 423 ut
545 388 750 423 historiam
775 389 820 423 de
845 389 958 423 rebus
983 391 1059 423 suis
1087 401 1107 423 a
1133 391 1324 439 principio
1350 396 1580 430 coniuratio-

89 441 148 473 nis
173 439 416 476 Catilinariae
441 449 559 484 usque
594 437 642 471 ad
669 438 836 472 reditum
862 439 1079 472 conscribat
1105 450 1263 484 eamque
1299 454 1321 475 a
1348 445 1579 479 continenti-

93 489 160 522 bus
186 487 263 522 suis
289 488 456 535 scriptis,
481 488 521 521 in
546 486 682 532 quibus
709 493 932 532 perpetuam
959 499 1085 520 rerum
1105 487 1364 525 Romanarum
1382 491 1580 528 historiam

510 535 813 581 complectatur,
839 541 1020 570 secernat.
1056 537 1167 570 1—10.

369 623 426 657 M.
452 622 498 657 T.
529 621 713 657 CICERO
740 619 777 656 S.
804 623 850 656 D.
877 623 920 657 L.
949 622 1168 657 LUCCEIO
1196 623 1239 669 Q.
1267 624 1306 658 F.

198 690 365 732 Coram
393 703 464 731 me
495 693 644 731 tecum
675 689 832 732 eadem
876 689 990 732 haec
1020 703 1154 744 agere
1184 704 1316 747 saepe
1346 699 1579 737 conantem

87 746 313 788 deterruit
352 746 500 801 pudor
539 745 722 800 quidam
772 759 912 801 paene
960 747 1265 796 subrusticus;
1309 762 1422 803 quae
1461 765 1581 793 nunc

85 815 349 857 expromam
378 802 536 842 absens
566 801 807 843 audacius:
848 803 1044 856 epistola
1073 803 1192 843 enim
1221 817 1310 844 non
1340 807 1578 849 erubescit.

85 858 237 900 Ardeo
267 857 518 912 cupiditate
547 857 806 899 incredibili
836 871 1002 912 neque,
1057 862 1107 899 ut
1136 872 1219 914 ego
1249 861 1469 914 arbitror,
1508 878 1578 905 re-

85 913 429 968 prehendenda,
468 925 629 954 nornen
666 917 717 954 ut
760 918 961 954 nostrum
1002 915 1186 969 scriptis
1230 914 1487 959 illustretur
1533 926 1579 960 ct

88 971 346 1011 celebretur
374 969 477 1011 tuis.
547 967 684 1018 Quod
714 970 801 1010 etsi
831 968 946 1010 mihi
979 983 1112 1024 saepe
1151 971 1351 1012 ostendis
1391 976 1435 1014 te
1480 988 1578 1016 esse

85 1024 336 1067 facturum:
376 1029 524 1067 tamen
563 1025 772 1079 ignoscas
812 1026 952 1067 velim
982 1024 1092 1066 huic
1121 1025 1407 1068 festinationi
1436 1043 1574 1072 meae.

85 1081 237 1123 Genus
276 1082 393 1121 enim
435 1081 709 1135 scriptorum
746 1085 925 1122 tuorum
971 1082 1058 1123 etsi
1098 1085 1197 1123 erat
1235 1096 1413 1137 semper
1451 1099 1477 1126 a
1506 1101 1578 1128 me

82 1136 375 1179 vehementer
412 1140 750 1190 exspectatum,
794 1140 943 1178 tamen
981 1138 1096 1179 vicit
1132 1139 1390 1193 opinionem
1431 1155 1577 1184 meam

82 1204 240 1247 meque
269 1193 336 1235 ita
362 1193 437 1234 vel
468 1193 590 1247 cepit
618 1192 690 1234 vel
727 1193 957 1246 incendit,
999 1198 1048 1234 ut
1088 1207 1296 1248 cuperem
1340 1209 1473 1251 quam
1503 1211 1575 1240 ce-

83 1249 267 1290 lerrime
297 1262 368 1289 res
393 1253 571 1290 nostras
592 1250 889 1290 monumentis
920 1250 1225 1291 commendari
1255 1251 1359 1293 tuis.
1417 1252 1576 1309 Neque

83 1305 204 1345 enim
234 1318 304 1345 me
334 1305 479 1345 solum
510 1306 878 1346 commemoratio
902 1306 1185 1359 posteritatis
1207 1305 1266 1347 ad
1289 1320 1411 1360 spem
1435 1320 1583 1364 quan:

83 1360 188 1401 dam
217 1360 571 1401 immortalitatis
620 1360 764 1414 rapit:
810 1360 890 1401 sed
937 1361 1075 1402 etiam
1114 1362 1198 1402 illa
1236 1363 1486 1417 cupiditas,
1524 1372 1575 1408 ut

82 1416 156 1457 vel
196 1416 469 1457 auctoritate
514 1415 763 1456 testimonii
804 1417 872 1456 tui
912 1417 985 1457 vel
1027 1415 1199 1457 indicio
1230 1418 1572 1464 benevolentiae

82 1471 156 1513 vel
201 1472 424 1513 suavitate
466 1472 639 1524 ingenii
689 1471 784 1513 vivi
831 1470 1129 1526 perfruamur.
1205 1472 1363 1528 Neque
1404 1480 1570 1532 tamen,

83 1526 196 1575 haec
236 1541 371 1582 quum
411 1527 690 1579 scribebam,
737 1540 859 1568 eram
901 1529 1103 1581 nescius,
1143 1531 1323 1584 quantis
1363 1534 1571 1576 oneribus

181 1668 222 1702 L.
250 1668 534 1711 LUCCEIUS,
577 1670 643 1704 der
678 1672 799 1705 sehon
826 1682 881 1715 ep.
908 1672 971 1714 vl,
997 1674 1030 1708 2.
1067 1670 1154 1712 Vll,
1184 1676 1214 1708 1.
1251 1674 1350 1717 XIX,
1379 1679 1413 1713 7.
1449 1678 1570 1722 XXII,

82 1720 138 1754 ll.
173 1717 264 1761 (vgl.
300 1718 447 1752 Sueton.
481 1720 586 1752 Caes.
622 1731 653 1752 e.
690 1721 781 1762 19.)
815 1720 948 1762 XXVI,
976 1721 1013 1757 9.
1042 1721 1137 1761 CIV,
1167 1723 1189 1757 2
1226 1723 1396 1758 erwahnt
1421 1726 1468 1759 ist
1495 1730 1569 1761 und

87 1766 265 1802 CCCXLI
302 1766 473 1800 erwiihnt
508 1767 622 1808 wird,
663 1767 763 1802 nach
792 1769 896 1802 Orat.
924 1780 993 1814 pro
1022 1769 1126 1806 Coel.
1155 1771 1201 1805 22
1226 1771 1285 1804 ein
1312 1774 1569 1810 sanctissimus

82 1815 211 1857 homo,
237 1815 478 1860 gravissimus
505 1816 626 1855 testis,
653 1840 662 1848 .
690 1842 698 1850 .
727 1839 752 1855 .‚
787 1817 852 1850 illa
879 1816 1117 1850 humanitate
1142 1820 1356 1862 praeditus,
1392 1822 1465 1856 illis
1491 1832 1570 1858 stu-

81 1863 165 1905 diis,
192 1862 334 1897 artibus
359 1871 470 1909 atque
496 1864 683 1904 doctrina,
710 1864 862 1898 schrieb
888 1866 969 1898 eine
995 1866 1200 1899 Ramische
1224 1868 1463 1911 Geschichte,
1493 1885 1569 1906 wo·-

80 1912 151 1945 mit
176 1923 217 1945 er
241 1912 383 1945 bereits
410 1912 468 1945 bis
495 1925 579 1946 zum
605 1912 704 1946 Sulla
730 1915 961 1959 vorgeriickt
989 1925 1073 1948 war.
1132 1915 1213 1948 Von
1249 1917 1388 1951 diesem
1421 1932 1465 1953 an
1493 1922 1569 1961 ibn,

81 1959 191 1993 einen
214 1961 442 1993 vertrauten
469 1961 531 1994 des
559 1962 776 2007 Pompeius,
826 1963 1123 2006 geschriebenen
1158 1965 1286 1999 Briefe
1321 1973 1399 2011 sagt
1434 1970 1569 2004 Cicero

82 2019 141 2054 ep.
170 2009 249 2042 CIX
275 2019 336 2041 am
359 2009 486 2043 Ende:
512 2010 644 2050 „valde
673 2010 768 2043 bella
794 2014 890 2043 est.“
939 2012 1046 2045 Nach
1073 2012 1156 2044 dem
1181 2014 1336 2057 vorigen
1363 2016 1490 2050 Bricse
1527 2031 1569 2051 zu

80 2056 285 2097 urtheilen.
314 2068 412 2090 rnuss
438 2068 479 2089 er
504 2058 540 2090 in
569 2058 652 2091 villa
679 2059 849 2105 Arpinati
875 2070 935 2091 am
963 2063 1065 2093 lsten
1093 2061 1174 2093 Mai
1199 2062 1441 2105 geschrieben
1468 2068 1568 2106 sein3

79 2105 174 2138 eben
212 2115 252 2138 so
279 2116 338 2138 am
363 2106 398 2139 3.
427 2104 494 2137 der
522 2107 622 2147 109.;
665 2107 731 2140 der
769 2108 848 2141 110.
883 2118 944 2140 am
970 2109 1007 2144 4.
1036 2107 1120 2149 (der
1147 2111 1230 2143 111.
1260 2110 1348 2144 aber
1375 2124 1435 2146 am
1462 2116 1493 2149 5.
1523 2128 1567 2148 zu

79 2152 277 2194 Antium?)

179 2203 209 2236 l.
240 2202 373 2235 Coram
400 2228 409 2238 .
438 2227 446 2236 .
475 2226 484 2237 .
512 2206 718 2242 conantem,
773 2203 840 2236 der
876 2203 941 2236 ich
978 2203 1035 2236 oft
1071 2204 1107 2236 in
1147 2206 1390 2254 Versuchung
1421 2213 1569 2255 gerieth

80 2249 174 2283 iiber
192 2249 287 2283 eben
304 2250 392 2291 Das,
417 2261 491 2283 was
520 2251 641 2284 dieser
666 2251 772 2285 Brief
796 2252 956 2293 enthiffi,
984 2251 1188 2286 mimdlich
1207 2255 1278 2287 mit
1297 2258 1367 2289 Dir
1393 2270 1437 2292 zu
1466 2272 1566 2305 spre-

81 2297 193 2330 chen.
226 2315 269 2323 -
320 2299 499 2337 ostendis,
533 2300 596 2333 Du
623 2300 726 2332 mich
754 2311 792 2332 es
819 2301 970 2333 merkem
1000 2300 1100 2333 lasst.
1151 2302 1302 2337 Ernesti
1328 2308 1564 2342 vermuthete

80 2345 284 2389 ostendisti,
310 2346 410 2379 ohne
434 2346 561 2381 Noth!
588 2367 632 2373 —
651 2348 865 2392 festinatio,
896 2349 1164 2392 Voreiligkeit.
1191 2369 1235 2381 ψ-
1283 2354 1388 2395 vicit,
1417 2368 1564 2401 supera-

82 2394 147 2427 vit.
201 2394 336 2429 Cicero
363 2394 470 2428 hatte
495 2395 657 2441 folglich
685 2397 800 2429 sehon
824 2398 946 2429 Etwas
974 2397 1091 2430 davon
1116 2394 1275 2442 geleflen.
1304 2420 1345 2426 -—
1375 2413 1561 2441 commem,

80 2445 228 2485 poster„
255 2453 275 2475 e
300 2442 406 2477 libris
431 2444 524 2485 tuis3
560 2445 664 2489 quia,
691 2456 784 2489 quae
808 2451 851 2476 tu
878 2445 1080 2490 scripsisti,
1107 2457 1128 2479 a
1152 2441 1376 2493 posteritate
1402 2463 1567 2486 comme-

82 2491 337 2525 morabuntur.
364 2491 594 2527 ERNESTI.
670 2494 742 2526 Die
768 2493 982 2537 Hoffnung,
1010 2494 1092 2526 dass
1119 2496 1216 2529 auch
1243 2497 1567 2542 ich-unsterblich

82 2538 162 2569 sein
189 2539 324 2582 werde,
351 2551 458 2573 wenn
484 2542 545 2574 Du
571 2541 676 2575 mich
703 2542 767 2574 der
791 2540 991 2575 Nachwelt
1019 2543 1246 2588 empfiehlst.
1307 2538 1408 2580 Uber
1441 2559 1564 2584 comm„

80 2595 117 2627 p.
152 2591 242 2619 statt
267 2589 468 2631 posteritas
493 2599 797 2624 commemorans
819 2600 881 2629 ea,
910 2601 1004 2634 quae
1023 2597 1062 2623 tu
1089 2592 1270 2636 scripsisti
1295 2603 1323 2625 s.
1350 2595 1507 2632 Ramsh.
1535 2598 1564 2640 ξ.

81 2632 163 2671 203,
188 2634 222 2667 2.
249 2644 280 2667 a.
309 2653 353 2659 —·
379 2637 567 2679 cupiditas.
594 2639 876 2684 RIartyni-Lag.
905 2639 1006 2671 coni.
1033 2638 1122 2670 Sch-
1149 2641 1246 2673 Li'm.
1281 2640 1346 2672 secl
1379 2645 1462 2686 agit
1496 2646 1563 2678 illa

81 2680 163 2723 ipsa
190 2681 381 2724 cupiditas.
410 2703 453 2709 —-
480 2687 612 2723 stravit.
640 2688 718 2729 ing.
743 2687 824 2728 tui,
864 2686 925 2718 die
951 2687 1137 2729 Anmuth,
1165 2688 1224 2720 die
1250 2689 1308 2721 ein
1336 2690 1462 2734 Geist,
1489 2695 1561 2726 wie

80 2728 147 2761 der
172 2729 342 2773 Deinige,
369 2730 532 2766 dariiber
558 2735 744 2779 ergiessen
769 2734 878 2766 wird.

176 2778 211 2813 2.
240 2788 345 2820 quum
371 2781 574 2814 scribebam.
626 2781 661 2816 S.
689 2782 840 2816 Ramsh.
867 2783 897 2825 §⁷
928 2783 1009 2825 189,
1039 2783 1107 2815 111.
1136 2783 1283 2820 Grotef.
1311 2786 1342 2830 §.
1370 2789 1451 2823 421.
1488 2791 1560 2822 Au-

1062 2838 1121 2877 23
1138 2835 1160 2859 *
