1742 3006
533 59 845 104 EPISTOLA
884 61 1038 105 CXLI
1046 62 1097 104 V.
1471 61 1563 109 449

266 186 581 230 EPISTOLA
621 185 841 228 CXLIV.
901 186 980 237 (ad
1011 186 1065 238 Q.
1097 167 1260 229 1:12'11.
1292 187 1377 231 16.)

241 262 320 297 Ser.
348 263 488 298 Romae
512 270 640 294 mense
673 260 808 295 Sextili
833 259 874 293 Α.
901 261 950 297 [Τ.
978 261 1018 296 C.
1046 262 1125 297 700.
1175 262 1225 302 (a.
1256 264 1297 295 C.
1326 262 1403 304 54.)

82 329 288 364 Scribittse
314 341 332 364 a
355 329 474 363 causis
508 332 546 362 et
577 327 725 362 iudiciis
756 338 949 372 nunquam
985 327 1256 363 districtiorem
1288 329 1414 363 fuisse.
1444 332 1475 364 1.
1509 330 1564 364 De

83 377 227 411 ambitu
259 389 373 422 quum
405 375 638 410 atrocissime
670 382 863 420 ageretur,
900 386 937 409 se
964 375 1003 407 in
1030 381 1160 409 senatu
1186 388 1258 411 non
1286 378 1414 413 fuisse.
1441 379 1473 413 2.
1506 378 1564 411 De

82 426 216 466 Drusi,
253 425 396 459 Vatinii
429 430 467 458 et
498 423 631 457 Scauri
666 424 820 457 iudicio.
855 424 890 458 3.
928 423 1149 457 Gratulatur
1182 425 1294 458 fratri
1330 426 1493 471 amplam
1519 425 1564 459 de

83 474 195 507 rebus
220 472 450 507 Britannicis
475 470 666 506 scribendi
691 472 898 505 materiam.
924 471 960 505 4.
997 471 1171 515 Denique
1198 472 1288 517 quid
1313 473 1357 507 de
1383 474 1455 507 suis
1481 483 1564 508 ver·

393 520 491 555 sibus
519 522 654 554 Caesar
687 519 926 557 iudicaverit,
959 518 1182 556 sciscitatur.
1219 521 1254 557 5.

542 586 746 622 MARCUS
779 587 822 633 Q.
851 586 1034 622 FRATRI
1068 586 1103 620 s,

195 654 342 705 Quum
372 667 398 696 a
426 668 496 696 me
524 656 678 697 literas
708 654 882 696 librarii
911 667 1042 696 manu
1070 656 1317 710 acceperis,
1361 671 1416 699 ne
1445 659 1567 712 paul-

83 712 173 752 lum
201 725 272 753 me
303 711 384 753 otii
413 711 619 753 habuisse
642 710 861 752 iudicato:
891 725 1024 765 quum
1044 714 1187 752 autem
1208 725 1331 764 mea,
1361 714 1565 768 paullum.

83 767 162 809 Sic
192 768 307 809 enim
338 766 521 821 habeto,
559 779 778 823 nunquam
806 780 878 808 me
908 780 934 808 a
963 767 1107 808 causis
1137 771 1180 808 et
1208 768 1386 810 iudiciis
1415 769 1567 811 distri-

84 823 272 864 ctiorem
313 822 477 876 fuisse,
515 826 646 878 atque
683 823 732 863 id
770 824 872 863 anni
900 828 1100 877 tempore
1129 824 1391 877 gravissimo
1421 830 1466 866 et
1495 839 1568 867 ca-

83 879 253 920 loribus
282 879 497 920 maximis.
558 879 649 920 Sed
678 878 816 929 haec,
857 879 1064 932 quoniam
1101 882 1149 920 tu
1185 879 1249 920 ita
1286 881 1589 933 praescribis,-

85 934 272 981 ferenda
300 941 422 975 sunt:
461 948 603 990 neque
640 933 1028 985 committendum,
1068 937 1116 975 ut
1152 939 1227 975 aut
1264 938 1360 989 spei
1390 940 1464 977 aut
1493 950 1567 978 co-

86 990 291 1044 gitationi
328 994 502 1032 vestrae
542 1004 623 1044 ego
661 990 817 1031 videar
857 989 1075 1030 defuisse:
1116 992 1379 1043 praesertim
1419 1006 1567 1046 quum,

19 1050 21 1054 ’
85 1047 265 1087 tametsi
294 1046 341 1086 id
371 1045 604 1088 difficilius
634 1044 792 1097 fuerit,
821 1048 970 1086 tamen
1001 1058 1056 1086 ex
1070 1044 1156 1086 hoc
1184 1046 1335 1087 labore
1362 1060 1568 1102 magnam

18 1108 21 1133 ῑ
86 1102 278 1156 gratiam
307 1115 596 1158 magnamque
625 1102 886 1156 dignitatem
923 1101 1008 1141 sim
1049 1102 1326 1143 collecturus.
1398 1103 1569 1158 Itaque,

18 1176 21 1197 s
86 1161 136 1199 ut
163 1158 247 1198 tibi
274 1158 447 1212 placet,
480 1159 633 1199 damus
663 1170 870 1212 operam,
914 1169 969 1197 ne
999 1157 1122 1197 cuius
1151 1160 1344 1198 animum
1374 1160 1570 1201 offenda-

12 2110 21 2132 ⁴2
12 2099 13 2102 .
8 2037 14 2092 τι»
6 1979 15 2018 ,τ-

87 1226 184 1254 mus
215 1216 345 1267 atque
374 1219 421 1255 ut
452 1216 586 1256 etiam
616 1214 670 1254 ab
698 1213 753 1254 iis
783 1213 917 1266 ipsis,
947 1213 1122 1266 quinos
1144 1226 1242 1253 cum
1266 1215 1458 1255 Caesare
1478 1219 1569 1256 tam

88 1270 345 1311 coniunctos
386 1270 559 1322 dolent,
599 1269 857 1323 diligamur:
896 1269 950 1308 ab
988 1269 1137 1322 aequis
1177 1282 1281 1310 vero
1320 1275 1396 1311 aut
1435 1272 1569 1312 etiam

88 1338 115 1366 a
154 1326 383 1379 propensis
420 1326 465 1366 in
502 1326 615 1366 hanc
667 1328 836 1378 partem
879 1322 1162 1365 vehementer
1206 1329 1249 1365 et
1292 1326 1490 1367 colamur
1527 1331 1571 1367 et

88 1394 298 1422 amemur.
356 1381 429 1423 De
461 1381 627 1422 ambitu
655 1393 788 1434 quum
818 1379 1094 1421 atrocissime
1124 1384 1329 1434 ageretur
1348 1382 1395 1423 in
1416 1387 1569 1424 senatu

89 1437 249 1477 multos
280 1435 399 1487 dies,
430 1438 548 1491 quod
567 1437 631 1477 ita
651 1439 776 1477 erant
805 1436 1033 1490 progressi
1056 1437 1282 1477 candidati
1304 1438 1570 1491 consulares,

90 1497 140 1533 ut
169 1506 256 1533 non
285 1497 401 1533 esset
430 1493 682 1534 serendum:
711 1492 758 1532 in
788 1497 940 1532 senatu
970 1505 1056 1533 non
1086 1492 1165 1539 sui‚
1226 1492 1369 1534 statui
1398 1494 1455 1535 ad
1478 1496 1571 1535 nul-

90 1549 178 1589 lam
207 1548 473 1589 medicinam
505 1549 571 1590 rei
610 1548 809 1603 publicae
851 1549 944 1588 sine
982 1561 1142 1601 magno
1184 1550 1404 1603 praesidio
1446 1564 1570 1592 acce-

91 1604 208 1645 dere.
269 1602 369 1652 Quo
400 1605 472 1646 die
502 1605 614 1646 haec
643 1603 828 1658 scripsi,
868 1603 1040 1645 Drusus
1070 1607 1164 1645 erat
1201 1604 1257 1646 de
1293 1608 1571 1660 praevarica-

190 1766 218 1797 1.
248 1761 398 1796 librarii
424 1773 546 1804 manu,
573 1773 648 1797 von
675 1762 743 1796 der
768 1762 877 1796 Hand
896 1762 1037 1796 meines
1053 1760 1294 1803 Schreibers,·
1319 1762 1379 1797 die
1404 1762 1469 1797 ich
1495 1764 1573 1798 also

91 1810 197 1844 nicht
230 1811 342 1844 selbst
374 1809 620 1855 geschrieben
658 1810 765 1844 habe.
799 1830 844 1835 —
877 1822 958 1844 mea
990 1822 1118 1846 manu.
1145 1829 1186 1835 -
1219 1812 1380 1854 paullum
1406 1826 1454 1843 Ξ
1480 1822 1575 1846 non-

91 1858 193 1891 nihil
220 1859 299 1892 otii.
327 1879 368 1884 —
397 1857 524 1891 habeto
550 1872 599 1889 :-
624 1859 728 1892 scito.
758 1877 799 1883 —
828 1863 929 1901 atque
954 1859 1013 1898 id,
1049 1858 1126 1891 und
1152 1858 1246 1892 diess
1272 1858 1372 1892 noch
1398 1859 1501 1893 dazu.
1530 1881 1572 1886 —

91 1910 253 1949 vestrae,
279 1906 335 1939 tui
363 1912 399 1940 et
425 1906 604 1941 Caesaris.
632 1905 717 1951 Vgl.
744 1917 802 1951 ep.
829 1907 936 1948 CXL,
964 1908 1004 1942 2:
1041 1905 1140 1939 mihi
1167 1931 1174 1939 .
1204 1932 1211 1938 .
1237 1908 1376 1941 Romae
1401 1918 1575 1951 praeser-

92 1954 185 1996 tim,
210 1960 253 1988 ut
278 1954 348 1987 iste
365 1955 531 1996 (Caesar)
559 1966 618 1987 me
639 1960 772 2002 rogat,
798 1954 978 1988 manenti.
997 1973 1042 1978 —
1069 1954 1213 1987 tametsi
1238 1955 1458 2001 geht-auem,
1485 1957 1575 1989 weil

92 2002 153 2035 die
187 2003 301 2049 Folge
334 2002 416 2034 eine
450 2001 767 2049 ungewohnliche
793 2002 1057 2046 Erscheinung
1082 2002 1320 2038 bezeichnet.
1356 2002 1390 2036 S.
1417 2003 1572 2037 Ranish.

93 2049 123 2091 §.
154 2050 233 2090 191,
263 2052 293 2083 l.
322 2050 467 2083 Grotef.
494 2049 525 2091 ἕ,
553 2051 631 2085 408.
659 2052 738 2085 428.
764 2068 806 2074 —-
847 2049 1045 2091 difficilius
1068 2050 1193 2092 suerit
1218 2051 1321 2083 serre
1346 2057 1493 2084 tantum
1519 2052 1575 2085 la-

93 2099 247 2138 horem,
285 2096 439 2130 zumahl
465 2097 510 2129 da
542 2108 584 2130 er
616 2108 652 2131 es
683 2098 805 2132 weder
837 2098 907 2131 mit
943 2099 1055 2130 Ciisar
1087 2097 1186 2130 noch
1222 2098 1440 2143 Pompeius,
1476 2099 1575 2133 noch

93 2145 164 2179 mit
189 2145 316 2178 seinen
342 2145 441 2178 alten
468 2145 786 2191 Streitgenossen,
813 2147 866 2180 M.
888 2147 998 2186 Cato,
1025 2145 1177 2178 Bibulus
1202 2157 1239 2180 u.
1266 2146 1452 2180 Domitius
1477 2147 1575 2181 Ahe-

94 2192 302 2233 nobarbus,
332 2194 457 2226 C'zisars
483 2193 680 2239 Gegnern,
705 2194 914 2227 verderben
942 2193 1072 2226 wollte
1097 2193 1174 2225 und
1200 2193 1300 2226 doch
1326 2195 1431 2228 nicht
1457 2196 1576 2228 selten

94 2242 185 2279 Das,
223 2241 356 2274 womit
381 2250 423 2273 er
448 2239 527 2272 sich
556 2241 626 2273 den
656 2242 777 2274 Einen
812 2239 1053 2274 verbindlich
1088 2237 1261 2284 machte,
1300 2242 1384 2275 dem
1422 2243 1575 2276 Andern

95 2288 298 2334 missfallig
323 2299 410 2321 war.
441 2305 483 2311 —
521 2288 566 2321 ab
589 2289 637 2322 iis
662 2289 755 2333 ipsis
781 2288 930 2323 bezieht
956 2287 1039 2321 sich
1064 2288 1130 2322 auf
1155 2288 1216 2322 die
1242 2290 1333 2323 eben
1363 2296 1576 2338 genannten

95 2336 234 2370 Feinde
262 2336 324 2369 des
353 2338 494 2369 Ciisars.

190 2385 223 2419 2.
251 2384 292 2416 (le
318 2384 454 2417 ambitu
480 2383 624 2418 bezieht
649 2383 731 2418 sich
759 2385 825 2417 auf
850 2384 909 2417 die
935 2384 1162 2432 Erkaufung
1188 2385 1256 2419 der
1282 2385 1576 2419 lVahlstimmen

96 2432 136 2464 in
162 2431 233 2464 den
263 2432 448 2465 Comitien
474 2432 551 2465 und
575 2432 635 2466 die
660 2432 894 2466 mancherlei
922 2432 1142 2479 Intriguen,
1180 2434 1239 2467 die
1272 2435 1378 2467 dabei
1416 2433 1577 2480 gespielt

97 2479 266 2514 wurden.
292 2498 339 2503 --
366 2479 468 2512 ccmd.
496 2489 590 2513 cons.
617 2480 837 2517 Memmius,
878 2480 1090 2521 Domitius,
1127 2482 1307 2523 Scaurus,
1342 2481 1511 2514 Messala.
1539 2483 1572 2513 5,

97 2526 378 2607 ξὲἓὲἰὶὃῖξβῐ,
417 2528 450 2560 4.
487 2528 629 2570 CXLII,
663 2531 693 2562 7.
727 2546 774 2552 —
814 2529 890 2561 sine
930 2537 1063 2570 magno
1103 2538 1245 2571 prae-sn,
1286 2529 1382 2562 ohne
1423 2539 1575 2572 grosseti

194 2622 229 2656 3.
256 2621 410 2655 Drusus.
437 2621 472 2655 S.
498 2632 554 2667 ep.
581 2624 729 2666 CXLII,
754 2625 788 2660 9.
817 2623 975 2664 CXLIX,
1000 2624 1033 2658 5.
1062 2641 1108 2647 —
1141 2623 1416 2664 praevaricatio
1440 2624 1488 2658 ist
1513 2625 1576 2658 das

99 2668 365 2706 Verbrechen‚
403 2670 567 2704 welches
589 2671 657 2704 der
682 2671 878 2719 Ankliiger
904 2673 993 2704 oder
1019 2670 1168 2703 Anwalt
1194 2670 1292 2703 eines
1318 2671 1577 2716 Angeklagten

100 2716 270 2750 dadurch
297 2717 458 2763 beging,
486 2717 565 2751 dass
591 2729 632 2752 er
658 2718 740 2753 sich
765 2729 841 2753 von
867 2719 935 2752 der
965 2718 1220 2763 Gegenpartei
1248 2718 1448 2753 bestechen
1479 2721 1576 2765 liess,

169 2795 225 2821 Cic.
248 2795 352 2823 Briese
374 2805 402 2822 v.
424 2795 546 2822 niuei-b.
582 2798 605 2821 Ι.
1105 2771 1164 2811 29
