1742 3006
471 84 790 132 EPISTULA
827 83 1133 129 LXXXVII.
1448 81 1544 132 299

23 190 28 252 ἶ
68 205 182 246 stras
209 201 466 258 indigemus.
523 198 669 253 Nunc,
698 197 782 240 etsi
811 198 958 240 omnia
985 200 1060 239 aut
1087 195 1258 252 scripta
1285 206 1383 239 esse
1411 208 1438 238 a
1455 194 1543 237 tuis

23 255 28 308 ἑ
69 259 264 302 arbitror
302 260 377 300 aut
413 255 546 299 etiam
584 255 751 299 nuntiis
780 266 833 295 ac
861 267 1039 295 rumore
1067 254 1262 307 perlata,
1304 255 1452 294 tamen
1491 263 1545 292 ca

25 317 27 326 '
69 316 261 358 scribam
297 313 446 366 brevi,
494 325 606 368 quae
643 315 688 353 te
726 313 832 366 puto
872 309 1148 365 potissimum
1177 321 1234 350 ex
1262 308 1373 349 meis
1401 306 1544 349 literis

69 371 182 414 velle
218 381 493 426 cognoscere.
566 367 730 410 Pridie
767 366 922 408 Nonas
961 365 1078 406 Sext.
1117 362 1409 419 Dyrrhachio
1446 375 1547 405 sum

26 451 28 458 ·
70 426 313 483 profectus,
340 426 438 480 ipso
467 424 546 466 illo
576 424 666 475 die,
696 436 783 478 quo
811 422 882 464 lex
911 426 978 463 est
1005 421 1094 462 lata
1122 420 1177 461 dc
1205 420 1345 462 nobis.
1402 418 1548 463 Brun-

25 488 29 510 ³
69 484 234 525 disium
261 481 360 525 veni
388 479 531 523 Nonis
559 480 679 523 Sext.
719 478 789 521 lbi
817 477 927 519 mihi
955 476 1151 520 Tulliola
1178 488 1278 517 mea
1306 475 1394 518 fuit
1419 487 1547 530 prae-

25 541 29 578 ἐ
69 543 140 581 sto
178 538 313 580 natali
351 550 431 579 suo
470 536 569 591 ipso
608 535 705 588 die,
761 534 838 590 qui
873 547 978 576 casu
1013 532 1135 574 idem
1172 531 1330 573 natalis
1372 534 1468 573 erat
1504 534 1551 572 et

26 592 29 635 ,ἶ
70 594 365 636 Brundisinae
393 593 593 635 coloniae
621 596 664 634 et
692 595 792 633 tuae
820 589 990 633 vicinae
1011 588 1197 637 Saluti53
1227 600 1339 642 quae
1358 600 1430 628 res
1459 586 1551 628 ani-

26 649 28 659 “
70 650 305 693 madversa
333 662 361 690 a
388 647 669 690 multitudine
697 659 869 688 summa
896 645 1265 688 Brundisinorum
1293 642 1551 699 gratulatio-

26 740 29 742 .
70 720 128 749 ne
157 705 379 748 celebrata
407 708 489 747 est.
549 705 664 747 Ante
692 702 810 744 diem
838 716 894 744 v1.
924 702 992 744 Id.
1024 702 1142 744 Sext.
1171 700 1382 754 cognovi,
1419 712 1553 754 quum

28 804 30 810 ,
70 761 300 805 Brundisii
339 774 508 815 essem,
565 760 709 803 literis
748 759 906 809 Quinti
944 758 1125 808 fratris,
1173 755 1368 798 mirifico
1408 755 1556 797 studio

70 819 266 861 omnium
294 820 486 859 aetatum
514 819 643 872 atque
670 815 901 866 ordinum,
939 813 1190 856 incredibili
1217 824 1435 854 concursu
1463 811 1556 853 Ita-

26 873 30 900 ‘
70 874 159 916 liae
198 874 342 928 legem
379 873 573 915 comitiis
609 872 868 914 centuriatis
907 883 1006 913 esse
1053 870 1287 925 perlatam.
1371 866 1484 910 Inde
1521 879 1558 931 a

27 934 29 955 ³
72 929 358 972 Brundisinis
385 927 710 971 honestissimis
738 931 918 969 ornatus
955 926 1045 969 iter
1081 926 1147 968 ita
1176 924 1292 977 feci,
1341 927 1391 965 ut
1426 922 1555 964 undi-

73 999 158 1040 que
193 985 252 1027 ad
289 998 359 1027 me
398 998 500 1027 cum
538 984 836 1040 gratulatione
863 983 998 1038 legati
1027 981 1324 1025 convenerint.
1383 978 1455 1021 Ad
1482 991 1556 1020 ur-

28 1053 29 1081 }
72 1042 174 1083 bem
201 1042 268 1083 ita
293 1041 419 1094 veni,
465 1044 513 1083 ut
550 1053 679 1083 nemo
707 1041 848 1088 {ullius
876 1039 1046 1082 ordinis
1073 1038 1207 1080 homo
1234 1035 1558 1080 nomenclatori

28 1110 29 1114 ¹
73 1101 202 1139 notus
240 1097 403 1148 fuerit,
450 1097 525 1153 qui
562 1096 674 1138 mihi
702 1097 877 1139 obviam
905 1109 992 1138 non
1020 1095 1220 1140 venerit,
1262 1096 1442 1149 praeter
1481 1105 1560 1134 eos

29 1171 31 1197 ;
73 1153 304 1205 inimicos,
339 1153 496 1209 quibus
524 1151 572 1194 id
599 1153 744 1208 ipsum
770 1165 858 1195 non
886 1153 1042 1195 liceret
1069 1155 1146 1193 aut
1172 1149 1456 1192 dissimulare
1483 1151 1561 1191 aut

170 1281 205 1317 4.
232 1281 315 1326 ipso
339 1280 421 1318 illo.
456 1280 525 1316 Gd.
543 1279 694 1317 Faerni.
711 1279 844 1313 Lamb.
868 1278 937 1313 illo
961 1279 1057 1321 ipso.
1083 1297 1128 1304 —
1156 1289 1222 1323 quo
1247 1280 1310 1314 Iex
1334 1283 1388 1314 est
1413 1278 1491 1313 lata
1515 1278 1561 1313 de

30 1338 33 1347 '
75 1328 195 1370 nobis,
237 1338 322 1371 „wo
348 1329 414 1363 das
439 1329 575 1363 Gesetz
600 1328 744 1362 meiner
768 1326 1155 1373 Wiederherstellung
1187 1338 1234 1360 zu
1257 1329 1359 1362 Rom
1396 1327 1561 1372 gegeben

30 1371 32 1384 ¹
76 1376 246 1410 wurde.“
306 1377 528 1422 Pompeius,
563 1376 658 1410 iiber
682 1375 763 1409 sein
790 1374 931 1408 wahres
955 1377 1138 1410 Interesse
1162 1374 1256 1409 ietzt
1279 1374 1470 1420 richtiger
1493 1376 1560 1409 be-

76 1425 178 1459 lehrt
200 1423 280 1459 und
303 1436 389 1459 vom
415 1424 605 1459 Wunsche
632 1423 786 1463 beseclt,
814 1423 886 1457 den
911 1423 1099 1470 Schimpf,
1125 1422 1196 1457 den
1221 1424 1302 1458 ihm
1327 1423 1426 1458 seine
1443 1434 1561 1470 gegen

31 1488 34 1526 ἱ
78 1473 214 1507 Cicero
249 1472 454 1507 bewiesene
480 1471 827 1518 Gleichgultigkeit
851 1471 1028 1516 gemacht
1052 1474 1182 1515 hatte,
1225 1472 1365 1506 wieder
1389 1474 1561 1506 auszulo-

8 1523 34 1567 ¹,
77 1521 216 1562 seben,
262 1520 315 1555 ist
338 1519 634 1566 hauptsiichlich
658 1521 711 1553 als
736 1521 815 1553 Der
839 1520 1072 1560 anzusehen,
1117 1520 1184 1554 der
1209 1521 1312 1555 diese
1337 1522 1400 1555 lex
1425 1521 1563 1556 durch-

30 1573 35 1598 s'
76 1569 189 1606 trieb,
216 1586 261 1594 -
285 1570 423 1603 natalis
447 1595 456 1602 .
484 1594 493 1603 .
521 1594 530 1602 .
556 1569 694 1603 Brund.
720 1568 903 1609 coloniae,
930 1567 997 1601 der
1021 1569 1277 1615 Stiftungstag
1302 1569 1369 1603 der
1393 1571 1456 1605 Br.
1482 1572 1559 1603 Ko-

17 1617 35 1667 Ιζ
75 1616 187 1651 lonie.
235 1615 361 1650 Livius
386 1617 541 1656 XXVII,
568 1618 614 1653 10
639 1616 793 1650 reclinet
818 1616 878 1649 die
903 1616 1008 1651 stadt
1032 1617 1279 1652 Brundisium
1305 1629 1349 1652 zu
1380 1618 1451 1653 den
1483 1620 1561 1653 Rii-

31 1674 35 1700 f
77 1665 249 1699 mischen
274 1665 481 1710 Kolonien3
515 1664 784 1712 urspriinglich
810 1676 885 1698 war
909 1665 962 1698 sie
988 1677 1062 1699 von
1088 1665 1382 1700 Kretensischen'
1399 1667 1562 1701 Fliicht-

32 1711 35 1749 ζ
77 1713 204 1758 lingen
230 1719 343 1748 unter
367 1715 537 1749 Theseus
563 1712 786 1761 begriindet-
838 1713 965 1747 Daher
989 1714 1050 1748 bei
1073 1715 1207 1749 Lucan
1234 1716 1281 1759 V,
1312 1716 1385 1752 406
1414 1715 1564 1751 Minora

33 1794 36 1808 ὲ
81 1766 189 1795 tecta.
216 1780 259 1786 --
311 1766 396 1797 tuae
429 1764 497 1797 vic.
524 1762 685 1804 Salutis,
719 1760 798 1795 und
823 1762 888 1795 das
911 1761 1257 1808 Einweihungsfest
1292 1763 1356 1797 des
1381 1764 1562 1810 Tempels

33 1812 36 1856 ξ
80 1809 146 1843 der
170 1810 284 1851 Salus,
307 1812 451 1845 Deiner
474 1810 731 1844 Nachbarinn.
786 1810 826 1843 C.
841 1811 970 1844 Iunius
995 1811 1147 1845 Bibulus
1174 1812 1282 1846 hatte
1307 1812 1378 1847 443
1403 1824 1437 1848 a.
1465 1814 1512 1849 U.
1528 1823 1562 1846 c.

33 1875 36 1888 ι
81 1857 266 1892 wahrend
291 1858 353 1893 des
380 1858 656 1893 Samnitischen
681 1858 813 1903 Kriegs
838 1858 891 1892 als
918 1860 1053 1893 Consul
1084 1860 1164 1894 und
1188 1859 1374 1895 Feldherr
1406 1861 1473 1895 der
1497 1861 1566 1894 Er·

34 1922 37 1949 *5
81 1906 239 1951 haltung
263 1907 338 1940 und
363 1907 583 1942 Wohlfahrt
609 1907 675 1941 der
695 1906 890 1952 Republik
914 1914 1024 1941 unter
1049 1908 1137 1941 dem
1161 1910 1306 1943 Namen
1339 1909 1405 1943 der
1431 1909 1564 1944 Gottin

34 1959 36 1983 ἰ
81 1954 187 1990 Salus
212 1955 396 2000 (publica)
420 1955 530 1991 einen
557 1955 713 2002 Tempe]
738 1955 868 2000 gelobt
893 1955 970 1989 und
995 1958 1065 1992 447
1089 1957 1144 1990 als
1165 1957 1309 1991 Censor
1334 1958 1467 1992 erbaut
1488 1957 1565 1990 und

34 2014 37 2034 t
82 2003 162 2037 vier
194 2003 306 2037 Iahre
337 2008 463 2050 spater
495 2004 548 2038 als
583 2005 759 2038 Dictator
790 2004 1015 2049 eingeweiht
1045 2004 1096 2046 (S.
1125 2005 1206 2040 Liv.
1232 2006 1277 2048 X,
1305 2008 1370 2049 L).
1427 2006 1565 2040 Dieser

35 2052 37 2078 ἱ
83 2053 243 2097 Tempel
274 2053 383 2085 stand
415 2054 482 2086 auf
511 2052 595 2086 dem
621 2052 917 2094 Quirinalischen
950 2053 1072 2098 Hiigel
1105 2053 1212 2087 nicht
1245 2054 1333 2087 weit
1370 2066 1442 2088 von
1478 2054 1564 2087 dem

84 2101 230 2143 Hause,
257 2099 321 2134 das
341 2101 491 2136 Attikus
516 2113 586 2134 von
612 2102 754 2135 seinem
779 2101 900 2135 Onkel
925 2102 1087 2137 cecilius
1113 2113 1176 2147 get
1207 2106 1247 2149 bt
1271 2101 1398 2144 hatte;
1451 2102 1566 2136 daher

36 2161 38 2184 ι
84 2148 218 2183 vicina.
246 2166 288 2172 -
329 2149 428 2182 Ante
459 2150 493 2183 d.
525 2149 590 2183 VI.
616 2150 674 2183 Id.
701 2150 825 2192 Sext„
860 2161 922 2183 am
946 2152 1031 2186 Sten
1056 2149 1208 2196 August.
1235 2169 1281 2176 -
1306 2150 1418 2195 'quum
1442 2151 1565 2185 Brun-

36 2223 38 2229 ,
85 2195 171 2229 disii
195 2206 306 2230 essem
331 2197 356 2231 i.
384 2209 415 2230 e.
443 2209 718 2239 commorarer,
752 2199 852 2232 noch
880 2199 1014 2233 weilte.
1065 2199 1128 2233 Sic
1157 2199 1248 2233 edd.
1276 2199 1357 2233 dec.
1384 2200 1562 2234 Tornaes.

36 2262 38 2274 .
85 2244 245 2278 Crusell.
279 2247 375 2279 lens.
408 2247 491 2281 Asc.
517 2249 550 2281 1.
579 2247 679 2281 Crat.
716 2249 803 2284 Bos.
827 2246 916 2293 Sqq.
942 2248 1047 2281 omis.
1076 2259 1135 2281 vv.
1162 2258 1267 2291 quum
1292 2248 1361 2282 Br.
1389 2258 1453 2282 css.
1479 2247 1564 2283 Md.

26 2303 37 2341 Δᾗ
87 2292 206 2326 Oxon.
241 2294 274 2328 1.
298 2294 338 2338 2.
366 2293 464 2327 Vict.
491 2295 522 2328 1.
549 2296 581 2330 2.
606 2295 738 2329 Lamb.
772 2313 818 2319 —
853 2305 1028 2329 concursu
1061 2296 1199 2330 civium
1235 2296 1374 2330 Italiae
1409 2296 1433 2329 i.
1463 2307 1495 2329 e.
1523 2305 1565 2327 cx

87 2347 167 2374 tota
193 2340 315 2376 Italia.
341 2359 385 2366 -—
410 2342 534 2385 legem
559 2342 606 2376 de
630 2354 716 2378 meo
741 2343 876 2377 reditu.
904 2361 946 2368 -
974 2342 1243 2379 honestissimis.
1269 2345 1409 2378 Minut.
1436 2347 1519 2380 Asc,
1536 2344 1566 2376 l.

16 2407 28 2436 ⁵:
91 2390 190 2423 Crat.
220 2388 495 2430 honestissime,
531 2398 572 2425 ut
596 2392 745 2426 volebat
770 2395 944 2427 Faernus.
971 2391 1234 2428 honestissimis
1258 2391 1295 2427 S.
1323 2391 1365 2427 G.
1391 2394 1566 2431 (senatus

22 2448 39 2488 J¹
89 2436 287 2479 consultis)
337 2447 417 2472 orn.
461 2439 548 2472 Gul.
590 2451 684 2486 susp.
740 2440 1005 2474 honestissimis
1045 2443 1237 2475 comitatus
1283 2442 1427 2474 Ernest.
1468 2451 1567 2483 susp.

38 2504 40 2534 5
90 2482 349 2518 honestissimis
373 2486 530 2521 decretis
555 2493 704 2522 ornatus
729 2488 849 2532 magis
875 2489 969 2523 mihi
986 2490 1169 2535 placeret,
1211 2488 1388 2522 Videmus
1415 2488 1451 2520 in
1478 2487 1516 2520 h.
1543 2487 1564 2518 l.

87 2531 193 2576 plura
218 2532 370 2567 ecodd.
398 2535 588 2581 plerisque
614 2537 803 2571 excidisse.
833 2537 906 2571 013.
933 2557 975 2563 —
1000 2539 1169 2583 undique,
1194 2548 1265 2570 von
1290 2536 1388 2569 allen
1405 2535 1564 2570 bcnaclr

18 2597 41 2626 ⁴:
87 2580 220 2613 bai-ten
246 2580 503 2617 Ortschaften.

183 2646 217 2680 5-
246 2646 285 2679 id
306 2645 423 2690 ipsum
453 2652 535 2685 scil.
563 2665 600 2686 se
627 2654 804 2688 inimicos
830 2664 930 2687 meos
956 2666 1042 2688 csse.
1069 2653 1152 2688 Md.
1182 2654 1297 2686 Oxou.
1334 2655 1366 2687 1.
1393 2654 1424 2688 2.
1461 2651 1566 2685 Amb-

40 2713 42 2727 ι
92 2695 149 2730 16.
168 2694 277 2727 Rom.
295 2695 392 2728 lens,
412 2698 495 2732 Asc.
515 2702 545 2734 1.
574 2704 671 2735 Crat.
701 2703 828 2735 lunius
854 2702 893 2735 id
916 2703 1028 2746 ipsum
1055 2712 1092 2734 se
1117 2701 1284 2734 inimicos
1310 2710 1399 2735 esse.
1434 2701 1568 2733 Abesse

40 2770 42 2777 ,
90 2748 212 2776 tamen
229 2742 319 2776 haec
346 2743 519 2781 videntur
546 2760 564 2782 a
589 2750 736 2786 familia
761 2750 854 2786 edd.
884 2750 1026 2784 dec-un.
1054 2753 1234 2784 Tornacs.
1265 2748 1463 2784 Cruscllin.
1494 2748 1554 2780 01<
