1742 3006
508 77 817 122 EPISTOLA
866 79 1071 122 XXXV.
1435 79 1515 127 167

59 193 224 245 sonitu,
253 205 380 245 quam
410 193 629 245 putaram,
661 190 777 232 orbis
805 188 878 229 hic
908 191 950 229 in
976 203 1021 232 re
1041 189 1211 245 publica
1240 192 1307 230 est
1336 203 1516 232 conver-

59 263 154 291 sus:
194 249 323 290 citius
352 247 549 296 omnino,
586 259 716 301 quam
753 245 975 299 oportuit,
1022 247 1150 300 culpa
1188 245 1393 298 Catonis,
1436 247 1515 288 sed

58 318 206 347 rursus
236 303 513 357 improbitate
544 303 751 353 istorum,
795 301 869 355 qui
897 301 1115 354 auspicia,
1156 302 1229 355 qui
1259 302 1427 343 Aeliam
1456 303 1516 342 le-

57 375 177 415 gem⁷
215 361 288 414 qui
324 358 493 399 Iuniam
523 360 566 398 et
601 357 843 406 Liciniam,
888 357 962 410 qui
990 357 1229 398 Caeciliam
1260 362 1304 398 et
1332 358 1514 398 Didiam

56 418 360 470 neglexerunt5
394 415 470 468 qui
498 414 647 455 omnia
674 412 865 454 remedia
903 412 968 458 rei
1010 413 1208 466 publicae
1247 413 1512 463 effuderunt3

13 468 15 471 ’
57 474 131 526 qui
158 483 310 526 regna‚
340 470 413 523 qui
441 469 621 523 praedia
649 468 907 520 tetrarchis,
953 469 1028 522 qui
1068 468 1276 509 immanes
1311 471 1514 522 pecunias

57 527 204 581 paucis
234 525 456 567 dederunt.
517 524 663 566 Video
692 526 778 570 iam
796 557 808 574 ‚
837 537 921 578 quo
951 523 1121 568 invidia
1147 527 1341 565 transeat
1370 529 1412 566 et
1439 526 1511 566 ubi

56 585 114 623 sit
141 583 401 623 habitatura.
461 580 590 625 Nihil
627 594 696 622 me
734 581 1001 625 existimaris
1040 593 1176 634 neque
1213 593 1292 623 usu
1321 593 1458 633 neque
1488 595 1514 622 a

56 637 365 691 Theophrasto
412 636 643 690 didicisse,
707 637 794 678 nisi
842 637 965 678 brevi
1014 639 1212 691 tempore
1266 635 1514 678 ,desiderari

53 781 119 814 hat
150 781 229 815 sich
266 780 451 826 gemacht.
487 798 526 804 -
566 780 703 814 minore
734 780 870 823 sonitu,
907 781 974 815 wie
1012 791 1070 826 ep.
1097 781 1245 822 xnvn,
1274 783 1304 816 1.
1339 800 1385 806 -
1417 791 1516 825 quam

53 829 224 872 oportuit.
274 829 336 863 Sic
360 828 452 862 cod.
476 828 635 875 Longol.
661 828 791 873 probb.
811 828 936 863 Ursin.
956 834 990 862 et
1009 829 1158 865 Ernest.
1177 828 1333 866 Schmz.
1359 830 1511 862 minem.

53 887 158 920 quam
181 877 315 920 poluit,
346 877 385 910 id
415 877 519 919 culpa
544 876 689 909 Priores
722 887 807 909 cum
842 876 918 910 Md.
949 877 1053 920 idque
1077 877 1181 920 culpa
1216 877 1318 909 Bent.
1347 888 1442 921 susp.
1471 895 1511 900 -—

55 926 225 966 Catonis,
250 925 315 968 qui
340 924 481 967 equites
505 935 525 958 a
550 929 678 958 senatu
702 924 877 958 alienavit
901 924 940 959 in
974 936 1080 958 causa
1106 924 1402 969 publicanorum.
1434 922 1516 957 vid.

53 983 110 1017 ep.
136 973 275 1015 XXIII,
301 975 335 1008 7.
361 971 493 1013 XXVI,
517 973 550 1006 8.
583 990 628 997 --
660 972 724 1004 sed
754 982 899 1016 rursus,
937 972 1025 1005 aber
1061 973 1129 1004 auf
1151 972 1217 1005 der
1250 972 1390 1005 andern
1416 970 1515 1005 Seite

53 1019 160 1054 auch.
186 1039 233 1045 —
257 1020 433 1064 auspicia.
484 1020 635 1053 Clodius
659 1031 741 1053 war
766 1030 887 1068 gegen
911 1019 970 1054 die
983 1019 1183 1065 Auspicien
1209 1019 1249 1051 in
1275 1019 1334 1052 die
1359 1020 1514 1063 plebeii-

55 1069 140 1101 sche
165 1068 322 1102 Familie
348 1067 530 1112 adoptirt,
558 1068 643 1101 weil
667 1067 783 1114 grade
809 1079 855 1101 an
881 1068 964 1101 dem
989 1068 1089 1115 Tage
1115 1068 1180 1101 der
1204 1067 1335 1114 Augur
1359 1067 1514 1100 Bibulus

53 1116 134 1148 eine
159 1115 460 1149 Himmelsschau
483 1116 680 1160 angestellt
705 1114 809 1150 halle
835 1116 895 1158 (de
921 1116 1025 1149 coelo
1052 1116 1324 1149 observaverat.
1348 1115 1382 1148 S.
1411 1115 1516 1148 Orat.

52 1173 121 1207 pro
146 1164 265 1198 Domo
292 1176 327 1197 u.
354 1164 399 1197 de
423 1163 569 1208 harusp.
596 1173 757 1208 respons.
807 1164 858 1197 Es
883 1164 1006 1197 durfte
1032 1164 1118 1197 aber
1142 1174 1188 1196 an
1212 1163 1333 1197 einein
1361 1162 1515 1196 solchen

51 1213 152 1257 Tage
178 1210 288 1245 keine
305 1210 572 1255 Verbandlung
596 1211 666 1245 mit
690 1211 775 1243 dem
791 1210 915 1245 Volke
940 1221 1234 1258 vergenommen
1259 1210 1412 1245 werden
1435 1210 1516 1257 (agi

52 1270 136 1292 cum
161 1261 301 1304 populo
327 1260 433 1292 nefas
459 1262 567 1300 erat).
596 1280 638 1284 —
665 1258 811 1292 Aeliam
836 1260 975 1301 legem,
1014 1260 1107 1292 nach
1141 1258 1324 1292 welchem
1357 1258 1415 1291 die
1442 1257 1515 1290 Au-

52 1317 162 1353 gures
188 1307 310 1340 durch
335 1307 420 1340 ihre
447 1305 715 1351 Beobachtung
739 1317 796 1339 am
822 1307 988 1340 Himmel
1013 1307 1097 1340 eine
1115 1304 1515 1348 Volksversammlung

53 1353 216 1387 auflosen
242 1354 418 1387 konnten.
469 1354 572 1386 Diess
598 1354 731 1386 Gesetz
757 1352 845 1387 aber
869 1366 949 1387 war
974 1355 1048 1387 bes.
1077 1353 1199 1386 durch
1225 1354 1296 1386 den
1326 1352 1515 1386 Volkstri-

52 1401 126 1434 bun
152 1401 322 1434 Vatinius
347 1401 507 1435 verletzt
533 1400 706 1441 worden,
732 1401 857 1434 indem
884 1402 1005 1435 dieser
1031 1400 1157 1447 gleich
1179 1413 1226 1434 zu
1249 1400 1420 1443 Anfange
1445 1401 1515 1434 sei—

52 1459 115 1482 nes
139 1448 340 1482 Tribunats
364 1448 449 1481 dem
473 1449 607 1481 Senate
631 1447 879 1495 ankiindigte:
915 1449 976 1482 die
1003 1448 1243 1494 Ausspriiche
1268 1450 1334 1481 der
1358 1451 1516 1494 Augurii

53 1508 89 1531 u.
118 1496 176 1529 die
202 1496 434 1542 Aumassung
458 1495 577 1528 dieses
597 1495 976 1543 Priestercollegiums
1008 1498 1137 1530 wiirde
1171 1496 1259 1530 kein
1292 1497 1517 1532 Hinderniss

15 1564 22 1567 -
53 1543 132 1576 ihm
168 1544 229 1576 bei
258 1543 383 1576 seinen
424 1542 740 1589 Verbandlungen
767 1544 854 1577 sein.
903 1545 958 1578 Er
983 1544 1078 1577 hielt
1102 1545 1225 1578 Wort
1250 1555 1286 1580 u.
1315 1543 1516 1578 versuchte

53 1591 153 1624 seine
178 1590 414 1636 Drohungen
445 1589 707 1623 auszufflhren.
741 1591 777 1624 S.
808 1591 909 1626 Orat.
938 1592 977 1624 in
1004 1590 1127 1625 Vatin.
1153 1603 1187 1629 c.
1215 1594 1238 1627 6
1264 1604 1297 1624 u.
1320 1595 1352 1627 7.
1379 1610 1423 1616 —-
1453 1592 1513 1624 Iu-

53 1639 148 1671 niam
173 1642 204 1671 et
228 1637 408 1671 Liciniam
434 1647 520 1672 vom
549 1638 685 1671 Consul
709 1638 753 1674 L.
781 1638 949 1672 Licinius
975 1640 1156 1673 Muraena
1181 1651 1214 1675 u.
1242 1639 1288 1673 D.
1306 1640 1432 1673 lunius
1456 1638 1516 1672 Si-

52 1687 153 1719 lanus
177 1687 246 1722 692
271 1697 302 1718 a.
328 1686 374 1719 U.
401 1696 432 1718 c.
457 1685 643 1732 gegeben,
678 1684 756 1718 dass
782 1685 948 1719 na'mlich
974 1687 1057 1720 eine
1082 1687 1157 1719 Bill
1180 1687 1274 1727 (lex)
1303 1687 1515 1724 solltedrei

53 1734 266 1781 Markttage
289 1733 588 1775 (triuundinum)
614 1746 661 1762 z
689 1735 730 1767 17
755 1733 856 1779 Tage
891 1734 1165 1780 angeschlagen
1197 1734 1363 1777 bleiben,
1400 1735 1516 1767 damit

54 1782 156 1815 ieder
188 1782 331 1827 Burger
362 1781 482 1814 davon
515 1778 718 1814 Nachricht
750 1781 922 1817 erhielte,
980 1783 1107 1815 Daran
1143 1781 1278 1815 kehrte
1311 1782 1391 1815 sich
1428 1783 1515 1815 aber

57 1829 220 1863 Vatinius
245 1827 364 1861 nicht.
395 1847 436 1852 —
466 1828 598 1861 Caecil.
626 1832 660 1860 et
686 1828 770 1862 Did.
799 1840 883 1862 vom
911 1831 1048 1864 Consul
1073 1829 1114 1871 Q.
1144 1831 1326 1863 Caecilius
1341 1830 1517 1863 Metellus

54 1878 178 1922 Nepos
197 1889 230 1909 u.
246 1876 288 1909 T.
304 1875 437 1909 Didius
463 1877 531 1912 656
555 1877 743 1920 gegeben,
771 1876 855 1909 eine
882 1878 1148 1911 Vorliiuferinn
1174 1878 1236 1910 des
1264 1878 1416 1922 vorigen
1443 1878 1517 1911 Ge-

55 1931 165 1958 setzes
190 1924 259 1956 mit
284 1924 366 1956 dem
394 1924 572 1962 Zusatze‚
598 1924 678 1957 dass
702 1926 784 1957 eine
810 1925 880 1957 Bill
905 1924 985 1959 sich
1005 1925 1112 1958 nicht
1138 1926 1207 1958 mit
1233 1926 1345 1958 zwei
1373 1927 1515 1969 Gegen-

55 1973 206 2006 st'ziuden
239 1972 498 2016 bescliiiftigen
529 1972 632 2005 solle.
665 1991 710 1996 -
753 1973 907 2006 remedia
942 1974 998 2006 rez'
1025 1973 1123 2016 publ.
1156 1974 1180 2007 ι’,
1229 1984 1259 2006 e.
1302 1973 1516 2006 utilissimas

56 2021 121 2054 has
145 2021 246 2066 leges
270 2024 306 2051 et
331 2019 483 2063 praedia
515 2025 551 2052 et
585 2019 773 2064 pecunias
804 2039 847 2045 —
880 2021 1099 2063 effuderunt,
1134 2021 1415 2053 verschleudert
1450 2020 1514 2053 hm

56 2069 139 2104 beu.
167 2086 209 2091 -—-
234 2066 389 2110 praedia
415 2066 616 2100 tetrarchis.
667 2069 798 2106 Parum
831 2069 1016 2101 concinna
1048 2068 1142 2101 haec
1169 2078 1245 2102 esse
1271 2074 1377 2101 acute
1403 2068 1518 2101 sensit

57 2117 152 2149 Gov.
179 2114 397 2147 coniiciens:
425 2115 486 2158 qui
506 2115 680 2158 praedia,
708 2116 766 2158 (μα’
792 2115 1022 2149 tetrarchias.
1072 2117 1224 2149 Inverso
1251 2115 1382 2149 ordine
1398 2116 1517 2163 magis

56 2163 169 2196 etiam
195 2162 379 2207 placeret:
414 2162 474 2205 qui
499 2172 636 2204 regna,
664 2164 723 2206 qui
748 2163 990 2204 tetrarchias,
1018 2164 1075 2207 qui
1098 2163 1272 2206 praedia,
1306 2164 1364 2206 qui
1390 2164 1516 2196 imma=

57 2221 118 2243 nes
140 2210 321 2253 pecunias.
354 2209 448 2242 Ern.
475 2210 645 2256 volebat:
684 2212 742 2255 qni
778 2212 934 2254 praedia
962 2212 1090 2254 populi
1123 2211 1275 2250 Romani
1309 2210 1516 2248 tetrarchis,

58 2259 170 2302 idque
199 2257 340 2301 recepit
366 2256 511 2290 Schiitz.
539 2257 577 2289 in
603 2258 671 2291 Ed.
698 2259 781 2291 mai.
831 2259 893 2291 Sic
926 2270 1074 2302 quoque
1106 2264 1331 2303 praestaret,
1365 2266 1405 2292 ut
1440 2260 1517 2303 opi-

58 2317 144 2339 nor:
172 2305 229 2349 qui
256 2315 392 2345 regna,
416 2305 541 2348 populi
566 2305 717 2338 Romani
739 2307 910 2350 praedia,
940 2304 1142 2343 tetum-cleis,
1172 2306 1366 2341 ORELLL
1403 2308 1518 2339 xvie-

58 2353 161 2386 land:
199 2354 257 2395 qui
292 2362 404 2394 regua
440 2364 513 2385 ceu
542 2354 719 2396 praedia,
753 2355 811 2387 die
844 2354 1094 2398 Kiinigreiehe
1130 2355 1199 2387 wie
1232 2354 1446 2388 Meierh'ofe
1473 2365 1520 2385 an

60 2401 182 2434 kleine
208 2402 364 2433 Fiirsten
390 2399 613 2433 versclieiikt
639 2401 758 2434 haben
784 2415 816 2437 z,
844 2403 883 2437 B.
911 2402 980 2435 den
1014 2401 1241 2448 K'o’nigstitel
1266 2403 1371 2435 nebst
1395 2402 1520 2432 Klein-

60 2447 249 2480 armenien
276 2459 322 2480 an
347 2447 417 2480 den
443 2448 674 2481 Teu-archen
701 2449 896 2482 Deiotarus
920 2460 992 2482 von
1028 2449 1210 2482 Galatien.
1257 2449 1356 2482 Abcr
1388 2449 1521 2481 Cicero

62 2501 175 2528 neunt
208 2495 301 2527 auch
334 2495 391 2528 (lie
427 2496 627 2542 vectigalia
654 2504 690 2529 et
715 2508 823 2540 agros
849 2497 1016 2541 publicos
1040 2498 1078 2529 in
1106 2510 1130 2530 s.
1158 2497 1238 2541 Agr.
1268 2497 1317 2537 11,
1344 2498 1388 2530 29
1414 2506 1521 2537 prue-

61 2543 132 2576 (Ιία.
162 2562 201 2567 -
227 2542 368 2575 immam.
393 2554 517 2587 perun.
545 2555 589 2577 ex
615 2545 759 2577 aerario
785 2551 955 2590 erogatus
980 2545 1104 2589 paucis
1138 2545 1161 2578 i.
1197 2556 1226 2576 e.
1263 2544 1419 2589 siugulis
1452 2544 1523 2577 ho-

61 2588 231 2623 minibus.
282 2591 316 2622 S.
350 2591 454 2624 Orat.
489 2591 525 2623 in
561 2592 684 2624 vatin.
719 2604 749 2625 c⁴
786 2595 839 2627 12.
874 2606 908 2625 u.
947 2604 1006 2638 ep.
1051 2593 1112 2627 118
1140 2592 1198 2634 (nd
1225 2591 1463 2633 Lentulum).
1492 2593 1521 2626 3.

67 2638 183 2680 „Tota
207 2636 455 2680 {merrogalio
483 2640 582 2672 cet.“

155 2700 186 2733 2.
215 2702 396 2736 transeat,
422 2710 441 2732 a
467 2700 571 2733 nobis
596 2700 760 2734 discedat
819 2699 971 2734 Scilicet
991 2699 1122 2739 ineos,
1151 2700 1214 2742 qui
1229 2700 1320 2733 haec
1338 2702 1523 2737 fecerunt,

66 2746 248 2783 tiansibit.
277 2765 322 2771 ——
354 2757 374 2779 ’,ι
404 2746 648 2790 Theophrasto
686 2749 709 2782 i.
739 2760 756 2780 e
798 2748 1046 2793 Theophrasti
1080 2748 1186 2781 libris
1219 2747 1299 2793 περὶ
1332 2748 1523 2788 ηολιιειίκς,
