1742 3006
526 72 843 117 EPISTOLA
874 74 1141 119 CXLVIII.
1261 67 1269 86 ¹
1479 79 1571 127 497

16 191 20 235 ’ς
86 200 176 229 non
205 199 326 230 esse:
356 199 428 238 se,
476 186 689 240 quoniam
726 200 785 228 ex
825 191 1004 230 senatus
1043 188 1250 230 consulto
1289 189 1569 244 provinciam

17 247 20 296 ᾗ
83 242 284 295 haberet,
335 242 435 296 lege
486 241 704 282 Cornelia
740 243 979 298 imperium
1021 242 1294 297 habiturum,
1334 246 1483 300 quoad
1521 248 1568 288 in

24 295 25 298 ’
84 300 238 340 urbem
267 298 512 341 introisset.
571 297 688 352 Ego,
728 298 838 353 quid
884 299 941 340 ad
981 302 1025 340 te
1066 304 1244 341 tuorum
1273 299 1463 364 quisque
1492 316 1566 344 ne-

17 381 21 395 .
83 354 385 397 cessariorum
424 353 610 406 scribat,
659 354 839 396 nescio:
889 355 1040 397 varias
1087 369 1185 398 esse
1227 358 1460 411 opiniones
1500 358 1568 399 in-

18 432 19 446 :
82 411 256 465 telligo.
318 408 445 461 Sunt,
473 407 553 464 qui
594 413 751 463 putent
790 423 921 465 posse
961 414 1005 452 te
1045 423 1135 452 non
1174 412 1411 465 decedere,
1449 414 1570 469 quod

18 462 19 511 Ῠ
81 466 180 508 sine
209 467 310 520 lege
340 464 515 505 curiata
543 464 627 506 tibi
656 466 954 507 succedatur:
983 471 1088 508 sunt
1117 466 1267 520 etiam,
1298 469 1392 523 qui,
1422 468 1462 510 si
1490 469 1568 511 de-

82 522 232 569 cedas,
261 534 287 562 a
315 523 360 562 te
390 520 588 576 relinqui
618 534 765 576 posse,
800 521 880 578 qui
907 523 1171 577 provinciae
1205 524 1387 578 praesit.
1446 523 1569 569 Mihi

80 592 172 620 non
201 581 291 620 tam
322 576 379 618 de
408 576 507 619 iure
538 582 711 618 certum
741 582 809 619 est
841 599 888 606 -
921 591 1190 634 quamquam
1219 591 1274 621 ne
1308 578 1358 620 id
1386 581 1567 635 quidem

18 641 23 656 ¹
79 633 214 676 valde
249 632 433 674 dubium
463 636 532 673 est
559 655 614 664 -
643 646 776 689 quam
805 632 925 674 illud
966 635 1022 677 ad
1062 639 1184 676 tuam
1224 648 1441 677 summam
1481 650 1570 678 am-

19 698 43 736 ]
80 689 364 745 plitudinem,
408 687 690 744 dignitatem,
739 689 1009 743 libertatem,
1058 703 1147 745 qua
1193 692 1239 732 te
1287 690 1385 733 scio
1426 691 1570 734 liben-

18 863 21 879 2
79 832 220 867 Graev.
253 831 326 865 del.
351 831 462 874 ferri
494 832 734 880 Mart.-Lag.
773 831 860 867 sch.
895 834 990 868 Liin.
1025 834 1073 868 de
1107 835 1200 868 Ern.
1237 846 1336 880 susp.
1374 836 1570 870 ORELLI.

16 884 20 922 ζ
81 880 205 914 Sollte
231 879 342 913 nicht
356 879 470 921 ferri
502 890 592 923 opus
616 890 688 914 non
721 890 798 913 esse
831 881 1060 924 zui-eichen,
1098 893 1139 917 so
1175 882 1259 917 dass
1295 894 1384 926 esse,
1427 895 1571 918 necesse

79 927 283 983 xvegliele?
332 928 411 961 Der
433 927 684 974 vorliegende
709 927 798 960 Fall
823 939 918 968 war,
953 941 992 963 so
1029 930 1106 963 viel
1146 942 1233 964 man
1267 930 1382 972 sieht‚
1423 932 1569 965 dieser:

17 1011 21 1017 ,
80 978 225 1021 Appius
260 974 459 1009 wiinschte
495 987 559 1008 aus
601 974 836 1020 politischen
873 976 964 1010 oder
997 976 1191 1011 viehnehr
1230 989 1296 1012 aus
1337 979 1569 1013 selbstsiich-

78 1024 189 1071 tigeri
213 1023 397 1057 Griinden
424 1023 507 1056 eine
531 1023 695 1057 Provinz
721 1034 801 1057 cum
825 1024 982 1068 imperio
1007 1025 1084 1058 und
1119 1036 1224 1059 zwar
1258 1025 1371 1061 nicht
1396 1028 1481 1072 lege
1506 1039 1571 1060 cu-

80 1072 176 1106 riata
202 1071 300 1105 nach
325 1072 426 1105 alter
451 1070 586 1106 Weise
613 1083 661 1104 zu
687 1070 877 1113 erhaltem
911 1072 1017 1114 weil,
1057 1084 1172 1107 wenn
1199 1073 1262 1107 das
1293 1074 1394 1108 Volk
1418 1075 1571 1122 befragt

18 1128 21 1146 ἵ
79 1120 226 1161 wiirde,
253 1118 404 1153 welche
429 1119 603 1157 Provinz‚
629 1119 673 1153 ob
697 1119 940 1154 Macedonien
967 1120 1060 1154 oder
1085 1121 1263 1161 Cilicien‚
1298 1123 1385 1156 mit
1410 1124 1567 1156 einem

18 1205 19 1210 ¹
79 1168 242 1202 Heere
277 1167 392 1201 sollte
419 1167 625 1201 verwaltet
662 1167 843 1211 werden,
880 1179 923 1200 er
955 1168 1026 1202 mit
1060 1169 1202 1203 seinem
1241 1169 1428 1218 Collegen
1462 1171 1570 1205 losen

17 1243 20 1254 «
79 1218 222 1250 miisste
245 1215 322 1249 und
356 1227 395 1249 es
430 1215 600 1262 folglich
634 1215 817 1250 unsicher
850 1215 995 1258 bliebe,
1036 1215 1082 1249 ob
1117 1227 1160 1249 cr
1190 1216 1354 1251 Cilicien
1391 1218 1570 1253 erhalten

18 1260 19 1266 ¹
79 1263 226 1307 wiirde,
257 1262 391 1298 wohin
423 1262 755 1296 wahrscheinlich
789 1263 853 1296 das
901 1264 1104 1309 imperium
1153 1275 1241 1298 vom
1276 1265 1405 1300 Volke
1437 1267 1571 1301 wiirde

79 1312 234 1360 verlegt
247 1311 419 1346 werden.
444 1311 612 1346 Wofern
624 1310 713 1344 aber
723 1311 784 1344 das
793 1311 893 1345 Volk
909 1311 1019 1346 nicht
1029 1311 1190 1346 dariiber
1203 1313 1428 1348 abstimmen
1440 1315 1567 1357 sollte,

18 1363 21 1401 ἓ
79 1371 120 1395 so
146 1360 282 1394 wollte
317 1370 362 1394 er
397 1358 527 1393 seinen
562 1359 749 1407 Collegen
783 1358 902 1393 sehon
940 1359 1056 1393 dahin
1093 1360 1288 1408 bewegen,
1323 1361 1402 1395 dass
1442 1362 1570 1396 dieser

18 1438 21 1452 ,
80 1408 164 1442 ihm
190 1407 354 1442 Cilicien
379 1407 600 1441 iiberliesse.
650 1407 759 1441 Denn
793 1409 861 1440 auf
892 1407 964 1441 den
990 1407 1077 1442 Fan
1106 1407 1269 1443 erhielte
1303 1421 1343 1443 er
1375 1410 1474 1443 doch
1501 1422 1568 1443 zu-

18 1453 21 1487 Ϊ
79 1455 210 1502 gleich
235 1454 508 1490 militairische
535 1455 689 1489 Gewalt
724 1455 802 1489 und.
834 1455 897 1488 ein
924 1456 1028 1489 Heer
1061 1457 1179 1490 sofort
1213 1469 1276 1490 aus
1310 1457 1380 1491 den
1408 1458 1567 1492 H‘dnden

18 1504 22 1522 ²
78 1505 144 1539 des
185 1503 430 1551 zeitherigen
467 1503 693 1537 Proconsuls
727 1504 911 1537 Lentulus
939 1505 1006 1537 auf
1028 1514 1066 1537 so
1094 1504 1206 1551 lang-e
1233 1505 1321 1539 Zeit
1358 1506 1458 1539 nach
1500 1506 1568 1539 der

18 1585 21 1601 ¹
79 1553 157 1586 Lex
183 1552 382 1594 Cornelia„
402 1551 458 1585 bis
484 1562 527 1585 er
552 1563 623 1584 zur
648 1551 756 1585 stadt
780 1551 927 1586 wieder
959 1551 1230 1594 zuriickk'a'me,
1273 1552 1366 1587 weil
1408 1553 1492 1586 ihm
1536 1554 1570 1586 ia

18 1608 22 1631 .·
78 1599 203 1634 durch
231 1600 291 1634 ein
317 1599 648 1641 Senatusconsult‚
683 1594 877 1647 also‘lege
912 1599 1100 1642 Cornelia,
1137 1601 1220 1634 eine
1257 1600 1422 1634 Provinz
1457 1612 1569 1635 zuer-

78 1649 200 1683 kannt
224 1648 302 1682 und
327 1647 411 1682 sich
435 1647 507 1681 mit
539 1648 682 1682 seinem
720 1647 907 1702 Collegen
942 1648 1106 1681 ‹lariiber
1138 1661 1185 1682 zu
1222 1649 1448 1696 vereinigen
1482 1660 1568 1683 ver-

18 1714 21 1746 '.
80 1703 211 1731 stattet
245 1697 322 1738 sei,
369 1695 554 1730 welche
597 1695 761 1729 Provinz
802 1708 864 1729 em
900 1695 1009 1729 leder
1045 1707 1117 1730 von
1152 1695 1271 1729 ihnen
1306 1696 1568 1731 ubernehmen

18 1754 21 1775 ἰ
80 1744 225 1779 wollte.
276 1745 332 1779 Da
364 1744 405 1777 in
439 1743 581 1778 diesem
608 1743 723 1778 Iahre
749 1743 865 1777 keine
893 1743 1082 1777 Comitien
1110 1755 1157 1777 zu
1183 1743 1320 1778 Stande
1346 1744 1497 1786 kamen,
1528 1755 1569 1778 so

79 1793 177 1841 ging
201 1792 347 1838 Appius
372 1791 470 1825 auch
495 1791 698 1833 wirklich,
727 1791 827 1826 ohne
854 1791 916 1825 die
942 1792 1187 1847 Best‘zitigung
1220 1792 1284 1825 des
1311 1792 1430 1826 Volks
1457 1794 1568 1826 abzu-

18 1854 22 1883 ;
79 1847 239 1883 warten‚
266 1840 364 1874 nach
391 1839 558 1874 Cilicien
589 1839 643 1872 ab.
685 1839 721 1873 S.
758 1851 815 1884 ep.
851 1839 1018 1873 CXLIX:
1060 1841 1207 1885 Appius
1243 1840 1323 1874 sine
1362 1840 1461 1894 lege,
1502 1851 1568 1874 suo

18 1886 20 1923 ζ
79 1895 231 1935 sumptu
256 1889 281 1924 i.
309 1899 341 1925 c.
366 1887 446 1921 sine
471 1887 614 1922 viatico
641 1887 681 1920 in
710 1886 887 1920 Ciliciam
915 1887 1080 1935 cog-itat3
1108 1899 1165 1933 ep.
1185 1888 1287 1922 CLI:
1315 1888 1462 1932 Appius
1489 1887 1570 1920 sine.

19 1958 21 1981 3
77 1937 166 1985 lege
192 1936 336 1971 curiata
361 1935 561 1970 confirmat
586 1947 624 1969 se
650 1935 814 1969 Lentulo
840 1941 968 1969 nostro
997 1947 1266 1970 successurum.
1317 1935 1472 1983 W'egen
1496 1935 1570 1967 sei-

19 1990 22 2001 '
80 1996 151 2019 ner
175 1981 429 2033 gliicklichen
467 1983 762 2019 militairischen
796 1983 1168 2031 Unternehmungen
1208 1982 1374 2016 daselbst
1408 1982 1569 2016 wurden

79 2032 164 2066 ihm
189 2044 237 2065 zu
262 2032 397 2065 Ehren
423 2031 716 2077 supplicationes
742 2031 985 2065 beschlossen
1013 2030 1063 2071 (S.
1082 2031 1398 2075 epecbxxvn)
1426 2030 1502 2063 und
1529 2042 1571 2063 er

19 2074 21 2078 Α
79 2080 211 2115 wiirde
243 2079 473 2125 triumphirt
516 2079 658 2121 haben,
704 2091 816 2113 wenn
862 2079 930 2111 ihn
972 2079 1170 2112 Dolabella
1213 2078 1321 2111 nicht
1360 2078 1571 2125 angeklagt

79 2128 198 2162 hzitte.
235 2127 274 2164 S.
302 2139 360 2172 ep.
389 2127 565 2161 CCXLII.
593 2127 748 2161 CCLXI.
778 2126 922 2160 CCLII.
957 2143 1000 2150 ——
1026 2131 1108 2159 suut
1134 2126 1195 2170 qui
1217 2129 1352 2169 putent.
1395 2125 1459 2159 Sic
1484 2126 1568 2159 Asc.

80 2180 115 2212 1.
154 2176 285 2212 Lamb.
313 2176 450 2210 Graev.
477 2176 568 2208 Ern.
603 2176 741 2209 Bened.
779 2174 1015 2219 Mart-Lag.
1056 2173 1145 2208 Sch.
1184 2175 1278 2208 Liin.
1327 2178 1456 2217 putant
1494 2174 1567 2207 Md.

22 2230 24 2239 '
79 2226 199 2270 Neap.
227 2224 324 2258 Vict.
353 2227 384 2258 1.
411 2226 443 2259 2.
473 2224 596 2278 Beng.
616 2223 797 2258 Defendit
823 2222 860 2255 h.
887 2222 912 2255 l.
942 2228 977 2255 et
1012 2221 1091 2255 Lib.
1121 2225 1156 2261 7,
1180 2223 1215 2263 3,
1246 2223 1278 2257 5.
1318 2221 1569 2255 indicativum

23 2307 25 2310 ,
79 2272 265 2307 Schwarz
290 2273 332 2306 in
359 2271 548 2305 Commeat.
581 2282 618 2305 m
655 2272 733 2305 Cic.
766 2271 808 2304 de
842 2270 912 2313 Off.
946 2269 1026 2303 Lib.
1055 2272 1086 2306 1,
1125 2269 1274 2303 Ulmae.
1302 2271 1404 2305 1820.
1446 2281 1484 2314 p.
1511 2272 1569 2303 ll.

79 2320 155 2356 Sed
179 2320 302 2355 altero
329 2320 415 2354 loco
441 2319 662 2365 ipsell‘ledic.
688 2323 832 2363 putent.-
860 2318 1037 2362 quocirca
1063 2317 1103 2351 h.
1122 2317 1147 2351 l,
1165 2317 1339 2361 equidem
1360 2318 1480 2351 errori
1498 2318 1570 2350 tri-

79 2369 143 2402 bui
169 2368 432 2402 indicativum.
461 2368 539 2402 Cfr.
566 2378 660 2411 quae
686 2367 819 2401 notabo
845 2366 968 2399 inEd.
996 2365 1141 2400 minore
1167 2365 1341 2399 Oratoris
1367 2365 1411 2398 ad
1427 2366 1456 2407 ᾖ.
1472 2366 1567 2407 136.,
1619 2396 1622 2398 ,

79 2417 146 2451 ubi
172 2417 264 2451 item
290 2419 463 2461 Meyerus
499 2426 518 2448 e
551 2415 640 2450 Cdd.
677 2419 772 2457 sunt,
811 2415 871 2458 qui
899 2417 1040 2457 putant.
1083 2413 1279 2448 ORELLI.
1342 2411 1378 2446 S.
1411 2411 1567 2446 Ramsh.

79 2467 108 2509 ᾗ.
136 2466 216 2507 184,
245 2467 277 2499 1.
305 2464 453 2499 Grotef.
481 2463 511 2506 ξ,
536 2464 618 2499 432.
645 2463 755 2496 Anm.
784 2463 817 2497 2.
844 2480 887 2486 —
914 2463 978 2506 qui
1000 2462 1152 2505 praesit.
1180 2460 1216 2497 S,
1244 2460 1396 2494 Ramsh.
1426 2460 1453 2498 ξ.
1485 2461 1565 2502 184,

80 2514 114 2548 2.
141 2524 176 2545 u.
204 2512 277 2546 das.
304 2513 380 2558 vgl.
409 2513 442 2546 3.
469 2513 516 2545 N.
545 2513 577 2546 2.
605 2530 648 2536 -—
675 2511 817 2544 dubium
839 2514 899 2543 est.
935 2510 958 2541 i.
986 2520 1015 2541 o.
1049 2521 1095 2542 ne
1129 2509 1175 2543 de
1208 2510 1291 2541 iure
1319 2507 1470 2552 quidem
1498 2507 1566 2540 du-

80 2559 198 2593 bitari
223 2560 333 2594 valde
359 2566 490 2605 potest,
519 2559 606 2602 quia
630 2559 768 2604 Appio,
806 2558 869 2591 vel
896 2557 925 2590 si
952 2556 1021 2590 tibi
1047 2559 1128 2591 sine
1156 2557 1301 2589 eux-iata
1328 2557 1412 2603 lege
1439 2565 1565 2588 succe-

79 2608 156 2648 dat,
184 2609 422 2652 provinciam
450 2607 557 2640 debes
583 2607 797 2641 concedere.
827 2605 1026 2639 BLUVUT.
1066 2624 1107 2630 -
1139 2605 1355 2637 libertatem.
1396 2602 1460 2636 Sic
1487 2603 1563 2636 Md.

79 2655 176 2689 Vict.
207 2657 237 2690 l.
265 2657 299 2691 2.
341 2656 438 2688 Lau.
464 2654 601 2689 Bened.
636 2655 900 2688 liberalitatem
934 2654 1049 2698 Neap.
1076 2652 1159 2686 Asc.
1195 2655 1225 2687 l.
1264 2649 1390 2684 Lamb.
1429 2650 1565 2684 Graev.

80 2703 173 2736 Ern.
200 2704 417 2747 Mart.-Lag.
453 2702 540 2735 Sch.
573 2703 669 2736 Liin.
708 2701 782 2736 Sed
818 2703 887 2734 cfr.
921 2700 1062 2734 Victor.
1096 2706 1133 2734 et
1167 2699 1329 2741 Benod„
1364 2697 1429 2741 qui
1463 2705 1567 2732 recte

78 2757 261 2796 provocat
285 2750 331 2785 ad
358 2762 415 2796 ep.
441 2750 553 2784 huius
579 2749 648 2793 §.2
674 2748 811 2785 nullam
837 2748 909 2782 sibi
1034 2757 1077 2781 ne
1103 2747 1288 2781 libertatis
1313 2747 1452 2791 quidem
1477 2756 1568 2789 par-

1054 2802 1112 2841 32

148 2830 208 2857 Cic.
227 2829 330 2857 eriere
352 2839 379 2857 v.
399 2827 523 2857 uinci-b.
562 2830 586 2854 1.

1628 917 1648 933 ,7
