1742 3006
503 81 811 125 EPISTOLA
858 81 1090 126 XXXVI.
1442 79 1526 125 169

71 197 176 235 bene
205 195 457 249 gubernare.
515 193 601 234 Sed
631 193 738 235 haec
768 205 916 234 coram
937 193 1219 236 commodius.
1262 194 1388 237 Nunc
1406 195 1523 248 audi,

71 249 186 305 quod
224 252 410 306 quaeris.
465 248 642 290 Antium
680 262 748 290 me
784 262 837 289 ex
873 249 1108 291 Formiano
1149 250 1344 305 recipere
1380 252 1524 304 cogito

73 320 110 346 a.
142 306 183 346 d.
213 321 252 349 v.
283 305 394 347 Non.
426 303 528 344 Mai.
560 305 692 345 Antio
722 304 823 346 volo
854 303 966 345 Non.
996 303 1102 347 Mai.
1125 306 1346 359 proficisci
1368 307 1412 347 in
1434 307 1523 350 Tu-

73 363 310 403 sculanum.
367 360 453 401 Sed
476 374 605 414 quum
628 363 661 400 e‘*
675 360 914 401 Formiano
944 360 1141 412 rediero,
1171 386 1221 391 —
1250 363 1311 403 ibi
1335 375 1429 404 esse
1456 376 1523 403 us-

74 431 156 471 que
184 418 238 460 ad
267 416 376 472 prid.
407 415 590 456 Kalend.
622 413 730 456 Mai.
759 416 883 468 volo,
911 439 966 445 —-
994 414 1156 456 faciam
1186 419 1332 459 statim
1360 422 1403 459 te
1430 431 1524 459 cel·-

76 475 246 515 tiorem.
303 471 516 513 Terentia
544 471 624 513 tibi
653 472 846 512 salutem.
902 472 1075 521 Κικέρων
1103 469 1123 508 ὁ
1148 477 1279 522 μικρὸς
1316 471 1526 520 ἀσπάζεται

78 531 184 568 Τίτον
209 529 416 577 Ἀθηναῖον.

332 719 645 763 EPISTOLA
673 719 908 764 XXXVL
967 721 1075 770 (Att.
1108 721 1170 774 11,
1202 725 1286 773 12.)

190 794 267 829 scr.
294 796 433 830 Tribus
456 796 638 829 Tabernis
662 796 722 829 lx.
747 796 849 840 April
874 797 914 829 A.
941 797 983 830 U.
1012 798 1051 830 c,
1079 798 1159 832 695.
1187 798 1235 839 (a.
1263 799 1303 833 c,
1328 801 1407 842 59.)

77 863 178 896 Ferri
204 875 275 896 non
301 874 412 909 posse
436 862 586 904 scribit,
628 863 695 908 qui
722 874 862 908 negare
887 863 1044 897 audeant
1069 864 1239 898 Clodium
1266 866 1451 910 plebeium
1474 870 1530 903 fa-

78 917 181 944 ctum
213 922 300 946 esse.
336 914 367 946 l.
410 910 457 944 de
489 912 661 944 Curionis
696 911 934 952 narratione3
978 912 1096 945 multo
1128 913 1235 956 plura
1270 920 1393 947 tamen
1426 928 1463 948 se
1489 929 1531 950 ex

146 959 260 994 Attici
286 959 402 994 literis
428 958 613 993 didicisse.
640 960 671 994 2.
715 959 761 991 de
786 960 893 993 libris
917 971 938 992 a
962 971 1002 992 se
1026 959 1250 1000 scribendis,
1276 963 1309 996 3.
1337 962 1461 997 addita

598 1007 827 1041 Dicaearchi
850 1007 972 1042 laude.
998 1009 1030 1042 ll.

558 1074 740 1108 CICERO
795 1074 979 1108 ATTICO
1027 1072 1062 1112 S.

186 1134 362 1191 Negent
403 1136 474 1176 illi
514 1134 725 1176 Publium
764 1136 984 1190 plebeium
1028 1137 1194 1178 factum
1234 1144 1348 1180 esse!
1432 1139 1532 1182 Hoc

76 1202 183 1232 vero
215 1205 395 1245 regnum
425 1196 493 1233 est
522 1195 567 1232 et
596 1190 706 1232 ferri
735 1192 860 1232 nullo
890 1196 1020 1246 pacto
1039 1197 1198 1247 potest.
1255 1195 1448 1237 Emittat
1476 1198 1532 1238 ad

75 1260 146 1286 me
184 1247 395 1299 Publius,
438 1247 513 1301 qui
562 1247 819 1299 obsignent5
877 1249 1029 1289 iurabo
1079 1249 1273 1290 Gnaeum
1319 1255 1532 1303 nostrum,

77 1303 297 1356 collegam
325 1302 471 1353 Balbi,
502 1302 627 1343 Antii
655 1302 768 1342 mihi
798 1316 1000 1344 narrasse
1021 1316 1067 1344 se
1091 1305 1135 1344 in
1156 1306 1357 1358 auspicio
1382 1305 1529 1347 fuisse.

78 1356 121 1396 Ο
150 1370 305 1400 suaves
347 1358 559 1412 epistolas
596 1361 693 1397 tuas
732 1370 819 1398 uno
856 1361 1053 1412 tempore
1092 1359 1204 1399 mihi
1244 1359 1371 1402 datas
1401 1361 1531 1403 duas!

171 1512 203 1544 4.
230 1510 447 1544 commodius
471 1512 548 1545 scil.
575 1518 752 1559 agentur,
783 1512 943 1546 dai-‘tibet-
966 1514 1089 1547 bessex·
1119 1514 1326 1550 miindlich.
1363 1536 1406 1542 -
1446 1520 1538 1560 quod

79 1559 239 1601 quaeris,
267 1558 356 1592 cod.
374 1559 507 1592 Faerni
532 1570 620 1592 nunc
633 1561 681 1593 ad
698 1560 754 1600 id,
785 1562 889 1604 quod.
916 1561 1054 1594 Glosse.
1082 1580 1126 1586 —-
1163 1572 1197 1595 α.
1214 1564 1245 1596 d.
1266 1576 1302 1600 ν.
1320 1565 1535 1608 Νοη.]ῑ1αἰ.,

78 1618 136 1639 am
168 1605 307 1639 dritten
341 1605 434 1642 Mai.
469 1625 513 1631 —
546 1608 638 1640 Non.
665 1608 780 1649 Maest,
819 1619 876 1640 am
911 1611 994 1642 7ten
1021 1608 1110 1642 Mai.
1139 1628 1180 1634 —
1216 1611 1377 1653 rediero,
1404 1624 1536 1659 nempe

77 1653 250 1691 Antium,
278 1653 315 1684 in
340 1653 467 1687 villam
492 1653 693 1690 Antiatem.
720 1673 767 1679 -
796 1656 846 1688 ad
865 1655 964 1699 prid.
991 1656 1079 1690 Kal.
1106 1657 1223 1696 Mai„
1256 1658 1309 1691 bis
1334 1672 1418 1693 zum
1444 1662 1536 1695 letz-

79 1708 142 1735 ten
166 1700 287 1745 April.
304 1721 344 1726 —
365 1703 516 1735 salutem
541 1702 643 1745 dicit,
669 1702 857 1745 adscribit,
884 1703 1067 1748 impertit,
1093 1704 1166 1737 wie
1183 1705 1333 1740 Tuscul.
1360 1708 1465 1753 Disp.
1494 1709 1534 1751 V,

77 1751 135 1784 32.
163 1749 208 1782 ad
232 1747 345 1781 Attic.
371 1750 405 1791 6,
430 1752 458 1783 l.
485 1751 534 1788 ΙΙ,
564 1752 618 1785 12.
665 1750 735 1784 Die
761 1751 897 1785 R'dmer
929 1756 1057 1797 sagten
1089 1753 1186 1785 salve
1217 1753 1316 1787 beim
1350 1756 1536 1798 Griissen3

79 1795 198 1831 daher
221 1796 319 1829 salus
343 1810 392 1827 Ξ
416 1798 542 1832 Gruss.
568 1816 610 1822 -
637 1794 690 1833 ἆσ
702 1794 863 1838 πάζετα
876 1811 906 1838 ι,
938 1801 1083 1833 salutat.
1135 1800 1399 1835 Vermuthlich
1434 1803 1537 1836 hatte

80 1846 146 1878 der
169 1843 296 1878 kleine
332 1844 482 1888 Cicero,
516 1846 582 1879 dex·
614 1846 724 1879 bei'm
758 1846 1007 1880 Aristodemus
1040 1847 1128 1881 ietzt
1162 1848 1386 1883 Griechisch
1419 1851 1536 1884 lez-nte

81 1895 130 1935 (S.
159 1904 215 1938 ep.
239 1892 408 1934 XXXIII,
432 1894 490 1936 5.)
514 1893 611 1927 diese
634 1895 778 1928 Worte
804 1894 874 1928 mit
899 1894 1051 1942 eigener
1077 1895 1183 1928 Hand
1216 1896 1469 1942 geschrieben.
1494 1920 1533 1924 —

84 1939 216 1976 Τίτον
247 1938 318 1974 τὸν
338 1937 483 1984 Ἀθην.
510 1942 610 1976 Crat.
646 1942 772 1976 bamb.
823 1942 908 1976 Also
941 1943 1037 1976 daun
1071 1942 1132 1977 ein
1167 1943 1281 1978 lamb.
1321 1951 1539 1980 tetrameter

79 1990 290 2024 catalectus.

177 2076 208 2108 l.
235 2073 403 2107 Publium
439 2074 610 2120 Clodium
651 2079 714 2110 sua
746 2078 858 2121 opera
901 2077 1088 2122 plebeium
1123 2077 1265 2113 sactum
1298 2089 1376 2113 esse
1403 2080 1537 2115 Caesar

83 2128 121 2155 et
145 2122 341 2166 Pompeius
366 2130 511 2170 negant.
581 2124 614 2157 S.
642 2126 670 2168 ξ.
696 2126 728 2159 2.
754 2126 878 2167 Negat
902 2136 938 2158 se
963 2132 1033 2158 cet.
1062 2143 1105 2149 ·-—-
1146 2126 1224 2159 lloc
1248 2139 1279 2159 v.
1307 2138 1337 2161 r,
1365 2132 1436 2167 esc,
1463 2130 1536 2161 Das

86 2173 194 2202 nenn’
222 2170 282 2202 ich
309 2169 407 2203 doch
434 2171 508 2204 die
533 2172 708 2216 Konige
734 2173 885 2217 spielen.
913 2193 956 2197 —-
983 2173 1044 2216 qui
1069 2173 1258 2215 obsignent
1283 2176 1536 2210 testimonium

84 2229 220 2257 meum,
248 2218 344 2262 quod
370 2219 490 2252 iurato
514 2220 684 2258 firmabo,
711 2220 773 2253 die
799 2221 919 2253 meine
939 2221 1102 2264 Aussage
1127 2222 1352 2256 anfnehmen
1382 2225 1456 2256 und
1479 2226 1539 2257 be-

84 2266 237 2310 siegeln.
263 2284 305 2289 —
335 2266 730 2312 GnaeumPompeium.
761 2287 803 2293 ——
829 2269 1008 2311 collegam
1031 2269 1108 2301 Atii
1133 2270 1255 2313 Balbi,
1282 2270 1444 2304 hominis
1462 2273 1541 2304 Ari·

85 2313 163 2347 cini
197 2314 284 2355 (von
309 2313 434 2346 Aricia
460 2315 496 2347 in
522 2315 706 2357 Latium),
745 2315 946 2350 honoribus
972 2328 1044 2349 non
1071 2318 1276 2362 conspicui.
1325 2320 1461 2353 Sueten
1489 2321 1540 2352 im

84 2363 177 2408 Aug.
209 2361 368 2404 erzahlt,
427 2362 506 2395 dass
543 2363 598 2397 M.
625 2364 726 2396 Atius
761 2364 843 2405 (od.
868 2364 1018 2404 Attius)
1050 2365 1184 2398 Balbus
1224 2368 1325 2400 einer
1357 2379 1425 2400 von
1469 2368 1538 2399 den

89 2409 437 2453 Zwanzigmiinnern
480 2421 544 2443 zur
585 2410 827 2457 Austbeilung
870 2412 936 2445 der
976 2414 1267 2457 Campanisehen
1307 2415 1538 2449 Liindereien

89 2456 163 2488 und
186 2457 350 2501 iolglich
368 2458 426 2489 ein
445 2458 599 2502 College
625 2459 687 2492 des
702 2459 900 2504 Pompeius
915 2471 1079 2503 gewesen
1098 2463 1159 2495 sei.
1205 2464 1283 2506 vgl.
1302 2474 1357 2506 ep.
1371 2463 1540 2499 xxxin,

90 2504 126 2538 2.
177 2503 363 2549 Ubrigens
390 2506 438 2538 ist
463 2517 506 2539 zu
532 2507 744 2546 bemerken,
771 2509 852 2540 dass
876 2508 995 2541 dieser
1021 2509 1138 2548 Atius,
1166 2522 1268 2542 wenn
1296 2522 1334 2541 er
1360 2510 1452 2543 auch
1480 2512 1543 2544 sur

90 2551 281 2594 Pompeius
305 2553 615 2587 Cameradschaft
640 2556 723 2588 dem
749 2556 879 2589 Cicero
905 2556 1014 2589 nicht
1041 2558 1219 2590 vornchm
1246 2568 1372 2604 genug
1398 2559 1541 2597 schien,

91 2599 160 2631 mit
188 2600 316 2632 Casars
340 2600 543 2635 Schwester
570 2603 663 2637 Iulia
689 2603 746 2636 die
773 2604 868 2645 Atia,
894 2604 955 2636 des
980 2605 1166 2648 Augustus
1192 2607 1358 2647 Mutter,
1384 2614 1543 2651 gezeugt

90 2646 155 2678 hat
189 2646 264 2679 und
297 2658 365 2679 von
390 2649 577 2684 lctzterem
611 2652 688 2684 also
725 2652 790 2684 der
827 2652 1045 2685 Grossvalet
1072 2654 1194 2691 (avus)
1221 2663 1386 2696 gewesen
1413 2655 1472 2689 ist.
1500 2675 1541 2679 —-

92 2704 128 2725 se
167 2694 203 2725 ιἰι
237 2705 336 2737 (cusp.
354 2696 477 2736 fuisse
503 2704 689 2743 tamquam
715 2711 907 2744 augurem,
935 2711 1047 2744 quum
1074 2701 1129 2731 lex
1158 2701 1308 2733 Curiata
1337 2703 1381 2734 de
1407 2703 1541 2736 Clodio

92 2741 138 2774 ad
164 2741 311 2785 plebem
338 2743 563 2781 traducendo
589 2749 759 2782 scri-etur.
818 2748 849 2781 5,
876 2759 933 2792 cp.
961 2748 1128 2789 xxxin,
1154 2750 1176 2783 3
1208 2749 1382 2784 [aiot-ibus
1417 2755 1448 2783 ct
1482 2761 1536 2782 tm?

1565 192 1589 230 li
