1742 3006
530 101 847 148 EPISTOLA
877 102 1130 146 LXXXII.
1477 102 1567 149 291

89 218 294 270 censent,
325 230 434 273 quae
462 219 606 272 potest
634 228 733 271 spes
758 215 881 256 esse?
933 216 1000 255 Ac
1029 214 1233 256 videntur
1262 214 1362 253 iure
1391 225 1569 254 suecen-

89 287 211 316 sere:
239 287 371 328 quum
390 277 434 316 et
453 276 657 327 expertes
676 271 855 313 consilii
875 269 1056 322 fuerint,
1084 270 1160 324 qui
1178 281 1353 310 causam
1373 272 1570 311 nostram

90 334 397 385 susceperant3
437 333 481 371 et
518 331 673 369 nostra
711 326 991 369 concessione
1031 338 1206 366 omnem
1243 325 1333 368 vim
1362 326 1431 367 sui
1459 325 1569 366 iuris

90 385 343 428 amiserint:
383 383 648 439 praesertim
677 396 809 437 quum
848 382 910 423 ita
947 380 1123 432 dicant,
1163 394 1209 421 se
1249 384 1399 423 nostra
1436 393 1571 423 causa

91 442 283 484 voluisse
311 454 435 483 suam
463 441 725 495 potestatem
755 452 850 481 esse
873 437 928 479 de
949 437 1198 479 consulibus
1219 437 1454 491 ornandis,
1482 450 1570 479 non

91 501 140 539 ut
165 511 241 540 eos
268 495 562 553 impedirent,
591 495 672 538 sed
699 499 747 536 ut
776 495 832 536 ad
855 496 1052 535 nostram
1073 504 1250 533 causam
1270 493 1570 547 adiungerent.

90 554 246 606 Nunc,
291 554 331 595 si
359 553 562 595 consules
593 565 619 592 a
659 552 786 593 nobis
836 550 1071 591 alieniores
1113 561 1209 590 esse
1245 549 1405 601 velint,
1443 563 1571 604 posse

90 609 140 650 id
167 609 303 651 libere
341 608 511 651 facere:
562 608 633 649 sin
671 608 811 648 velint
849 609 1001 648 nostra
1030 617 1186 657 causa,
1231 603 1341 645 nihil
1370 618 1499 659 posse
1525 619 1574 647 se

89 665 253 708 invitis.
321 663 439 707 Nam
478 663 595 719 quod
623 663 810 714 scribis,
852 663 897 704 ni
925 662 987 704 ita
1016 661 1140 703 vobis
1168 660 1430 716 placuisset,
1472 662 1572 703 illos

88 720 176 762 hoc
204 720 323 763 idem
353 734 434 775 per
462 720 671 776 populum
701 723 977 761 assecuturos
1006 717 1168 768 fuisse3
1207 717 1357 759 invitis
1386 718 1573 760 tribunis

19 809 22 817 4
88 776 231 832 plebis
258 777 362 819 fieri
390 777 514 818 nullo
541 776 676 818 modo
705 776 858 830 potuit.
928 774 1000 815 Ita
1028 787 1208 824 vereor,
1250 787 1305 816 ne
1345 778 1389 816 et
1426 774 1574 816 studia

87 833 364 876 tribunorum
394 833 670 874 amiserimus
700 835 766 884 et,
796 832 836 872 si
864 830 1012 871 studia
1039 833 1271 883 maneant,
1301 830 1493 872 vinclum
1521 831 1575 871 il-

90 888 167 930 lud
195 889 574 944 adiungendorum
604 889 831 930 consulum
859 887 1072 928 amissum
1101 887 1171 928 sit.
1238 886 1427 927 Accedit
1454 886 1574 928 aliud
1633 910 1637 915 ι

90 958 178 986 non
217 959 402 999 parvum
440 943 793 996 incommodum,
844 942 962 997 quod
999 942 1147 997 gravis
1185 942 1266 983 illa
1302 942 1477 997 opinio,
1527 947 1576 984 ut

89 1000 266 1055 quidem
296 1001 354 1043 ad
381 1013 462 1042 nos
490 999 822 1056 perferebatur,
861 1001 1060 1040 senatum
1087 997 1198 1039 nihil
1227 998 1471 1040 decernere
1500 1011 1574 1039 an-

22 1068 23 1072 *
89 1061 160 1107 te,
202 1069 332 1112 quam
360 1056 416 1098 de
445 1057 572 1098 nobis
602 1059 750 1097 actum
790 1060 933 1107 esset,
974 1054 1139 1096 amissa
1178 1058 1267 1097 est:
1313 1054 1575 1110 praesertim

88 1112 134 1152 in
172 1125 224 1156 ea
263 1124 421 1166 causa,
465 1126 578 1168 quae
614 1126 702 1154 non
741 1111 874 1153 modo
915 1112 1169 1152 necessaria
1208 1124 1296 1153 non
1337 1110 1447 1163 suit,
1495 1110 1575 1152 sed

21 1171 25 1222 ξ
89 1167 224 1210 etiam
260 1169 468 1210 inusitata
508 1181 562 1210 ac
602 1180 729 1211 nova.
799 1167 956 1222 Neque
998 1167 1114 1209 enim
1153 1180 1342 1223 unquam
1383 1165 1577 1209 arbitror

23 1294 26 1305 ¹
87 1285 213 1319 Allein
239 1285 304 1320 das
336 1287 512 1319 Praesens
544 1285 593 1319 ist
628 1284 790 1328 riehtig3
824 1285 921 1319 denn
954 1286 1089 1319 Cicero
1126 1284 1348 1319 befiirchtet
1379 1295 1455 1319 von
1487 1285 1574 1319 dem

24 1339 27 1347 '
86 1332 295 1381 Missgriffe
328 1333 453 1367 seiner
483 1332 657 1366 Freuude
683 1332 784 1366 noch
813 1331 951 1366 immer
990 1332 1190 1367 schlimme
1215 1334 1358 1378 Folgen
1383 1334 1451 1367 fiir
1475 1333 1575 1367 seine

24 1375 27 1390 ⁸
86 1380 221 1415 Sache.
268 1380 347 1415 Auf
377 1380 437 1415 die
478 1391 599 1414 neuen
623 1379 824 1414 Tribunen
850 1381 954 1415 hatte
980 1392 1021 1415 er
1044 1381 1138 1415 eben
1165 1391 1204 1415 so
1230 1391 1358 1426 grosse
1384 1379 1577 1425 Hoffnung

25 1461 28 1467 ,
91 1433 254 1476 gesetzt‚
287 1430 341 1463 als
366 1429 434 1462 auf
469 1428 529 1462 die
563 1429 763 1464 Consulen.
797 1447 838 1452 —
880 1430 955 1471 Ac,
980 1430 1087 1463 Rom.
1115 1430 1206 1463 Ern.
1235 1431 1300 1462 At.
1332 1447 1379 1454 -—
1411 1433 1578 1474 expertes

26 1491 28 1497 ·
87 1476 236 1511 consilii
252 1476 426 1519 fuerint,
454 1476 499 1511 da
526 1477 598 1517 sie,
625 1476 684 1510 die
711 1476 789 1510 sich
815 1475 914 1510 doch
939 1478 1007 1511 fiir
1031 1488 1164 1511 unsere
1182 1476 1301 1512 Sache
1327 1477 1468 1511 erklart
1492 1476 1579 1511 hat·

25 1554 29 1562 ,
86 1529 172 1566 ten,
197 1535 245 1558 an
269 1524 392 1558 ienem
416 1523 637 1558 Beschlusse
654 1524 779 1558 haben
803 1524 943 1558 keinen
962 1524 1122 1559 Antheil
1147 1524 1311 1559 nehmen
1337 1525 1506 1562 k'dnnen.
1532 1543 1576 1550 -

25 1565 29 1606 ἕ
87 1575 270 1615 nostram,
314 1572 405 1606 weil
447 1572 506 1605 die
551 1573 822 1608 Ciceronische
865 1573 987 1607 Partei
1023 1573 1076 1607 im
1115 1574 1236 1608 Rathe
1278 1582 1315 1608 es
1357 1574 1575 1622 zugegeben

85 1619 209 1663 hatte,
235 1620 316 1655 dass
341 1618 402 1654 die
425 1620 671 1668 Ausetattung
694 1621 763 1655 der
787 1621 1002 1655 Provinzen
1030 1633 1068 1655 so
1092 1621 1186 1655 friih
1212 1622 1447 1656 beschlossen
1470 1633 1578 1656 wur-

27 1666 29 1671 '
87 1667 154 1711 de,
186 1680 224 1703 u.
250 1668 312 1703 die
335 1678 460 1702 neuen
485 1668 678 1702 Tribunen
705 1668 879 1703 desshalb
905 1670 974 1703 der
998 1669 1201 1713 Ausiibung
1225 1669 1325 1704 ihres
1350 1669 1490 1706 Rechts
1514 1670 1577 1705 bei

27 1710 30 1724 ¹
86 1715 210 1750 einem
247 1727 287 1751 so
327 1714 539 1763 wichtigen
583 1716 788 1752 Gesch'dfte
826 1717 1011 1766 verlustig
1048 1717 1229 1766 gemacht
1268 1729 1403 1753 waren.
1465 1716 1576 1752 Ohne

28 1763 30 1783 ³·
85 1763 192 1798 Noth
217 1762 440 1799 vermuthet
465 1763 586 1799 daher
611 1766 768 1801 Corrad,
794 1769 935 1809 vestra,
964 1777 1036 1799 was
1061 1766 1208 1800 Bentiv.
1235 1766 1374 1812 billigt.
1401 1784 1449 1792 -—
1473 1777 1577 1800 suam

84 1815 160 1856 pot.
189 1822 267 1846 esse
291 1813 334 1845 de
357 1821 459 1851 cons.
485 1823 565 1846 orn.
592 1812 620 1851 i.
646 1824 681 1851 e.
708 1814 754 1847 de
780 1813 992 1859 provinciis
1026 1814 1224 1849 consulum
1257 1814 1458 1856 ornandis,
1496 1815 1577 1848 dass

28 1865 31 1871 ·
86 1860 140 1894 sie
173 1859 239 1895 ihr
269 1859 392 1895 Recht
423 1860 484 1894 bei
521 1861 590 1895 der
621 1859 869 1908 Ausstattung
895 1862 963 1897 der
987 1863 1178 1898 consular.
1204 1863 1419 1897 Provinzen
1445 1862 1577 1897 hiitten

85 1907 159 1942 mit
182 1908 345 1942 ausiiben
371 1908 535 1942 konnen.
584 1910 732 1944 Ebenso
758 1910 805 1944 ad
832 1909 956 1952 Quint.
984 1911 1107 1945 Fratr.
1133 1911 1185 1955 11,
1201 1912 1240 1946 3:
1267 1912 1507 1945 referebatur
1532 1911 1577 1944 de

86 1955 293 2001 provinciis
320 1962 559 2002 quaestorum
585 1963 623 1992 et
648 1958 691 1991 de
717 1958 894 1992 ornandis
915 1959 1156 2002 praetoribus.
1184 1978 1231 1984 -—-
1256 1963 1294 1992 ut
1320 1960 1368 1992 ad
1391 1970 1425 1992 n.
1453 1970 1483 1993 c.
1512 1959 1578 1992 ad-

31 2029 33 2037 .
85 2004 302 2047 iungerent,
337 2004 500 2038 sondern
530 2016 596 2039 um
627 2005 682 2039 sie
707 2006 811 2040 desto
838 2006 990 2041 starker
1014 2008 1053 2040 in
1079 2018 1194 2041 unser
1219 2008 1404 2041 Interesse
1429 2018 1474 2040 zu
1499 2007 1579 2040 zie-

85 2050 174 2085 hen.
200 2070 245 2077 -
273 2051 402 2094 libere,
437 2052 567 2087 freier.
617 2054 725 2088 Denn
752 2055 805 2089 sie
839 2053 974 2089 hiitten
1003 2055 1063 2090 die
1101 2056 1306 2090 Provinzen
1343 2055 1463 2089 sehon
1495 2067 1577 2088 aus-

31 2133 34 2145 t
87 2104 266 2145 gestattet
300 2099 483 2134 erhalten.
517 2118 559 2125 —·
594 2101 652 2134 sin
685 2102 795 2136 velint
828 2103 906 2145 (Sic
938 2104 1034 2141 Eru,
1070 2104 1168 2138 coni.
1200 2103 1286 2141 Sch.
1320 2103 1413 2138 Li'm.
1446 2104 1579 2136 vellent

32 2148 33 2154 ¹
85 2147 183 2182 Cett.
210 2158 297 2181 cum
323 2147 422 2190 Md.)
445 2151 573 2182 nostra
607 2160 740 2194 causa,
779 2151 936 2184 wollten
970 2152 1022 2185 sie
1054 2163 1122 2185 uns
1157 2151 1352 2200 hingegen
1384 2152 1500 2186 wohl.
1534 2169 1575 2174 —

32 2204 35 2232 2
85 2204 124 2227 se
147 2194 296 2238 invitis,
321 2194 446 2230 wider
469 2195 583 2230 ihren
610 2197 699 2239 (der
733 2198 943 2241 Tribunen)
970 2199 1136 2234 VVillen.
1173 2201 1224 2233 cis
1258 2211 1328 2234 znv.
1361 2202 1457 2235 Iens.
1494 2201 1576 2232 Asc.

32 2233 35 2277 ζ
85 2245 118 2276 1.
144 2243 247 2277 Crat.
282 2261 326 2268 —
359 2242 462 2277 vobis
491 2245 587 2288 plac.
624 2245 687 2279 sio
721 2246 816 2280 lens.
852 2246 936 2280 Asc.
969 2250 1002 2283 1.
1037 2248 1165 2282 Lamb.
1199 2248 1239 2282 in
1272 2260 1323 2282 m.
1353 2249 1456 2284 1584.
1483 2248 1576 2282 Ern.

32 2316 35 2323 Ι
84 2288 174 2324 Sch.
202 2292 302 2328 Liin.
329 2291 433 2324 nobis
457 2291 545 2333 (wie
569 2292 680 2328 vorh.
705 2295 850 2336 nostra)
876 2295 959 2329 Asc.
986 2297 1020 2331 2.
1055 2298 1153 2332 Cett.
1189 2302 1276 2329 ante
1310 2297 1426 2337 Ern.,
1462 2296 1578 2330 etiam

34 2378 36 2384 7
84 2337 214 2372 Lamb.
242 2339 349 2375 1566.
378 2339 579 2374 ORELLI.
607 2360 650 2368 --
682 2352 750 2386 per
771 2344 955 2387 populum,
990 2345 1065 2378 wie
1089 2347 1144 2380 M.
1171 2344 1354 2379 Antonius
1380 2344 1440 2378 die
1466 2343 1577 2391 regio

33 2391 36 2407 ‘
85 2385 232 2420 celtica
256 2385 358 2421 nach
384 2388 514 2423 C'aisars
537 2389 792 2439 Ermordung.
843 2390 951 2425 Auch
978 2391 1119 2427 erhielt
1153 2395 1267 2430 Gasar
1291 2391 1391 2426 nach
1425 2391 1574 2424 Sueten.

36 2475 37 2478 Ἴ
87 2431 151 2466 das
177 2433 452 2480 cisalpinis-»che
485 2436 637 2471 Gallien
661 2450 698 2471 u.
723 2439 820 2472 auch
849 2439 977 2473 Gallia
1002 2437 1161 2475 comata'
1182 2452 1272 2477 vom
1298 2441 1452 2480 Senate,
1487 2438 1578 2473 weil

34 2504 38 2514 .
87 2479 212 2515 dieser
234 2482 452 2525 fiirchtete,
489 2495 532 2518 er
556 2485 710 2520 mochte
740 2486 838 2521 diess
870 2494 973 2522 sonst
996 2500 1067 2535 per
1090 2491 1276 2536 populum
1302 2486 1507 2522 erwirken.
1532 2505 1576 2511 -

35 2547 37 2560 ,=
86 2527 185 2561 nullo
216 2531 335 2564 modo.
394 2531 558 2567 Tribuni
589 2533 691 2568 enim
735 2533 973 2571 intercedere
1010 2543 1178 2584 potuere.
1212 2555 1258 2561 —-
1298 2536 1446 2577 adiung.
1480 2546 1577 2569 cons.

36 2585 38 2607 ἰ
85 2573 189 2615 „Das
214 2575 397 2613 Interesse
423 2579 493 2614 der
512 2582 674 2615 consulu
700 2593 747 2616 an
775 2583 838 2616 das
863 2585 1013 2631 unsrige
1040 2598 1087 2619 zu
1112 2584 1322 2630 kniipfen.“
1372 2584 1458 2617 Von
1485 2583 1577 2618 mei-

28 2633 39 2652 ’ς
86 2631 158 2655 ner
188 2623 491 2673 Riickberufung
523 2627 630 2664 hatte
662 2630 739 2665 also
773 2632 909 2666 friiher
940 2634 992 2668 als
1025 2645 1097 2667 von
1132 2635 1200 2668 der
1234 2631 1477 2677 Ausstattung
1511 2632 1578 2665 def

15 2672 40 2719 ⁴i
87 2669 296 2705 Provinzen
322 2672 382 2707 die
416 2676 518 2710 Rede
551 2677 630 2711 sein
664 2679 795 2712 sollen.
855 2681 946 2714 Dass
980 2681 1116 2716 iedoch
1155 2681 1322 2715 eicero'c-
1358 2679 1576 2728 Besorgniss

25 2742 31 2750 .
87 2719 353 2773 ιιηςεςτίὶηᾱεῑ·
375 2731 570 2769 gewesen‚
595 2725 657 2760 das
684 2725 810 2760 lehrfe
837 2728 905 2762 der
930 2729 1081 2777 Erfolg.

38 2771 41 2787 ¹
179 2768 213 2803 2.
240 2777 371 2810 graves
395 2770 542 2814 opinio,
570 2772 652 2807 iene
675 2774 856 2821 wichtige
877 2776 1098 2824 Erkliirung·
1119 2778 1181 2810 des
1199 2777 1337 2811 Sensus.
1370 2795 1407 2801 -
1439 2778 1573 2809 amissa

1045 2829 1139 2873 19*
