1742 3006
188 99 282 148 528
460 101 525 143 Μ.
558 93 613 144 T.
647 100 991 149 CICERONIS
1031 102 1404 149 EPISTOLAE.

189 219 327 267 tores,
358 212 668 267 prohibituros
698 227 746 256 se
775 215 1026 257 minantur:
1058 230 1163 269 nec,
1193 217 1305 272 quid
1336 217 1542 272 possint„
1565 220 1675 262 scio.
1717 207 1730 216 ”

187 271 278 311 Ille
307 271 426 310 enim
466 272 512 310 et
540 270 738 324 Appium
777 272 1008 313 consulem
1036 284 1185 314 secum
1214 273 1400 315 habebit
1429 278 1474 315 et
1502 279 1681 328 praeto-

189 340 261 367 res
290 329 336 366 et
365 326 566 366 tribunos
598 326 753 380 plebis.
821 327 912 369 Sed
941 328 1171 374 minantur
1199 333 1370 371 tamen:
1411 331 1458 371 in
1501 331 1680 385 primis-

186 395 271 436 que
296 382 384 431 Ἀρη
412 382 542 420 πνέων
570 381 628 431 Q.
659 381 896 425 Scaevola.
968 383 1113 437 Cura,
1142 386 1205 427 mi
1235 386 1500 428 suavissime
1530 392 1576 429 et
1605 400 1677 429 ca-
1738 420 1742 422 -

186 437 364 479 rissime
393 435 551 489 frater,
580 442 630 480 ut
658 440 823 480 valeas.
1146 451 1152 456 ·
1232 453 1235 456 ⁴
1551 453 1555 457 ·

349 652 666 697 EPISTOLA
685 655 860 706 cmv.
921 658 998 709 (aa
1029 636 1191 710 Q-Fr.
1223 659 1309 702 111.
1341 656 1368 710 5
1389 662 1434 700 et
1456 658 1518 708 6.)

207 728 285 763 Scr.
311 728 348 761 in
374 730 593 765 Tusculano
619 739 775 767 exeunte
801 744 927 767 mense
953 732 1054 768 Nov.
1082 735 1122 768 A.
1151 735 1195 768 U.
1225 735 1264 767 C.
1293 734 1374 784 700.
1430 733 1478 773 (a.
1508 735 1546 767 C.
1573 733 1657 776 54.)

184 799 239 832 De
264 797 375 844 Iib'ris
401 798 448 832 de
473 809 514 831 re
540 797 692 843 publica
725 811 745 833 e
769 800 939 834 Sallustii
965 801 1122 835 consilio
1149 799 1396 845 refingendis.
1424 802 1520 837 1-2.
1563 806 1600 834 et
1633 800 1679 834 de

183 846 354 880 Caesaris
386 857 474 892 erga
508 857 545 880 se
577 859 705 881 amore
737 844 887 883 scribit.
922 851 958 884 3.
1000 850 1047 883 ad
1084 860 1227 891 versus,
1269 859 1362 895 quos
1397 846 1556 890 Quintus
1588 860 1609 882 a
1640 860 1679 882 se

184 894 311 930 scribi.
328 895 511 938 voluerat,
537 895 609 930 sibi
635 902 780 942 tempus
804 900 842 935 'et
868 897 985 932 animi
1011 899 1251 932 alacritatem
1278 898 1417 931 deesse.
1442 897 1476 932 4.
1517 897 1679 943 denique

184 942 389 977 Gabinium
417 956 484 978 cur
508 955 584 989 non>
610 944 836 990 defenderit.
862 948 895 991 5Ἰ
932 947 978 979 de
1003 947 1113 981 libris
1141 947 1280 992 Quinto
1307 945 1497 987 emendis,
1530 946 1576 979 de
1602 946 1680 986 eius

292 993 459 1038 negotiis
486 993 726 1038 argentariis.
755 996 787 1030 6.
818 994 862 1028 de
890 995 1102 1041 tragoediis
1129 1007 1149 1029 a
1176 994 1316 1038 Quinto
1342 993 1503 1038 scriptis.
1532 996 1566 1030 7.
1733 996 1736 998 ’

558 1090 590 1126 γ
638 1080 842 1115 MARCUS
877 1081 921 1126 Q.
955 1079 1217 1129 FRATRIUS.

231 1152 233 1155 ⁴
294 1148 429 1199 Quod
469 1148 672 1203 quaeris,
731 1148 842 1203 quid
891 1149 947 1190 de
987 1150 1081 1191 illis
1123 1150 1254 1192 libris
1295 1151 1493 1206 egerim,
1549 1163 1676 1205 quos,

183 1218 318 1259 quum
357 1217 508 1245 essem-
534 1205 581 1244 in
623 1204 848 1257 Cum-ano,
877 1206 1100 1256 scribere
1129 1206 1334 1259 institui,
1379 1220 1469 1248 non
1502 1207 1676 1248 cessavi

181 1274 326 1314 neque
368 1273 518 1300 cesso:
564 1260 643 1300 sed
685 1273 819 1314 saepe
858 1260 948 1301 iam
989 1262 1219 1302 scribendi
1259 1265 1404 1303 totum
1435 1262 1677 1303 consilium

183 1318 492 1370 rationemque
522 1316 708 1365 mutavi.
796 1315 912 1357 Nam
940 1318 1033 1358 viam
1063 1318 1234 1358 duobus
1265 1317 1400 1359 factis
1432 1317 1595 1370 libris,
1629 1319 1677 1358 in

181 1373 364 1426 quibus,
409 1371 756 1421 novendialibus
784 1372 843 1413 iis
873 1372 1031 1426 feriis,
1056 1375 1059 1378 '
1084 1374 1205 1428 quae
1229 1372 1412 1415 fuerunt
1440 1374 1677 1415 Tuditano

180 1432 225 1468 et
251 1428 459 1483 Aquillio
490 1424 766 1479 consulibus,
797 1442 944 1470 sermo
975 1433 1044 1470 est
1073 1443 1100 1470 a
1129 1444 1199 1470 me
1231 1431 1466 1471 institutus
1495 1429 1686 1484 As1·ica-,

179 1483 242 1536 ni,
272 1485 426 1539 paullo
456 1488 560 1524 ante
590 1487 796 1536 mortem,
826 1489 871 1525 et
896 1484 1061 1537 Laelii,
1092 1485 1240 1537 Phili,
1271 1485 1470 1536 Manilii,
1502 1485 1559 1535 Q.
1583 1486 1675 1527 Tu-

179 1541 360 1581 beronis
391 1543 436 1581 et
464 1539 619 1581 Laelii
649 1554 933 1595 generorum,
962 1542 1126 1582 Fannii
1158 1546 1203 1583 et
1226 1542 1495 1583 Scaevolae:
1527 1555 1676 1583 sermo

179 1600 328 1638 autem
368 1596 415 1636 in
456 1609 616 1637 novem
657 1601 702 1637 et
742 1595 840 1637 dies
871 1602 917 1638 et
945 1597 1087 1639 libros
1118 1597 1385 1639 distributus
1416 1597 1473 1638 de
1504 1598 1676 1651 optimo
1707 1649 1710 1653 ,

178 1747 407 1780 November.
458 1748 502 1781 In
532 1758 586 1792 ep.
616 1748 778 1788 CXLIX,
808 1750 853 1784 12
879 1749 981 1783 steht
1008 1760 1043 1787 α.
1072 1749 1109 1785 d.
1137 1749 1206 1784 IV.
1237 1748 1330 1782 Non.
1357 1747 1451 1782 Nov.
1479 1765 1523 1772 —
1549 1755 1675 1784 secum,

181 1796 248 1829 auf
271 1796 392 1829 seiner
417 1795 530 1829 Seite.
578 1796 620 1829 In
655 1797 740 1830 dem
767 1798 1020 1840 angeffihrten
1046 1797 1194 1831 Briefe:
1244 1797 1316 1829 erit
1348 1806 1433 1828 cum
1459 1795 1674 1840 Pomptinio

179 1843 319 1890 Appius
346 1844 487 1878 consul.
536 1862 581 1868 —-
623 1840 718 1891 Ἄρη
745 1844 910 1888 πνέων,
948 1846 1014 1879 der
1039 1846 1156 1879 Str-eit
1183 1843 1472 1883 schnaubende‚
1513 1844 1588 1876 wie
1614 1843 1676 1876 bei

177 1887 471 1938 Aristoph.'249n
496 1890 651 1936 βλέπων.
702 1893 787 1937 Vgl.
821 1894 867 1926 ad
898 1894 1013 1927 Attio.
1041 1895 1118 1936 XV,
1148 1895 1192 1927 ll
1227 1890 1480 1934 (DCCXXIV,
1509 1893 1559 1932 l.)
1588 1893 1674 1925 Cas-

179 1943 255 1976 sius
284 1941 464 1982 (Martem
490 1941 639 1984 spirare
667 1940 828 1982 diceres)
857 1948 930 1981 etc.
964 1960 1006 1983 ÷
1043 1941 1220 1975 Scaevola
1254 1940 1426 1974 tribunus
1462 1939 1600 1985 plebis.
1629 1957 1672 1964 --

177 1995 216 2024 ut
241 1991 383 2024 valeas.
415 1989 533 2023 Oxon.
560 1990 601 2023 2:
626 1993 662 2022 ut
688 1989 775 2022 bene
790 1989 1033 2034 feliciterque
1059 1989 1197 2023 valeas.

276 2061 305 2093 l.
332 2058 376 2091 «Ie
401 2056 482 2090 illis
507 2054 614 2089 libris
638 2066 772 2101 nempe
797 2054 842 2088 de
867 2067 906 2088 re
932 2055 1097 2101 publica.
1156 2053 1241 2088 vid.
1270 2066 1327 2099 ep.
1357 2054 1506 2091 CXLIX
1522 2078 1531 2094 ,
1559 2055 1592 2090 2.
1629 2073 1691 2095 —7

178 2108 215 2141 in
235 2106 411 2140 Cumano.
437 2105 516 2140 Cfr.
544 2115 606 2149 ep.
636 2103 876 2146 CXXXVIII,
906 2104 936 2138 1.
964 2122 1008 2129 -
1035 2114 1115 2137 nov.
1143 2103 1193 2137 iis
1211 2104 1344 2146 seriis,
1370 2114 1414 2136 an
1442 2103 1529 2135 dem
1557 2114 1674 2136 neun-

179 2156 335 2200 tiigigen
364 2155 485 2193 Peste,
515 2153 579 2186 das
606 2164 735 2197 wegen
763 2153 870 2185 einer
895 2151 1109 2186 besondern
1120 2152 1297 2199 Anzeige‚
1324 2151 1544 2195 vox-ziiglich
1565 2163 1671 2186 wann

180 2216 219 2237 es
243 2204 371 2237 steine
397 2207 574 2246 geregnet
598 2200 727 2243 hatte,
764 2201 966 2246 angestellt
999 2201 1117 2236 ward.
1176 2201 1214 2234 S.
1249 2200 1338 2234 Lim>
1368 2200 1575 2238 XXXVIII,
1602 2201 1671 2235 36.
1700 2233 1727 2239 ,,

178 2254 273 2286 Eine
298 2249 567 2294 Erscheinung
593 2250 631 2282 in
657 2249 928 2284 vulkanisc-hen
956 2249 1185 2292 Gegenden!
1237 2267 1282 2273 —
1333 2247 1454 2281 Tudie.
1484 2251 1518 2281 et
1542 2247 1671 2291 Aquil.

178 2300 384 2334 consulibus
408 2309 443 2334 a,
470 2299 517 2333 U.
547 2309 577 2331 c.
608 2299 688 2333 625.
724 2317 769 2323 —
803 2308 921 2331 sermo
947 2310 997 2327 z
1023 2295 1242 2341 Gespra'ch‚
1271 2297 1449 2343 Vortrag.
1473 2314 1522 2320 --
1553 2296 1671 2338 Afri·
1741 2304 1742 2317 ¹

180 2349 264 2383 cani
289 2346 459 2387 iunioris,
486 2346 566 2390 ipso
594 2346 658 2379 illo
685 2357 782 2380 anno
810 2345 1016 2378 interfecti.
1068 2364 1114 2370 -
1164 2347 1205 2381 C.
1234 2344 1359 2378 Laelii
1383 2344 1581 2390 sapientis,
1608 2343 1669 2388 qui
1703 2349 1710 2356 ’

178 2408 263 2430 cum
289 2396 331 2438 Q.
358 2394 519 2429 Servilio
548 2395 732 2440 Caepione
758 2393 888 2428 consul
914 2393 990 2426 fuit
1015 2395 1096 2429 613.
1129 2411 1177 2417 —
1227 2394 1265 2426 P.
1303 2392 1410 2425 Furii
1445 2391 1563 2434 Phili,
1606 2392 1668 2437 qui

180 2445 310 2479 consul
338 2444 409 2477 fuit
436 2453 520 2476 cum
545 2444 625 2476 Sex.
677 2443 794 2476 Atilio
820 2443 981 2476 serrano
1008 2443 1087 2477 618.
1115 2460 1158 2466 ·-—
1199 2442 1252 2475 M.
1280 2440 1452 2479 Manilii,
1487 2441 1553 2485 qui
1580 2451 1669 2473 con-
1687 2450 1695 2454 ·
1718 2443 1723 2445 ’

179 2494 337 2527 sulatum
372 2491 487 2536 gessit
519 2503 606 2524 cum
634 2492 673 2525 L.
702 2491 850 2524 Marcio
878 2490 1087 2523 Censorino
1122 2490 1201 2525 605.
1244 2488 1354 2522 SCH.
1405 2507 1449 2513 —-
1503 2490 1545 2524 Q.
1574 2487 1668 2521 Aelii

180 2541 396 2579 Tuberonis,
443 2539 506 2585 qui
532 2551 550 2571 e
576 2540 731 2573 minoris
757 2539 925 2572 Africani
950 2550 1078 2572 sorore
1107 2539 1146 2571 L.
1175 2537 1323 2570 Aemilii
1349 2537 1469 2569 Paulli
1501 2536 1579 2570 filia
1605 2548 1668 2569 na·

180 2596 239 2623 tus
267 2596 332 2621 est.
369 2609 410 2614 -—
462 2587 594 2622 Fannii
619 2592 652 2620 et
677 2588 896 2626 Scaevolae,
925 2598 1014 2631 quos
1042 2587 1079 2619 in
1104 2586 1200 2619 libro
1228 2586 1274 2618 de
1301 2585 1472 2618 amicitia
1499 2596 1585 2624 cum
1611 2595 1668 2618 so·

179 2649 267 2671 cero
293 2637 424 2671 Laelio
451 2636 703 2681 colloquentes
731 2636 836 2669 facit.
881 2635 1058 2669 Rutilium
1093 2634 1158 2667 hic
1192 2646 1265 2667 non
1292 2633 1485 2674 nominat,
1521 2633 1567 2665 de
1593 2643 1666 2678 quo
1694 2643 1703 2654 ⁶

178 2688 412 2720 mentionem
446 2685 542 2718 facit
575 2684 621 2717 ad
648 2686 762 2719 Attio.
799 2685 860 2726 IV,
889 2685 932 2718 16
959 2683 1050 2725 (hui.
1080 2683 1166 2716 edit.
1197 2684 1275 2720 149,
1302 2683 1353 2724 2).
1390 2681 1594 2720 MANUT.
1621 2699 1685 2711 -,

179 2737 216 2768 in
256 2746 400 2774 norem,
446 2744 582 2777 nempe
616 2733 702 2779 quia
735 2743 858 2765 sermo
893 2737 975 2765 erat
1008 2731 1201 2764 institutus
1237 2729 1514 2763 novendialibus
1546 2728 1661 2762 feriis.
1689 2721 1701 2747 ‘⁸

178 2783 286 2818 5011.
344 2802 384 2808 -
436 2782 572 2823 libros,
605 2793 697 2826 quos
725 2788 847 2816 tamen
872 2780 909 2814 in
936 2791 995 2815 sex
1021 2786 1148 2825 postea
1176 2778 1349 2814 contulit.
1383 2777 1585 2813 MANUT.
1620 2793 1664 2802 --
