1742 3006
155 73 249 121 458
426 76 491 117 M.
524 75 579 117 Τ.
611 71 954 116 CICERONIS
991 73 1362 118 EPISTOLAE.

156 191 235 230 est.
306 186 395 228 Sed
434 186 645 227 intellexi
683 186 819 228 aliter
848 186 954 227 duci
983 200 1072 228 non
1100 188 1319 242 potuisse,
1369 190 1631 241 praesertim

154 257 290 299 quum
329 248 378 284 tu
414 255 559 296 neque
597 255 678 297 per
704 241 929 284 Locustae
959 256 1103 297 neque
1132 257 1212 297 per
1240 243 1462 284 Varronis
1490 245 1632 286 velles

153 302 332 342 ducere.
404 297 627 339 Veluinus
670 302 774 340 ante
812 312 940 340 suum
980 298 1167 340 fundum
1206 313 1344 353 prope
1392 299 1628 341 munierat.

151 357 351 397 Locusta
389 367 476 394 non
505 354 742 408 attigerat:
791 368 923 408 quem
963 367 1046 408 ego
1083 354 1256 396 Romae
1295 354 1535 409 aggrediar
1571 359 1631 405 et,

152 418 202 452 ut
231 411 444 461 arbitror,
476 412 779 462 commovebo,
810 414 854 450 et
883 411 1016 450 simul
1046 410 1110 453 M.
1140 412 1356 463 Taurum,
1386 424 1518 465 quem
1547 412 1631 452 tibi

152 467 288 509 audio
329 466 615 520 promisisse,
661 467 738 521 qui
776 479 891 506 nunc
929 465 1102 508 Romae
1141 471 1261 524 erat,
1313 467 1368 507 de
1408 480 1524 521 aqua
1551 481 1632 521 per

152 522 339 563 fundum
369 523 465 563 eius
495 522 702 563 ducenda
731 522 910 576 rogabo.
968 521 1293 578 Nicephorum,
1322 523 1530 564 villicum
1560 527 1629 564 tu-

149 593 238 630 um,
279 592 384 619 sane
414 579 627 633 probavi:
682 578 974 632 quaesivique
1003 592 1062 619 ex
1092 593 1160 630 eo,
1190 579 1354 634 ecquid
1385 579 1429 620 ei
1459 579 1514 619 de
1544 578 1630 621 illa

149 634 549 676 aedificatiuncula
577 633 767 685 Laterii,
799 633 854 674 de
883 647 970 688 qua
997 648 1171 675 mecum
1201 636 1375 676 locutus
1406 648 1476 686 es,
1506 648 1630 675 man-

149 692 365 732 davisses.
445 690 563 731 Tum
599 691 640 730 is
677 690 792 730 mihi
822 690 1056 744 respondit
1096 703 1144 731 se
1183 691 1329 744 ipsum
1359 691 1454 737 eius
1481 691 1630 744 operis

148 746 242 789 HS.
274 760 367 788 xvi.
398 745 719 787 conductorem
750 746 914 787 fuisse=
953 746 1032 787 sed
1061 750 1106 787 te
1145 751 1301 800 postea
1329 747 1470 787 multa
1499 746 1629 786 addi-

148 804 270 844 disse
311 802 370 844 ad
400 815 532 856 opus,
581 801 697 843 nihil
727 802 784 843 ad
813 802 1032 855 pretium:
1072 803 1223 857 itaque
1253 802 1302 843 id
1330 815 1378 842 se
1409 802 1627 844 omisisse.

148 859 274 900 Mihi
309 856 568 899 mehercule
597 858 732 900 valde
771 859 944 912 placet,
995 862 1040 899 te
1069 858 1177 910 illa,
1231 862 1281 899 ut
1311 858 1627 909 constituebas,

146 916 338 956 addere:
369 927 636 968 quamquam
666 927 718 955 ea
747 915 875 967 villa,
906 927 1018 967 quae
1041 927 1159 954 nunc
1181 918 1263 966 est,
1294 917 1503 968 tanquam
1526 912 1627 968 phi-

146 970 339 1025 losopha
365 970 547 1011 videtur
576 984 695 1022 esse,
746 982 856 1023 quae
895 970 1102 1024 obiurget
1140 974 1386 1010 ceterarum
1416 970 1627 1010 villarum

147 1027 381 1068 insaniam.
457 1025 783 1067 Verumtamen
827 1025 943 1066 illud
975 1025 1180 1066 additum
1210 1025 1466 1066 delectabit.
1533 1025 1627 1066 To-

146 1083 342 1139 piarium
372 1081 577 1124 laudavi:
616 1083 681 1123 ita
710 1081 859 1122 omnia
887 1082 1163 1123 convestivit
1192 1080 1384 1134 hedera,
1433 1094 1521 1135 qua
1550 1083 1625 1123 ba-

143 1203 375 1247 abgesndert
400 1201 559 1233 werden.
610 1219 657 1224 —
705 1201 884 1234 Locustae
911 1225 918 1234 .
946 1224 955 1234 .
989 1228 996 1236 .
1026 1201 1211 1235 Varronis
1237 1201 1317 1235 scil.
1347 1202 1518 1236 fundum.
1569 1203 1624 1236 Er

140 1252 250 1285 hatte
275 1249 359 1284 sich
386 1249 449 1282 das
476 1247 602 1282 Recht
628 1248 730 1288 dazu,
759 1250 828 1282 wie
854 1260 891 1281 es
918 1249 1086 1290 scheint‚
1126 1250 1288 1282 erbitten
1324 1250 1414 1284 oder
1443 1251 1623 1283 erkaufen

141 1301 304 1332 konnen.
331 1317 374 1322 —-
405 1297 581 1331 Veluinus
604 1308 792 1341 possessor
818 1298 927 1330 fundi
953 1298 1068 1330 fundo
1095 1299 1137 1343 Q.
1166 1298 1362 1332 Ciceronis
1394 1299 1522 1331 vicini.
1567 1299 1624 1332 vel

141 1349 259 1381 vinum
285 1346 364 1380 Md.
393 1345 514 1382 Oxon.
541 1347 577 1381 2.
610 1345 794 1380 Vestinum
821 1346 938 1378 Oxon.
968 1348 999 1383 1,
1035 1347 1170 1390 Margo
1198 1347 1301 1381 Crat.
1331 1348 1431 1389 „Aut
1455 1347 1527 1379 hoc
1553 1358 1622 1380 no·

142 1407 226 1429 men
260 1401 482 1440 corruptum
517 1400 573 1426 est
604 1400 642 1426 et
670 1394 791 1428 Varro
817 1393 1092 1438 reponendum,
1119 1400 1181 1427 aut
1206 1401 1316 1428 antea
1343 1406 1410 1440 pro
1442 1394 1624 1429 Varronis

96 1472 98 1474 ,
142 1444 385 1478 scribendum
422 1441 608 1476 Veluini.“
636 1441 720 1475 Sch.
751 1441 948 1477 ORELLI.
1021 1443 1093 1476 Die
1128 1442 1464 1488 Nothwendigkeit
1499 1443 1622 1476 davon

142 1493 310 1526 leuchtet
345 1491 452 1525 nicht
484 1490 560 1523 ein.
636 1492 741 1524 Denn
765 1491 905 1523 vother
938 1502 1016 1523 war
1047 1502 1117 1524 von
1150 1492 1251 1524 einer
1277 1491 1392 1525 Wahl
1418 1491 1479 1523 die
1506 1491 1622 1532 Rede,

141 1543 189 1589 ql)
225 1542 291 1574 der
316 1542 412 1585 'Weg
448 1538 569 1572 durch
594 1537 743 1572 Varro's
778 1539 868 1572 oder
893 1540 1084 1572 Locusta⁷s
1111 1540 1187 1573 Gut
1213 1540 1318 1572 hatte
1343 1540 1461 1585 gehen
1487 1540 1620 1572 sollen.

139 1589 338 1626 Uberdiess
381 1587 473 1621 wird
507 1587 678 1621 nachher
713 1588 814 1620 noch
848 1587 909 1620 ein
949 1588 1127 1621 Nachbar
1158 1588 1215 1622 M.
1246 1589 1389 1621 Taurus
1434 1586 1615 1621 erwabnt.

140 1658 183 1663 —
208 1648 339 1682 prope.
389 1638 477 1669 Ern.
507 1636 603 1670 coni.
627 1636 753 1680 probe.
804 1636 915 1669 ohne
939 1636 1043 1670 Noth
1070 1636 1143 1668 und
1170 1637 1240 1669 mit
1264 1636 1450 1672 Unrecht.
1468 1655 1510 1660 —
1540 1646 1618 1668 mn-

138 1688 256 1720 nierat
289 1685 400 1718 viam.
454 1684 627 1718 Veluinus
660 1685 764 1717 hatte
798 1696 864 1718 vor
897 1685 1038 1717 seinem
1074 1685 1172 1718 Gute
1208 1685 1248 1717 in
1285 1684 1355 1717 der
1391 1682 1497 1717 Nahe
1544 1684 1617 1716 den

139 1736 235 1778 weg
269 1734 446 1778 pssastern
479 1733 619 1775 lassen,
665 1745 727 1766 um
760 1734 828 1767 Dir
859 1732 1120 1766 nachahmend
1146 1745 1190 1766 zu
1216 1732 1332 1765 Hfflfe
1359 1745 1405 1766 zu
1431 1732 1618 1772 kmnmen,

138 1795 180 1816 so
207 1783 292 1814 dass
314 1782 394 1814 sich
421 1781 539 1813 dieser
565 1783 662 1825 XVeg
688 1793 734 1814 an
762 1781 833 1814 den
859 1782 1040 1827 Deinigen
1068 1780 1291 1815 anschlosse.
1313 1799 1357 1805 —
1384 1791 1453 1814 non
1479 1780 1618 1823 allige-

139 1836 217 1871 rat,
245 1830 354 1863 hatte
378 1829 482 1862 noch
507 1829 615 1861 keine
641 1829 748 1862 Hand
775 1831 933 1874 anlegen
959 1830 1087 1863 lassen.
1144 1831 1234 1863 Man
1266 1828 1389 1869 sieht‚
1432 1828 1529 1870 dass,
1570 1828 1617 1861 da

139 1879 312 1913 Veluinus
350 1888 389 1911 so
423 1877 672 1910 nachbarlich
709 1879 1053 1922 zuvorgekommen
1090 1888 1183 1918 war,
1235 1877 1302 1910 der
1327 1878 1424 1921 weg
1457 1889 1530 1909 nnn
1556 1888 1616 1908 am

139 1929 274 1961 Besten
306 1927 402 1959 iiber
441 1927 634 1958 Locusta’s
669 1925 747 1958 Gut
781 1925 1018 1970 fortgef'uhrt
1050 1926 1190 1959 wurde.
1252 1924 1299 1959 So
1333 1925 1496 1958 vex-mied
1531 1936 1615 1957 man

140 1977 201 2009 die
236 1987 280 2009 zu
312 1975 415 2008 steile
448 1973 560 2006 stelle
600 1973 663 2006 des
694 1975 828 2018 VVeges
858 1973 934 2006 und
977 1973 1137 2006 andei-er
1186 1974 1282 2006 Seits
1324 1973 1421 2006 auch
1465 1971 1617 2005 Varro's

138 2025 273 2058 Grund
301 2023 380 2057 und
406 2021 550 2057 Boden.
607 2022 741 2056 Cicero
778 2022 851 2054 will
877 2021 1046 2054 desshalb
1071 2022 1142 2055 mit
1166 2023 1332 2055 Locusta
1358 2021 1440 2054 sich
1467 2022 1616 2066 bespre-

140 2073 252 2108 chen.
281 2090 328 2096 —
354 2071 509 2114 aliquem
534 2070 706 2112 aggredi,
733 2070 936 2104 Iemanden
961 2071 1063 2103 einer
1087 2069 1209 2103 Sache
1234 2081 1365 2113 wegen
1392 2070 1578 2116 angehen.

234 2121 267 2154 5.
295 2118 454 2158 aedesio,
482 2118 627 2151 klemer
652 2119 740 2152 Bau.
771 2137 808 2143 —
838 2129 875 2150 se
899 2118 1015 2162 ipsum
1043 2145 1051 2154 .
1081 2143 1089 2150 .
1118 2144 1125 2150 .
1153 2118 1251 2151 cond.
1270 2118 1409 2160 fuisse,
1436 2129 1476 2150 er
1503 2117 1617 2150 selbst

140 2169 239 2201 habe
268 2168 327 2200 die
353 2167 593 2211 Auss'uhrung
619 2166 735 2200 dieses
760 2167 896 2199 VVerks
929 2177 990 2199 um
1018 2167 1145 2208 16‚000
1171 2166 1380 2200 Sestertien
1415 2167 1615 2199 iiber-nom-

139 2229 235 2250 τηου.
265 2226 389 2249 xvtcm
416 2215 592 2251 Lambin.
642 2234 688 2239 —
738 2215 777 2248 id
799 2225 837 2247 se
863 2214 960 2247 omis.
978 2240 986 2251 ,
1025 2215 1111 2247 hab’
1139 2227 1178 2247 er
1205 2227 1240 2248 es
1267 2215 1389 2259 liegen
1415 2214 1542 2247 lassen.
1572 2231 1613 2236 -—

139 2266 225 2307 illa,
267 2268 303 2297 ut
329 2267 463 2301 cons!.,
500 2264 560 2296 die
592 2263 842 2308 vorgehabten
870 2262 1253 2307 Verschonerungen.
1306 2262 1545 2296 constitueras
1571 2261 1614 2294 de

139 2314 228 2346 ΕΠ).
262 2325 363 2357 susp.
397 2311 482 2343 sch.
519 2313 613 2345 Li'm.
664 2311 780 2343 Allein
814 2322 850 2343 es
885 2322 958 2343 war
991 2311 1026 2344 ia
1060 2310 1161 2344 noch
1194 2311 1331 2344 immer
1364 2310 1426 2343 des
1460 2310 1614 2352 Quintus

140 2362 277 2403 Wille,
317 2360 394 2394 sein
422 2360 497 2392 Gnt
530 2371 572 2393 zu
598 2359 858 2392 vex-schonern.
894 2377 937 2383 —
971 2370 1063 2402 quae
1088 2360 1114 2392 f.
1142 2363 1194 2400 ut,
1221 2359 1338 2402 qualis
1363 2369 1454 2391 nunc
1480 2362 1541 2390 est.
1567 2375 1613 2381 ·-

139 2421 229 2452 qnae
255 2423 303 2440 Ξ
330 2419 446 2453 quum
472 2418 513 2439 ea
540 2408 709 2450 obiurget
736 2415 830 2454 cet...
871 2407 915 2439 da
949 2407 1002 2439 sie
1028 2408 1147 2440 durch
1174 2407 1257 2440 ihre
1282 2406 1528 2440 Einfachheit
1555 2405 1614 2437 die

138 2456 457 2491 ausschweifende
498 2457 638 2488 Pracht
672 2456 745 2488 und
788 2450 988 2500 Uppigkeit
1030 2455 1096 2488 der
1137 2455 1277 2488 andern
1317 2453 1611 2488 Nachbarinnen

138 2506 216 2539 lant
243 2506 450 2538 bescliiimt.
479 2523 519 2527 —
549 2503 774 2546 Topiarinm,
802 2504 865 2536 das
893 2503 1240 2544 Blumenwerk,
1266 2503 1337 2536 wie
1352 2503 1411 2535 bei
1430 2503 1496 2534 der
1516 2501 1611 2534 Gar-

138 2554 395 2595 temnahlerei‚
421 2552 742 2596 Knnstgiirtnerei.
773 2553 832 2584 die
857 2551 1052 2585 allerhand
1077 2552 1236 2597 Figuren
1264 2563 1325 2584 ans
1338 2549 1612 2590 Strauchwerk‚

136 2602 374 2634 Bnehsbaum
401 2613 435 2633 u.
465 2613 491 2636 s.
519 2600 546 2633 f.
575 2611 639 2632 zur
658 2601 878 2644 Einfassung
904 2609 975 2631 von
1001 2600 1309 2634 Blmnensti'iclzen
1335 2611 1370 2632 u.
1392 2611 1419 2634 s.
1441 2600 1465 2632 f.
1484 2598 1611 2631 anser-

138 2651 245 2694 tigte.
320 2650 355 2681 S.
399 2649 489 2681 Plin.
518 2650 560 2681 Η.
587 2649 635 2683 Ν.
665 2648 747 2688 XV,
784 2651 840 2683 30.
877 2648 1014 2688 XVIII,
1042 2650 1097 2682 28.
1125 2649 1223 2687 XXI,
1255 2651 1304 2682 ll.
1333 2647 1452 2688 XXll,
1481 2647 1536 2681 22.
1567 2663 1610 2669 -—

138 2698 369 2738 convestivit,
408 2708 447 2728 m·
486 2696 548 2729 hat
585 2696 783 2729 bclzleidet.
834 2696 895 2729 Sic
928 2696 1009 2729 Md.
1037 2696 1156 2729 Oxou.
1193 2699 1227 2733 1.
1261 2698 1294 2731 2.
1330 2703 1401 2729 cet.
1436 2694 1610 2728 convestit

138 2747 240 2780 Man.
283 2747 366 2778 Ern.
402 2745 488 2778 Sch-
526 2746 622 2780 Li'm.
660 2744 855 2778 ORELLI.
886 2762 928 2768 -—
961 2755 1030 2789 qna
1059 2770 1065 2778 .
1094 2770 1101 2776 .
1130 2754 1210 2787 qua,
1238 2744 1349 2777 theils
1380 2770 1385 2777 .
1416 2769 1421 2775 .
1452 2769 1459 2777 .
1488 2740 1608 2775 thella.
