1742 3006
1707 0 1726 77 ε

187 61 276 109 150
455 64 516 105 Μ.
548 64 603 106 Τ.
635 60 977 106 CICERONIS
1007 61 1386 107 EPISTOLAE.

186 188 361 217 omnem
415 187 443 216 a
487 174 614 215 nobis
666 172 954 228 diligentiam
990 174 1295 230 virtutemque
1338 178 1385 215 et
1438 178 1664 230 postulent
1704 164 1711 201 ζ’

188 235 235 272 et
291 233 572 285 exspectent,
630 242 782 271 omnes
833 235 982 273 autem
1031 231 1239 285 improbi,
1296 230 1419 284 quod
1465 231 1565 273 c‘um
1602 235 1663 275 iis

187 287 358 328 bellum
413 287 731 340 sempiternum
787 287 1086 340 suscepimus,
1145 287 1220 328 vel
1258 286 1445 327 minima
1502 300 1550 329 re
1606 289 1664 331 ad

125 345 178 385 42
191 341 607 397 reprehendendum
645 343 846 383 contenti
887 355 983 383 esse
1023 341 1274 384 videantur.
1343 342 1517 396 Quare,
1557 356 1666 398 quo-

189 398 309 439 niam
335 397 557 438 eiusmodi
584 395 809 438 theatrum
829 399 856 447 †
884 401 953 439 est
980 398 1135 451 totius,
1166 397 1429 439 celebritate
1458 396 1664 441 refertis-

188 455 365 505 simum,
392 453 701 508 magnitudine
731 453 1071 508 amplissimum,
1100 453 1272 494 iudicio
1295 453 1664 505 eruditissimum,

187 512 349 550 natura
376 512 523 550 autem
552 510 619 550 ita
648 521 873 561 resonans,
902 512 952 549 ut
978 522 1116 564 usque
1145 508 1336 551 Romam
1365 509 1664 564 significatio-

188 577 268 606 nes
295 577 520 620 vocesque
551 563 829 606 reserantur:
861 565 1106 618 contende,
1135 578 1314 619 quaeso,
1344 570 1478 620 atque
1508 566 1664 608 elabo-

188 633 264 673 ra,
309 634 399 662 non
427 620 563 662 modo
592 624 642 660 ut
669 619 743 661 his
774 620 902 661 rebus
932 620 1094 675 dignus
1123 619 1286 674 fuisse,
1337 621 1418 663 sed
1449 622 1586 663 etiam
1614 625 1666 663 ut

189 676 276 717 illa
305 677 457 718 omnia
485 677 577 718 tuis
606 677 778 718 artibus
807 689 1040 729 superasse
1067 675 1271 718 videare.

125 731 176 771 43
298 730 409 774 XV.
467 732 530 773 Et
559 733 769 786 quoniam
796 731 913 772 mihi
943 745 1072 773 casus
1100 733 1315 773 urbanam
1352 731 1401 772 in
1428 733 1666 787 magistra-

188 787 308 829 tibus
347 788 786 829 administrationem
833 789 901 829 rei
936 788 1168 842 publicae,
1214 788 1300 828 tibi
1340 788 1668 841 provincialem

188 842 341 894 dedit3
371 844 411 884 si
439 856 540 885 mea.
567 857 670 898 pars
700 842 870 884 nemini
900 844 1037 897 cedit,
1067 842 1155 896 fac,
1186 847 1236 884 ut
1264 847 1343 883 tua
1365 847 1539 885 ceteros
1567 845 1668 885 vin-

189 902 274 939 cat.
333 899 481 941 Simul
510 902 555 940 et
584 899 704 940 illud
732 899 899 954 cogita,
928 913 1008 941 nos
1038 913 1127 941 non
1157 898 1212 939 de
1237 898 1414 953 reliqua
1443 903 1490 940 et
1518 913 1669 954 spera-

188 958 236 995 ta
264 955 413 1006 gloria
442 955 534 996 iam
562 955 782 1008 laborare,
811 955 891 996 sed
921 955 977 996 de
1006 960 1136 1010 parta
1157 954 1398 996 dimicare:
1427 968 1540 1009 quae
1569 957 1669 1010 qui-

188 1010 290 1051 dem
330 1024 418 1052 non
459 1014 551 1052 tam
592 1010 847 1066 expetenda
885 1011 1014 1052 nobis
1044 1011 1158 1063 fuit,
1207 1023 1340 1065 quam
1379 1010 1548 1051 tuenda
1587 1015 1668 1052 est.
1728 1060 1730 1062 ,

186 1067 269 1118 Ac,
298 1067 339 1108 si
368 1065 484 1107 mihi
512 1067 755 1122 quidquam
784 1071 902 1108 esset
933 1067 1011 1108 abs
1041 1070 1086 1108 te
1117 1070 1397 1121 separatum,
1425 1064 1545 1107 nihil
1576 1080 1668 1108 am·
1728 1066 1731 1069 “

186 1221 321 1244 unsere
347 1210 520 1255 Stellung
545 1209 598 1244 im
622 1211 762 1245 staate.
789 1228 836 1236 --
862 1221 995 1245 omnem
1021 1221 1045 1244 a
1070 1210 1186 1244 nobis.
1237 1209 1299 1243 Sic
1325 1210 1409 1244 Md.
1438 1212 1539 1244 Vict.
1569 1213 1604 1247 1.
1633 1213 1669 1248 2.

186 1269 209 1291 α
244 1258 347 1292 nobis
387 1269 520 1293 omnem
554 1260 652 1292 Cett.
688 1278 733 1284 —
764 1259 908 1303 sempit.
941 1269 1078 1303 suscep.
1129 1257 1192 1292 Sic
1217 1257 1298 1292 Md.
1324 1259 1429 1295 Vict.
1457 1261 1489 1292 1.
1517 1260 1550 1294 2.
1577 1269 1669 1293 susc.
1727 1270 1729 1274 ·

185 1316 297 1350 semp.
329 1308 428 1340 Cett.
457 1325 505 1332 ——
537 1307 596 1340 sel
631 1308 716 1340 min.
768 1300 872 1341 Uber
905 1307 964 1339 vel
995 1307 1048 1339 als
1076 1305 1343 1354 Versttirkung
1377 1306 1442 1340 des
1466 1307 1612 1352 Superl.
1639 1319 1668 1342 s,
1726 1318 1728 1351 ς

186 1354 339 1389 Ramsh.
367 1354 400 1398 ὖ.
431 1355 511 1397 156,
538 1355 574 1397 3,
602 1366 634 1388 a.
684 1355 834 1389 Grotef.
860 1354 941 1390 364.

283 1403 340 1438 42.
385 1403 551 1448 quoniam
576 1426 586 1435 .
614 1427 623 1436 .
651 1426 659 1436 .
686 1402 906 1436 celebritate.
970 1401 1031 1435 Sic
1064 1401 1145 1436 Md.
1182 1402 1305 1437 Oxou.
1341 1403 1380 1439 3.
1417 1401 1540 1435 Ceteri
1574 1401 1669 1438 edd.

186 1451 280 1484 noti.
306 1450 416 1484 Vict.
451 1452 485 1486 2.
549 1451 722 1484 Fortasse
757 1451 853 1484 nihil
879 1450 1038 1491 excidit,
1078 1449 1142 1483 sed
1174 1455 1354 1494 corrupta
1379 1456 1464 1483 sunt
1489 1451 1672 1485 vocabula
1726 1454 1727 1463 ¹

189 1503 242 1532 est
267 1500 396 1541 totius,·
421 1498 477 1532 ita
502 1505 542 1533 ut
568 1498 704 1533 fuerit:
735 1499 866 1538 Quare,
894 1498 1061 1543 quoniam
1086 1498 1259 1531 eiusmodi
1285 1496 1462 1532 theatrum
1494 1509 1529 1532 es
1554 1499 1671 1532 sorti·
1725 1493 1727 1503 “

188 1552 246 1580 tus
281 1547 494 1580 celebritate
526 1555 600 1580 cet.
658 1547 740 1581 Iam
773 1547 964 1580 videamus
997 1546 1326 1591 interpolationes:
1371 1547 1410 1582 Q.
1436 1557 1468 1589 q.
1497 1547 1672 1581 eiusmodb⁸
1723 1568 1727 1593 ἐ

189 1595 366 1629 theatrum
387 1599 440 1628 est
458 1596 567 1629 totius
583 1595 699 1628 Asiae
725 1596 785 1638 (ex
802 1596 942 1639 glossa)
969 1594 1034 1627 cel.
1052 1596 1203 1628 Ascens.
1245 1593 1301 1629 Iu.
1316 1594 1378 1628 Cr.
1396 1595 1500 1628 Man.
1518 1595 1668 1630 Ernest.

192 1644 233 1678 Q.
262 1654 291 1687 q.
327 1643 495 1677 eiusmodi
526 1642 573 1677 th.
609 1643 720 1676 totius
751 1644 867 1677 Asiae
891 1642 1084 1675 virtutibus
1108 1642 1182 1675 tuis
1208 1645 1261 1674 est
1285 1641 1416 1685 datum,
1444 1643 1507 1678 cel.
1534 1644 1671 1688 Margo
1724 1644 1725 1694 ζ

190 1694 290 1724 Crat.
317 1692 415 1725 Item
441 1692 539 1724 Vict.
571 1691 617 1732 L,
644 1691 708 1723 sed
734 1691 857 1724 omiss.
885 1690 967 1723 tuis.
1005 1690 1175 1735 Denique
1204 1690 1242 1725 Q.
1270 1700 1301 1734 q.
1329 1690 1500 1724 eiusmodi
1524 1690 1572 1724 tlz.
1599 1692 1672 1725 tuis
1723 1709 1725 1719 ι

188 1739 381 1773 virtutibus
414 1743 465 1772 est
497 1739 636 1781 datum,
669 1739 736 1776 cel.
765 1739 899 1776 Lamb.
917 1739 1082 1772 Facciol.
1100 1739 1253 1771 Lallem.
1280 1739 1467 1783 probante
1485 1739 1668 1774 Gesnero.
1724 1747 1725 1751 ’

190 1789 288 1820 Item
303 1787 458 1820 Schiitz.
484 1788 588 1821 Bent.
614 1788 789 1829 Lsmem„
816 1788 880 1820 sed
909 1786 1029 1820 deleto
1048 1788 1244 1820 sanissimo
1270 1787 1455 1820 vocabulo
1482 1788 1673 1824 eiusmodi.
1722 1817 1723 1820 ,

188 1836 281 1869 Sinn
308 1835 404 1869 nach
432 1836 576 1870 Orelli's
603 1836 832 1880 getroffener
858 1836 1156 1880 Verbesserung:
1191 1834 1294 1868 weil
1310 1837 1369 1868 Du
1395 1835 1473 1868 also
1499 1837 1567 1870 auf
1589 1837 1674 1869 eine
1722 1860 1723 1863 η

188 1882 318 1917 solcbe
345 1896 417 1918 von
442 1884 680 1919 Zuschauern
708 1885 782 1917 voll
807 1884 1034 1928 gedrangte,
1075 1895 1119 1916 an
1146 1883 1279 1916 scharf
1293 1883 1554 1917 urtheilenden
1572 1885 1674 1918 Ken-

187 1943 280 1965 nern
311 1931 453 1966 hochst
484 1932 617 1965 reiche
649 1932 906 1967 Sehaubiihne
942 1932 1264 1966 unermesslichen
1302 1932 1506 1976 Umfanges
1534 1932 1674 1966 durchs
1721 1940 1724 1977 ‚⁸

186 1982 288 2015 Loos
313 1981 464 2025 gestellt
488 1980 585 2021 bist,
620 1981 680 2014 die
707 1993 778 2013 von
803 1981 924 2014 Natur
950 1992 989 2013 so
1017 1981 1100 2013 weit
1129 1980 1363 2023 hinschallt,
1399 1981 1482 2014 dass
1500 1981 1571 2013 alle
1590 1982 1673 2014 Zei-
1720 1983 1723 2003 '³

189 2028 287 2061 chen
312 2028 389 2062 und
413 2030 546 2063 X‘Vorte
573 2028 638 2064 des
662 2029 799 2062 Tadels
826 2029 918 2062 oder
944 2029 1097 2062 Beisalls
1124 2029 1180 2061 bis
1213 2029 1311 2061 nach
1341 2029 1436 2062 Rom
1474 2028 1673 2063 widerhal-
1720 2044 1723 2073 ς

186 2077 268 2110 len:
322 2089 362 2110 so
396 2089 435 2114 u.
471 2089 502 2110 s·
541 2089 588 2115 w.
641 2078 723 2121 vgl.
761 2077 860 2110 oben
887 2077 919 2120 ᾖ.
947 2078 982 2111 9.
1013 2089 1050 2113 ιι,
1078 2079 1134 2112 31.
1184 2076 1318 2118 signis.
1346 2089 1397 2107 Ξ
1421 2077 1674 2122 ἐπισημασίαι,
1720 2092 1721 2096 ’

188 2125 397 2170 applausus.
459 2125 542 2160 Vid.
578 2126 624 2159 ad
658 2126 775 2161 Attio.
813 2127 843 2159 l.
873 2125 965 2167 (10).
1002 2126 1110 2162 Orat,
1139 2136 1206 2170 pro
1233 2125 1332 2157 Sext.
1359 2125 1420 2162 49.
1465 2127 1511 2159 ad
1537 2127 1670 2162 Famil.
1719 2122 1721 2155 2

187 2175 236 2212 11,
266 2185 326 2218 ep.
352 2174 384 2207 5.
414 2192 457 2197 —--
499 2172 555 2207 his
578 2175 705 2215 rebus,
748 2174 868 2207 dieser
894 2175 1089 2218 Vorziige,
1125 2174 1200 2206 hoc
1227 2173 1295 2205 tali
1321 2173 1483 2208 theatro.
1513 2194 1556 2199 —
1605 2174 1674 2208 illa
1719 2172 1721 2207 Ῑ

188 2222 320 2262 omnia,
348 2222 613 2256 celebritatem
639 2224 760 2266 Asiae,
787 2222 1093 2267 magnitudinem,
1123 2221 1394 2258 eruditionem.
1452 2216 1670 2257 SCIIUTZ.
1717 2258 1720 2264 ¹

285 2271 363 2302 XV.
392 2271 450 2304 43.
477 2270 511 2303 si
533 2281 616 2304 mea
639 2282 741 2315 pars,
770 2282 878 2304 wenn
903 2271 1026 2304 meine
1053 2271 1159 2304 Rolle
1177 2270 1338 2304 Keinem
1356 2269 1497 2304 andern
1515 2271 1671 2315 wicht,

186 2319 221 2351 d.
249 2318 275 2350 i.
311 2329 423 2350 wenn
457 2317 521 2351 ich
554 2320 676 2352 moine
703 2319 811 2353 Rolle
837 2319 889 2352 als
915 2320 1091 2353 Beamter
1120 2320 1157 2352 in
1192 2319 1258 2351 der
1285 2319 1511 2363 Hauptstadt
1537 2319 1673 2366 wenig-
1717 2324 1719 2363 ]

186 2374 286 2399 stens
320 2377 361 2399 so
393 2372 459 2410 gut
492 2366 546 2399 uls
580 2368 717 2412 irgend
751 2369 868 2401 Einer
893 2368 1022 2413 spiele.
1075 2367 1134 2401 Sic
1159 2367 1290 2402 Lamb.
1318 2367 1426 2402 Vict.
1451 2369 1485 2402 2.
1513 2368 1669 2401 Schiitz.

187 2416 234 2447 dc
259 2414 421 2458 Malasp.
447 2416 632 2448 sententia
658 2417 817 2461 probata
844 2416 958 2449 etiam
986 2417 1168 2450 Gesnero.
1220 2419 1253 2448 et
1286 2415 1319 2448 Si
1353 2415 1454 2448 Crat.
1489 2416 1595 2449 Vict.
1633 2418 1666 2450 l.

186 2465 289 2497 Man.
316 2463 462 2497 Ernest.
491 2474 576 2496 cum
600 2465 686 2501 Md.
714 2465 825 2498 dedit:
852 2465 908 2497 uti
931 2475 1007 2498 mea
1033 2475 1122 2507 pars
1147 2464 1313 2497 Fncciol.
1343 2464 1445 2499 coni.
1475 2464 1672 2502 ORELLJ,
1736 2487 1737 2497 1

189 2531 232 2535 —
259 2513 354 2554 sac,
388 2514 437 2544 ut.
496 2511 655 2547 Ramsh.
690 2515 718 2557 ξ.
757 2515 834 2548 167.
870 2513 919 2549 Ν.
950 2516 982 2547 l.
1010 2513 1161 2547 Grotef.
1188 2515 1216 2556 ξ).
1248 2513 1324 2547 186.
1360 2513 1471 2546 Anm.
1497 2514 1529 2548 2.
1559 2532 1602 2538 —-—
1630 2514 1673 2546 de
1737 2547 1738 2550 ,

188 2560 346 2603 reliqua,
373 2559 397 2592 i.
423 2571 455 2592 e.
483 2559 530 2592 dc
556 2561 699 2602 futura,
727 2572 824 2606 quae
849 2562 959 2594 nobis
986 2561 1151 2607 paranda
1178 2567 1233 2594 est
1258 2566 1294 2593 ct
1320 2567 1488 2606 speretur
1510 2572 1530 2594 a
1548 2561 1669 2595 nobis.
1736 2583 1739 2612 ἶ

188 2608 268 2649 Vgl.
298 2609 402 2641 Orat.
430 2620 487 2653 pr.
514 2607 613 2642 Sext.
641 2611 704 2644 34:
746 2621 810 2654 spe
838 2610 1004 2655 reliquae
1040 2609 1341 2654 tranquillitatiS.
1380 2610 1531 2645 cornel.
1567 2610 1669 2643 The·
1716 2607 1739 2658 '3

189 2657 290 2689 mist.
309 2658 350 2691 2:
380 2668 453 2689 non
479 2657 598 2691 solum
624 2659 811 2702 praesenti
830 2659 942 2700 bello,
968 2657 1030 2691 sed
1057 2659 1172 2691 etiam
1191 2657 1337 2703 reliquo
1352 2664 1524 2704 tempore
1542 2666 1669 2691 cet.—-
1715 2670 1717 2682 ³

189 2705 366 2737 laborare
392 2706 446 2746 dc,
473 2706 556 2739 sich
583 2717 645 2739 um
671 2707 794 2740 Etwas
821 2707 1028 2748 bemuhen,
1054 2707 1213 2740 wonach
1239 2707 1381 2751 ringen.
1411 2727 1451 2733 —
1478 2707 1520 2739 de
1545 2711 1669 2750 parta,
1714 2716 1739 2749 Ἴ*

189 2753 214 2784 i.
247 2764 276 2786 c.
311 2753 356 2786 dc
384 2765 447 2795 ea,
484 2766 597 2799 quam
624 2755 697 2788 iam
724 2755 925 2799 habemus,
953 2756 1147 2790 retinenda
1175 2755 1380 2797 dimicare,
1419 2756 1483 2790 ssu·
1509 2756 1581 2789 den
1616 2766 1670 2788 er·
1713 2769 1738 2797 3,
