1742 3006
131 73 225 121 514
405 74 466 116 M.
500 73 555 115 T.
589 66 939 113 CICERONIS
966 66 1348 114 EPISTOLAE.

136 188 293 230 celabo
333 191 377 227 te
417 197 487 225 res
526 182 779 225 Romanas?
836 181 938 225 Non
979 180 1098 222 enim
1142 183 1187 222 te.
1227 183 1336 235 puto
1375 178 1432 220 de
1471 179 1626 232 lustro,

137 245 257 302 quod
297 243 385 283 iam
429 240 706 296 desperatum
748 242 839 291 est,
891 242 967 279 aut
1015 236 1074 278 de
1113 235 1325 287 iudiciis,
1378 249 1492 290 quae
1531 236 1630 290 lege

139 303 168 354 ἦ
199 298 358 343 Coctia
388 296 515 348 fiant,
544 309 772 352 quaerere.
805 294 898 322 *⁴²*

75 377 127 420 15
250 374 398 426 [Nunc
428 376 472 413 te
501 371 732 428 obiurgari
760 375 936 427 patere,
976 369 1017 411 si
1046 369 1157 412 iure.
1216 368 1391 411 Scribis
1428 368 1547 410 enim
1585 367 1632 408 in

138 446 190 474 ea
219 428 424 486 epistola,
465 441 596 483 quam
638 429 688 470 C.
720 426 959 469 Decimius
998 425 1112 467 mihi
1142 425 1364 476 reddidit,
1405 423 1632 466 Buthroto

139 489 313 536 datam,
354 485 401 526 in
443 484 595 528 Asiam
634 483 719 526 tibi
760 483 953 525 eundum
991 496 1086 524 esse
1123 486 1167 524 te
1207 480 1436 523 arbitrari.
1509 478 1632 520 Mihi

138 540 395 584 mehercule
423 539 541 582 nihil
569 541 806 583 videbatur
835 552 948 588 esse,
991 537 1038 579 in
1068 552 1156 595 quo
1194 538 1413 580 tantulum
1442 536 1631 577 interes-

141 603 224 650 set,
255 602 402 639 utrum
430 611 513 653 per
541 601 856 653 procuratores
897 607 1070 650 ageres,
1107 609 1164 636 an
1203 607 1283 649 per
1311 598 1355 635 te
1386 593 1547 648 ipsum⁷
1586 595 1635 632 ut

142 654 290 696 abires
320 653 453 696 toties
485 657 528 694 et
558 657 648 694 tam
677 654 809 708 longe
840 653 1030 693 abesses.
1103 649 1193 691 Sed
1222 650 1334 691 haec
1362 650 1535 690 mallem
1566 647 1632 688 in-

142 716 271 765 tegra
311 724 358 751 re
399 714 546 750 tecum
586 709 741 764 egisse.
809 707 1027 749 Profecto
1067 707 1187 748 enim
1228 705 1401 760 aliquid
1430 705 1631 760 egissem.

142 766 274 809 Nunc
304 765 542 820 reprimam
571 770 822 820 susceptam
852 763 1223 818 obiurgationem.
1283 760 1468 803 Utinam
1486 761 1635 802 valeat

143 823 200 863 ad
242 822 518 863 celeritatem
558 821 730 863 reditus
772 819 858 862 tui!
924 820 1025 876 Ego
1055 819 1114 861 ad
1142 823 1187 860 te
1226 820 1462 873 propterea
1490 816 1636 856 minus

142 892 272 935 saepe
313 877 490 930 scribo,
533 877 655 932 quod
695 882 865 918 certum
903 890 992 916 non
1031 875 1203 927 habeo,
1244 874 1323 915 ubi
1361 872 1424 915 sis
1456 877 1531 913 aut
1558 870 1635 912 ubi

146 933 323 977 futurus
361 933 438 976 sis.
497 932 620 976 Huic
658 936 804 975 tamen
846 932 1000 973 nescio
1038 931 1126 982 cui,
1166 930 1288 986 quod
1325 929 1562 971 videbatur
1597 927 1637 969 is

142 995 188 1034 te
215 990 395 1033 visurus
425 1003 534 1040 esse,
565 989 722 1045 putavi
752 988 923 1030 dandas
953 1001 1048 1029 esse
1077 987 1249 1028 literas.
1307 985 1398 1037 Tu,
1428 983 1638 1041 quoniam

145 1144 287 1188 (omiss.
313 1142 501 1188 proderit)
524 1140 607 1175 scil.
633 1141 800 1175 narras?
834 1141 897 1176 vel
935 1141 1021 1185 quid
1043 1152 1124 1175 mea
1159 1140 1225 1176 hoc
1250 1147 1515 1177 monumentum
1551 1142 1637 1177 scil.

146 1193 294 1227 refert?
329 1210 376 1216 —
418 1190 541 1224 celabo
569 1193 610 1223 te.
664 1189 747 1223 Hoc
773 1189 845 1223 ait:
874 1190 906 1223 si
931 1190 1003 1223 tibi
1029 1190 1214 1225 eiusmodi
1240 1203 1316 1233 res,
1343 1191 1454 1235 quale
1479 1191 1556 1225 hoc
1582 1196 1639 1225 est

144 1245 445 1280 monumentum,
480 1237 630 1270 narrari
661 1248 737 1271 non
772 1237 842 1278 vis,
877 1238 1032 1272 omnino
1058 1250 1118 1272 res
1144 1239 1327 1274 Romanas
1360 1246 1398 1274 te
1425 1240 1548 1274 celem
1573 1250 1639 1273 ne-

146 1299 250 1324 cesse
278 1294 354 1330 est3
381 1287 545 1320 maiores
573 1286 676 1318 enim
703 1297 779 1319 non
806 1285 925 1320 habeo
951 1298 1042 1330 quas
1068 1298 1233 1321 narrem.
1283 1288 1341 1321 Ita
1361 1294 1466 1322 recte
1491 1287 1640 1333 accepit

145 1338 248 1371 hunc
275 1335 404 1369 locum
430 1333 643 1372 Ernestius.
671 1333 780 1368 SCH.
821 1350 864 1356 -—
900 1334 1112 1369 Vielleicht
1138 1335 1203 1376 ist,
1227 1336 1302 1370 wie
1327 1336 1367 1370 id
1389 1337 1463 1370 lab.
1488 1336 1567 1370 und
1592 1335 1642 1369 ad

146 1385 298 1429 quietem
325 1383 395 1418 der
421 1381 513 1417 cdd.
550 1381 722 1424 vern-ath,
753 1394 801 1415 zu
828 1381 952 1416 lesen:
990 1384 1085 1418 Quid
1117 1383 1220 1425 (scil.
1247 1383 1408 1427 habet)‘.'
1440 1396 1509 1429 quo
1542 1384 1640 1418 dele-

146 1438 255 1474 ctem,
279 1432 317 1465 in
343 1442 411 1475 quo
437 1431 665 1475 acquiescam
691 1430 781 1472 (wie
806 1430 851 1463 ad
869 1430 985 1467 Attio.
1003 1432 1067 1473 IV,
1086 1434 1142 1468 16.
1167 1432 1253 1474 XII,
1270 1434 1324 1468 18.
1351 1432 1397 1466 ad
1414 1433 1497 1467 Div.
1512 1433 1577 1475 lv,
1591 1433 1639 1473 3).

145 1499 193 1507 ——
220 1481 345 1514 Habes
373 1486 444 1514 etc.
472 1479 562 1512 oder
590 1479 706 1514 Quid?
748 1478 969 1523 Acquiesce3
995 1479 1105 1514 habes
1130 1491 1193 1513 res
1217 1481 1262 1515 R.
1289 1480 1381 1515 oder
1408 1480 1527 1516 Quid?
1560 1481 1639 1513 Ac-

147 1529 276 1574 cepi-eti
301 1538 364 1562 res
387 1528 430 1562 R.
457 1527 532 1562 wie
556 1538 616 1572 ep.
650 1526 798 1569 CXLII,
825 1528 858 1562 3.
893 1528 998 1562 Nunc
1024 1539 1082 1562 res
1106 1528 1290 1562 Romanas
1315 1530 1452 1573 accipe.
1503 1548 1549 1553 —
1600 1529 1641 1562 de

147 1579 268 1612 lustro
295 1577 392 1620 quod
415 1576 440 1609 i.
469 1576 567 1619 desp.
595 1579 660 1617 est,
687 1585 821 1609 woran
847 1575 937 1609 kein
965 1576 1122 1610 Mensch
1147 1576 1260 1610 mehr
1284 1576 1416 1618 denkt,
1455 1577 1543 1622 quia
1567 1576 1639 1610 tri-

147 1625 240 1659 buni
266 1624 389 1670 plebis
425 1635 580 1657 censum
613 1629 650 1657 et
677 1623 841 1656 lustrum
879 1624 954 1658 suis
988 1624 1339 1659 obnuntiationibus
1374 1625 1638 1671 impediebant.

150 1673 230 1707 Vid.
261 1684 375 1718 supra
403 1683 461 1718 ep.
489 1673 568 1707 119.
594 1670 704 1706 SCH.
733 1690 777 1696 —
803 1671 827 1714 -ξ-
855 1672 999 1707 Coctia.
1040 1672 1106 1708 Sic
1133 1680 1313 1719 corrupte
1339 1674 1413 1708 Md.
1442 1685 1529 1707 cum
1554 1673 1641 1718 ple-

148 1722 278 1765 risque
317 1719 409 1754 cdd.
451 1719 542 1764 sqq.
594 1719 719 1754 Plotia
753 1720 839 1754 Asc.
874 1723 906 1756 2.
952 1721 1052 1756 Crat.
1088 1724 1184 1756 Man.
1222 1722 1353 1756 Lamb.
1407 1721 1538 1755 Cincia
1574 1720 1640 1755 Cd.

149 1768 279 1804 Maffei
305 1767 412 1813 prob.
441 1767 562 1802 Hand.
618 1767 745 1801 Coelia
771 1768 842 1801 Iac.
872 1769 990 1804 Gron.
1018 1769 1119 1804 Lall.
1149 1769 1347 1803 ORELLI.
1397 1770 1553 1804 Weder
1577 1769 1641 1803 die

148 1819 213 1851 lex
240 1815 440 1857 iudiciaria
466 1815 597 1849 Coctia
623 1826 697 1849 von
721 1816 850 1850 Aurel.
879 1817 999 1861 Cotta,
1026 1818 1126 1853 noch
1148 1818 1272 1852 Plotia
1298 1820 1413 1852 u.s.f.
1442 1817 1642 1852 euthalten

149 1866 278 1901 Etwas
305 1863 444 1898 hieher
470 1862 727 1913 gehorendes3
757 1864 862 1898 wohl
887 1865 977 1898 aber
1001 1866 1062 1900 die
1088 1867 1152 1900 lex
1179 1865 1311 1899 Cincia
1336 1877 1459 1913 gegen
1485 1866 1547 1899 die
1572 1866 1641 1899 Be-

149 1913 391 1960 stechungen
423 1911 493 1945 der
524 1911 726 1959 Ankl'a'ger
761 1912 839 1945 und
873 1913 1064 1958 Anwalte,
1099 1915 1252 1948 worauf
1283 1914 1419 1948 Cicero
1454 1914 1542 1948 hier
1576 1925 1640 1948 an-

148 1961 276 2008 spielt.
329 1959 439 1997 S.,zu
465 1969 523 2004 ep.
549 1959 658 2001 XXV,
685 1962 716 1994 7.

250 2023 304 2058 15.
331 2021 449 2056 Nunc.
500 2020 671 2054 Alterius
698 2022 796 2065 frag.
824 2021 1023 2067 epistolae.
1068 2023 1151 2056 vid.
1189 2022 1279 2058 Sch.
1326 2023 1523 2058 ORELLI.
1574 2022 1641 2056 mit

150 2070 275 2106 Recht
310 2067 515 2114 behauptet
551 2067 707 2109 Schiitz,
741 2069 821 2102 dass
859 2071 947 2113 Das,
985 2082 1062 2104 was
1096 2082 1172 2105 von
1205 2073 1311 2105 Nunc
1344 2072 1398 2105 bis
1435 2071 1558 2114 egeris
1581 2081 1640 2104 am

151 2119 259 2154 Ende
285 2118 398 2165 solgt‚
437 2117 497 2150 ein
523 2115 765 2151 Bruchstiick
791 2118 891 2151 eines
924 2129 996 2152 vor
1030 2119 1113 2153 dem
1149 2121 1228 2155 142.
1257 2120 1320 2163 (ad
1344 2120 1460 2154 Attic.
1488 2119 1553 2161 IV,
1583 2119 1642 2159 15)

151 2165 455 2216 geschriebenen
478 2164 624 2199 Briefes
646 2166 712 2199 sei.
748 2166 856 2199 Denn
883 2165 970 2199 hier
996 2167 1113 2201 tadelt
1130 2168 1265 2202 Cicero
1282 2168 1353 2201 den
1366 2167 1532 2209 Attilam,
1560 2166 1641 2200 dass

154 2228 196 2249 er
222 2214 321 2248 nach
347 2214 463 2246 Asien
491 2213 616 2246 reisen
642 2213 792 2255 wollte,
815 2226 892 2248 was
921 2226 965 2249 er
989 2215 1159 2263 dag-egen
1187 2217 1241 2249 im
1267 2217 1442 2264 Anfange
1469 2215 1531 2249 des
1561 2216 1639 2249 142.

151 2263 297 2298 Briefes
333 2261 389 2294 als
417 2261 672 2309 nothwendig
709 2262 931 2296 anei-kennt.
1001 2265 1108 2297 Dann
1145 2276 1227 2298 war
1262 2264 1500 2310 Eutychides
1543 2262 1642 2295 nach

152 2312 296 2346 diesem
321 2310 553 2357 Fragmente
579 2320 667 2343 vom
692 2310 844 2344 Attikus
871 2310 972 2344 noch
997 2312 1109 2346 nicht
1134 2313 1207 2346 srei
1235 2314 1426 2360 gelassen;
1453 2301 1642 2359 wogegen

153 2361 289 2395 Cicero
309 2359 360 2391 im
382 2359 461 2392 142.
488 2357 720 2399 versichert,
748 2359 829 2392 dass
856 2370 899 2392 er
924 2359 1054 2393 dessen
1066 2361 1314 2408 Freilassung·
1331 2361 1402 2395 mit
1414 2361 1641 2408 Vergniigen

152 2417 402 2441 vei-nommen
412 2404 518 2438 habe.
538 2422 581 2428 —
608 2406 647 2438 in
666 2417 736 2450 quo
751 2407 926 2440 tantulum
941 2407 1104 2443 interes&
1118 2434 1125 2441 .
1142 2435 1149 2442 .
1163 2434 1171 2443 .
1192 2401 1349 2451 abesses,
1365 2408 1491 2442 wobei
1509 2407 1640 2448 daran,

153 2455 197 2489 ob
226 2456 285 2490 Du
310 2454 408 2488 diess
435 2451 617 2487 Gesch'a‘ft
642 2452 760 2488 selbst
795 2455 889 2489 oder
921 2455 1043 2490 durch
1069 2457 1180 2490 einen
1207 2458 1439 2492 Procurator
1463 2454 1640 2489 ver-rich-

153 2510 278 2542 uuest,
304 2501 550 2542 abmachtest‚
576 2501 630 2533 im
643 2502 856 2536 Mindesten
881 2513 919 2536 5ο
945 2503 1025 2537 viel
1052 2506 1216 2553 gelegen
1243 2509 1359 2547 wiire,
1386 2504 1467 2538 dass
1493 2515 1530 2537 es
1558 2502 1639 2536 sich

153 2550 372 2592 verlohnte,
409 2559 449 2584 so
475 2548 605 2596 h'eiufig
630 2551 895 2597 wegzureisen
932 2552 1010 2585 und
1041 2564 1079 2587 so
1106 2553 1217 2601 lange
1243 2552 1443 2589 abwesend
1470 2563 1518 2586 zu
1545 2552 1639 2585 sein.

154 2617 200 2624 —
227 2599 298 2633 Sed
322 2624 330 2631 .
357 2625 367 2635 .
397 2627 404 2633 .
433 2598 566 2640 egisse,
599 2596 696 2631 doch
723 2598 787 2632 ich
814 2599 1027 2641 wiinschte‚
1060 2601 1125 2635 ich
1150 2601 1254 2637 hatte
1280 2602 1361 2642 Dir‚
1395 2600 1448 2634 als
1475 2611 1512 2633 es
1539 2599 1640 2632 noch

153 2646 245 2680 friih
272 2657 398 2694 genug
427 2657 507 2679 wai-
534 2645 611 2678 und
637 2657 684 2679 zu
710 2646 842 2681 Etwas
867 2647 997 2682 helsen
1023 2648 1178 2693 konnte,
1205 2651 1303 2685 diess
1328 2647 1568 2704 vor-gestent.
1597 2665 1637 2671 —

157 2695 305 2729 Utinam
332 2720 339 2726 .
368 2719 376 2727 .
403 2718 410 2725 .
440 2694 582 2727 reditus
608 2694 684 2727 tui!
733 2695 885 2730 Mfichte
911 2707 948 2729 es
975 2696 1072 2731 doch
1100 2710 1169 2732 zur
1195 2697 1526 2742 Beschleumgung
1551 2695 1640 2728 Dei-

154 2753 223 2776 ner
248 2740 459 2777 Ruckkehr
485 2741 670 2775 wirksam
697 2743 798 2776 sein!
832 2761 870 2767 -
900 2745 993 2778 Huic
1020 2747 1137 2779 nescio
1164 2748 1233 2788 cui,
1262 2747 1403 2781 diesem
1420 2742 1636 2783 Menschen,
