1742 3006
7 1949 19 1956 1
3 1885 16 1911 z„
5 1829 18 1874 „eq
5 1776 18 1813 4-
5 1705 19 1757 ,με
5 1492 24 1691 nWe<-.‡9-·
3 1314 23 1479 *ae-?‘›ss··‚
1 1213 15 1301 v'ssfln.
0 0 21 1203 ..ι-,φοᾱψῷμ-ἭἫ

545 97 866 143 EPISTOLA
895 99 1074 146 CXIII.
1467 103 1560 153 369

341 227 659 272 EPISTOLA
690 228 864 273 CXIII.
923 230 1002 284 (ad
1030 231 1134 276 Div.
1164 232 1199 275 I.
1228 231 1290 284 7.)

160 303 239 338 Ser.
267 305 413 339 Romae
439 315 569 339 mense
596 304 752 339 circiter
776 304 884 341 Maio
908 303 950 338 Α.
976 308 1024 343 tJ.
1053 307 1094 342 c.
1122 308 1204 342 698.
1254 309 1302 350 (a.
1329 308 1370 344 c.
1397 309 1474 351 56.)

73 372 132 405 De
158 374 403 418 epistolarum
430 373 475 406 ad
502 372 708 407 Lentulum
735 374 950 407 crebritate.
978 375 1013 410 1.
1040 373 1087 407 de
1113 375 1335 418 amicorum,
1362 376 1398 409 in
1424 376 1560 421 primis

74 420 121 453 de
146 422 316 466 Pompeii
343 423 380 455 in
407 432 488 453 eum
515 421 653 455 animo.
680 423 771 456 2-3.
808 422 855 456 de
879 422 961 456 eius
985 423 1172 456 sententia
1197 430 1310 468 atque
1335 425 1561 459 auctoritate

76 469 114 501 iu
149 481 259 502 causa
293 469 337 502 de
369 469 587 503 Ptolemaeo
621 481 642 501 a
676 470 834 504 Lentulo
876 470 914 504 in
946 469 1160 515 Aegyptum
1201 473 1430 507 reducendo.
1467 474 1559 509 4-5.

75 517 135 549 cui
162 518 266 551 addit
290 529 394 550 suum
419 518 535 562 ipsius
563 517 775 551 consilium.
801 519 895 554 5-6.
923 517 967 551 de
994 529 1062 552 suo
1088 519 1215 564 ipsius.
1243 522 1332 555 7-9.
1368 528 1404 554 et
1431 521 1477 554 de
1502 522 1561 555 rei

74 566 244 611 publicae
275 571 386 600 statu.
416 568 474 601 10.
522 565 566 599 de
596 566 829 611 Crassipedis
862 573 901 600 et
926 566 1073 600 Tulliae
1100 567 1300 612 coniugi03
1341 568 1386 603 (le
1411 570 1561 605 Lentuli

715 615 807 649 filio.
854 617 912 650 11.

310 690 364 725 Μ.
399 689 584 726 CICERO
617 688 653 725 S.
687 691 732 724 D.
767 690 804 723 P.
838 690 1075 725 LENTULO
1108 689 1317 726 PROCOS.

184 759 299 813 Legi
338 763 435 799 tuas
475 758 654 810 literas,
705 757 862 812 quibus
900 756 958 798 ad
986 771 1057 798 me
1085 758 1246 798 scribis
1275 762 1449 813 gratum
1479 759 1562 801 tibi

76 826 200 866 esse,
246 815 362 869 quod
393 815 549 855 crebro
587 812 755 854 certior
785 826 866 868 per
902 826 973 854 me
1001 813 1083 854 fias
1114 814 1170 854 de
1199 815 1400 856 omnibus
1431 816 1561 857 rebus

77 875 121 911 et
157 884 302 911 meam
343 883 448 924 erga
486 875 529 910 te
568 869 921 910 benevolentiam
962 870 1097 911 facile
1134 870 1405 924 perspicias:
1455 886 1562 926 quo-

75 939 171 966 rum
202 928 389 968 alterum
419 924 552 975 mihi,
583 929 630 966 ut
659 930 703 965 te
733 925 970 979 plurimum
1000 926 1200 978 diligam,
1231 926 1382 967 facere
1412 940 1562 969 neces-

76 995 122 1022 se
153 987 233 1034 est,
264 983 302 1023 si
331 982 431 1023 volo
461 982 498 1021 is
530 994 639 1032 esse,
670 993 797 1034 quem
825 984 873 1020 tu
900 993 972 1021 me
1003 995 1099 1022 esse
1128 981 1331 1022 voluisti:
1373 982 1561 1023 alterum

79 1037 198 1078 facio
237 1039 453 1088 libenter,
495 1040 565 1088 ut,
593 1036 798 1091 quoniam
828 1036 1062 1077 intervallo
1091 1037 1292 1078 locorum
1324 1040 1367 1078 et
1396 1042 1563 1093 tempo-

78 1107 174 1133 rum
217 1094 405 1135 diiuncti
444 1106 616 1144 sumus,
663 1105 745 1146 per
781 1092 932 1132 literas
971 1095 1119 1133 tecum
1148 1106 1279 1147 quam
1308 1094 1564 1147 saepissime

77 1150 316 1204 colloquar.
391 1147 522 1197 Quod
552 1149 590 1188 si
622 1149 764 1188 rarius
794 1147 886 1200 fiet,
916 1161 1047 1202 quam
1077 1153 1124 1189 tu
1153 1150 1457 1203 exspectabis,
1514 1151 1563 1191 id

78 1206 164 1245 erit
193 1219 376 1258 causae,
417 1204 535 1258 quod
563 1217 651 1244 non
682 1205 774 1244 eius
806 1205 981 1258 generis
1011 1217 1135 1244 meae
1164 1205 1320 1246 literae
1349 1212 1474 1259 sunt,
1514 1210 1564 1247 ut

79 1274 152 1301 eas
198 1262 383 1302 audeam
422 1265 587 1300 temere
618 1260 909 1300 committere.
979 1259 1168 1309 Quoties
1198 1260 1310 1300 mihi
1340 1266 1564 1302 certorum

78 1316 304 1357 hominum
334 1320 529 1370 potestas
561 1315 661 1366 erit,
691 1316 847 1369 quibus
878 1319 998 1355 recte
1028 1315 1145 1367 dem,
1175 1329 1260 1357 non
1282 1319 1564 1370 praetermit-

79 1377 182 1412 tam.
241 1372 374 1420 Quod
404 1372 518 1411 scire
548 1371 630 1422 ris,
662 1383 747 1425 qua
775 1371 958 1425 quisque
988 1371 1034 1411 in
1063 1376 1106 1412 te
1136 1370 1226 1412 fide
1255 1373 1313 1412 sit
1343 1376 1386 1413 et
1414 1375 1563 1414 volun-

79 1432 192 1478 tate,
246 1427 434 1468 difficile
475 1427 597 1467 dictu
635 1431 699 1467 est
738 1426 793 1467 de
823 1427 1023 1480 singulis.
1083 1427 1230 1467 Unum
1269 1428 1379 1468 illud
1407 1430 1563 1483 audeo,

81 1483 197 1537 quod
238 1489 364 1524 antea
401 1483 482 1523 tibi
521 1495 650 1535 saepe
697 1481 974 1535 significavi,
1026 1495 1141 1523 nunc
1169 1497 1357 1538 quoque,
1389 1498 1436 1527 re
1466 1500 1563 1540 per-

80 1543 231 1592 specta
260 1544 303 1580 et
333 1538 524 1592 cognita,
555 1538 770 1578 scribere:
800 1537 1085 1579 vehementer
1113 1539 1327 1593 quosdam
1349 1540 1563 1592 homines,

82 1600 127 1635 et
155 1608 229 1635 eos
258 1595 480 1646 maxime,
512 1595 586 1647 qui
616 1599 659 1633 te
689 1599 732 1634 et
760 1595 951 1634 maxime
981 1594 1224 1635 debuerunt
1254 1601 1298 1636 et
1327 1597 1563 1650 plurimum

79 1651 232 1692 iuvare
263 1653 523 1704 potuerunt,
554 1649 768 1690 invidisse
797 1649 1005 1703 dignitati
1034 1654 1159 1700 tuae;
1209 1651 1564 1708 simillimamque

79 1706 124 1746 in
155 1719 200 1746 re
230 1705 438 1748 dissimili
467 1707 532 1746 tui
562 1706 774 1759 temporis
805 1719 919 1746 nunc
948 1709 992 1747 et
1010 1707 1149 1747 nostri
1168 1707 1388 1761 quondam
1427 1709 1565 1752 fuisse

82 1763 324 1803 rationemz
365 1766 437 1813 ut,
468 1774 576 1816 quos
606 1766 653 1801 tu
683 1762 748 1802 rei
777 1761 978 1815 publicae
1008 1775 1142 1803 causa
1169 1763 1386 1816 laeseras,
1417 1767 1564 1818 palam

81 1823 126 1858 te
157 1821 484 1872 oppugnarent,
516 1831 700 1872 quorum
732 1818 1057 1871 auctoritatem,
1088 1818 1346 1872 dignitatem
1367 1822 1565 1863 volunta-

79 1878 253 1928 temque
282 1873 562 1924 defenderas,
592 1887 677 1913 non
707 1878 796 1914 tam
826 1886 1044 1915 memores
1075 1880 1222 1916 essent
1240 1876 1417 1918 virtutis
1447 1882 1565 1931 tuae,

177 1980 430 2020 LENTULO,
458 1991 502 2012 an
530 1979 696 2013 welchen
724 1981 833 2013 Brief
860 1980 897 2014 G.
920 1981 974 2014 im
999 1982 1167 2016 Februar
1193 1984 1246 2017 als
1273 1984 1338 2017 der
1364 1985 1475 2018 letzte
1501 1997 1566 2031 ge-

83 2028 227 2063 richtet
253 2041 342 2065 war.
393 2029 524 2061 Dieser
556 2029 664 2061 Brief
695 2029 744 2062 ist
775 2029 885 2062 nicht
920 2036 1032 2063 unter
1064 2030 1151 2064 dem
1178 2032 1332 2065 zweiten
1369 2035 1567 2068 Consulate

84 2078 146 2110 des
175 2078 374 2122 Pompeius
398 2076 474 2108 und
503 2078 653 2109 Crassus
679 2078 749 2112 699
775 2078 1040 2122 geschrieben3
1068 2079 1230 2111 sondern
1256 2082 1326 2115 698
1353 2081 1438 2115 bald
1464 2083 1564 2116 uach

85 2126 170 2158 dem
200 2127 277 2160 106.
306 2137 339 2159 ιι.
369 2124 446 2159 109.
473 2124 614 2161 Briefe,
657 2126 729 2157 wie
765 2126 849 2158 sich
876 2138 942 2159 aus
970 2127 1035 2158 der
1064 2127 1347 2173 Vergleichung
1372 2130 1564 2164 derselben

84 2175 155 2207 mit
181 2173 251 2206 den
279 2175 437 2207 IVorten
465 2172 583 2205 dieses
609 2173 731 2206 Briefs
757 2175 785 2216 ξ.
814 2176 850 2207 7:
877 2185 996 2219 prope
1022 2175 1098 2207 iam
1126 2186 1204 2208 esse
1231 2176 1406 2221 depulsos
1432 2180 1564 2223 ergibt.

184 2224 215 2255 l.
243 2221 284 2253 (le
311 2220 473 2254 omnibns
499 2221 616 2261 rebus,
646 2233 717 2253 von
747 2222 882 2264 Allem,
910 2234 984 2255 was
1008 2233 1051 2255 zu
1076 2224 1179 2256 Rom
1205 2226 1374 2269 voi-geht.
1400 2245 1447 2250 —
1473 2229 1563 2261 alte-

85 2279 165 2301 rum
190 2268 290 2304 milei.
342 2269 569 2312 Elath-Lag.
595 2266 684 2301 milei
707 2276 791 2302 ante
813 2282 846 2303 v.
864 2271 1001 2311 facere
1025 2271 1160 2315 posuit,
1189 2290 1234 2296 —
1262 2273 1429 2317 soluisti,
1461 2276 1562 2309 inso-

26 2330 27 2335 ¹
85 2317 192 2349 ferne
226 2317 285 2349 Du
319 2318 389 2349 Dir
426 2328 465 2350 so
492 2316 585 2349 viole
611 2316 830 2351 Verdienste
858 2330 916 2351 um
944 2317 1050 2351 mich
1077 2320 1270 2353 crworben
1298 2320 1395 2355 hast.
1423 2340 1465 2347 —-
1505 2325 1562 2357 di-

85 2365 208 2400 iuncti.
258 2365 319 2398 Sic
352 2365 430 2398 Md.
467 2365 571 2398 Vict.
607 2367 639 2399 1.
667 2366 699 2400 2.
726 2380 775 2397 z
801 2366 974 2400 disiuncti
1000 2368 1096 2402 cett.
1126 2368 1321 2406 ORELLI.
1349 2386 1392 2396 -·
1443 2376 1563 2405 certo-

84 2423 163 2445 rum
190 2427 238 2443 z
263 2413 536 2457 zuverlassiger,

182 2462 215 2495 2.
258 2462 359 2496 Quod
382 2462 477 2495 scire
503 2461 587 2502 ris,
613 2461 702 2494 VVas
728 2461 803 2493 Das
829 2460 997 2503 beffifft,
1047 2462 1129 2496 dass
1156 2464 1215 2497 Du
1249 2477 1293 2498 zu
1318 2466 1450 2500 wissen
1478 2479 1561 2501 ver-

86 2507 217 2550 langst.
242 2527 289 2533 —
314 2510 408 2553 quod
431 2534 439 2541 .
468 2534 475 2542 .
503 2533 512 2544 .
538 2508 694 2550 sigmf,
731 2509 911 2541 woriiber
942 2508 1008 2542 ich
1038 2512 1141 2544 mich
1176 2513 1293 2545 sehon
1321 2515 1421 2546 oster
1446 2526 1562 2560 gegen

87 2555 181 2587 Dieh
208 2559 439 2600 ausgelassen
466 2557 572 2589 habe.
597 2575 644 2580 —
670 2561 702 2589 et
727 2568 802 2596 eos,
829 2557 904 2590 und
930 2569 1029 2591 zwar
1048 2559 1117 2592 die.
1151 2579 1193 2583 —
1221 2565 1254 2592 et
1276 2562 1442 2604 marime,
1469 2565 1558 2599 Cdd.

89 2602 175 2647 aliq.
205 2606 310 2647 prob.
338 2606 452 2650 Beug.
481 2608 515 2637 et
542 2615 667 2637 muare
692 2605 860 2638 nursinae.
878 2623 921 2628 —
947 2606 1231 2650 simillimamque
1258 2633 1266 2642 .
1294 2634 1301 2640 .
1330 2634 1339 2641 .
1368 2611 1559 2655 rationem,

88 2651 163 2682 und
190 2650 270 2683 dass
303 2653 366 2685 hei
399 2653 488 2685 aller
515 2651 854 2685 Verschiedenheit
888 2654 1075 2687 zwischon
1104 2656 1218 2700 Den),
1262 2668 1337 2689 was
1363 2657 1434 2691 Dir
1458 2660 1560 2701 ietzt,

90 2698 164 2730 und
192 2699 264 2731 mir
291 2698 480 2743 ehemals‚
524 2700 748 2741 widerfuhr,
783 2700 880 2732 doch
908 2702 966 2734 die
990 2705 1129 2745 griis-ste
1168 2696 1418 2739 ,lxhnlichkeit
1451 2708 1560 2741 darin

90 2748 299 2780 vorwaltet.
331 2766 370 2772 —
407 2748 643 2789 rolzmlatcm,
677 2748 882 2782 IViinsche.
911 2768 954 2774 —
989 2760 1164 2782 numeres.
1191 2752 1299 2797 Beng.
1327 2764 1347 2786 e
1375 2755 1464 2790 Cdd.
1491 2757 1560 2790 im-

159 2825 218 2852 cic.
239 2825 342 2852 arsere
363 2835 382 2851 v
415 2824 540 2852 umeri..
579 2827 600 2851 1.
1105 2805 1165 2843 24
