1742 3006
181 69 266 116 126
487 70 549 113 Μ.
581 71 636 114 T.
670 65 1010 114 CICERONIS
1040 70 1415 117 EPISTOLAE.

175 185 263 225 iam
304 185 358 225 ab
401 183 506 224 aliis
545 182 783 236 desperata
823 196 893 224 res
932 185 1072 235 esset,
1111 186 1258 226 tamen
1301 185 1385 226 tibi
1425 197 1508 239 ego
1546 199 1667 241 spem

176 243 375 282 maturae
405 238 681 280 decessionis
709 239 974 288 afferebam3
1003 252 1093 280 non
1121 240 1282 293 solum,
1322 244 1371 281 ut
1400 253 1531 295 quam
1568 242 1667 283 diu-

176 297 348 338 tissime
378 298 421 335 te
452 293 648 336 iucunda
676 295 887 349 opinione
917 294 1214 349 oblectarem,
1264 296 1345 337 sed
1389 297 1526 338 etiam
1563 298 1669 352 quia

175 356 301 394 tanta
339 349 638 392 adhibebatur
675 355 721 391 et
759 364 786 392 a
815 351 943 391 nobis
982 352 1028 390 et
1055 363 1082 391 a
1110 353 1393 406 praetoribus
1424 353 1667 406 contentio,

175 412 222 450 ut
255 421 345 449 rem
373 419 504 461 posse
534 404 700 448 confici
727 420 817 447 non
855 405 1126 448 diffiderem.
1182 406 1313 449 Nunc
1353 408 1563 463 quoniam
1605 409 1669 450 ita

176 463 360 515 accidit,
390 465 440 504 ut
467 475 610 517 neque
640 466 871 515 praetores
901 462 995 502 suis
1024 463 1181 517 opibus
1210 477 1352 518 neque
1393 477 1474 505 nos
1512 468 1668 505 nostro

175 519 324 560 studio
355 517 599 573 quidquam
628 518 850 572 proficere
879 531 1122 572 possemus,
1153 523 1222 560 est
1251 520 1429 561 omnino
1470 519 1668 561 difficile

175 588 262 616 non
292 575 493 629 graviter
520 573 569 614 id
598 572 740 615 serre:
769 573 849 615 sed
878 578 1027 614 tamen
1054 578 1232 615 nostros
1262 576 1434 617 animos
1455 576 1667 616 maximis

175 632 221 671 in
261 632 391 671 rebus
432 634 477 671 et
515 628 723 684 gerendis
767 633 811 671 et
841 629 1116 670 sustinendis
1145 631 1416 672 exercitatos
1445 630 1594 686 frangi
1625 636 1669 672 et

175 685 409 727 debilitari
438 684 647 726 molestia
675 699 762 726 non
793 689 986 739 oportet.
1032 685 1094 726 Et
1124 686 1333 740 quoniam
1363 700 1416 728 ea
1443 687 1668 728 molestis-

174 744 286 784 sime
316 741 436 782 ferre
466 740 670 782 homines
700 741 878 793 debent,
908 754 1021 795 quae
1052 742 1250 795 ipsorum
1280 741 1413 795 culpa
1435 746 1669 784 contracta

175 802 303 850 sunt,
351 801 420 838 est
459 796 673 852 quiddam
711 798 758 838 in
798 796 882 838 hac
911 810 960 837 re
994 796 1110 837 mihi
1148 797 1381 838 molestius
1418 796 1668 850 serendum,

175 867 308 908 quam
337 853 435 895 tibi.
485 853 674 894 Factum
703 856 772 894 est
800 853 918 894 enim
946 866 1046 894 mea
1074 853 1222 907 culpa,
1259 856 1429 907 contra,
1460 866 1592 908 quam
1620 858 1670 895 tu

174 921 348 951 mecum
386 913 431 950 et
469 908 762 962 proficiscens
804 912 848 950 et
885 922 966 963 per
1005 909 1163 949 literas
1204 922 1383 963 egeras,
1432 914 1480 950 ut
1517 910 1669 964 priore

177 979 289 1007 anno
321 978 407 1006 non
436 963 764 1006 succederetur.
826 963 959 1013 Quod
989 978 1095 1018 ego,
1144 964 1247 1004 dum
1287 964 1417 1005 saluti
1446 966 1670 1007 sociorum

175 1022 380 1071 consulo,
421 1020 525 1061 dum
565 1019 866 1075 impudentiae
905 1020 1217 1061 nonnullorum
1247 1021 1570 1074 negotiatorum
1600 1034 1668 1062 re-

176 1078 311 1129 sisto,
341 1077 445 1118 dum
474 1079 670 1118 nostram
699 1076 886 1131 gloriam
915 1080 990 1117 tua
1019 1076 1178 1118 virtute
1201 1076 1352 1131 augeri
1381 1081 1551 1131 expeto,
1582 1076 1671 1118 feci

177 1224 258 1258 sich
286 1224 373 1259 bald
399 1236 462 1257 um
490 1222 551 1256 das
580 1223 757 1257 Consulat
783 1234 830 1257 zu
855 1222 1063 1256 bewerben.
1087 1241 1133 1247 —
1151 1222 1217 1255 tibi
1243 1233 1326 1265 ego.
1353 1222 1416 1257 Sic
1441 1222 1542 1257 Med.
1568 1222 1668 1255 Vict.

175 1274 209 1307 2.
238 1283 308 1315 ego
333 1272 398 1306 tibi
427 1274 503 1305 Cet.
532 1290 574 1295 —
601 1272 777 1311 decessio,
818 1271 970 1318 Abgang
995 1281 1059 1303 aus
1084 1271 1152 1304 der
1177 1271 1357 1312 Provinz‚
1392 1270 1585 1318 Abl'osung
1618 1269 1671 1303 im

174 1321 294 1354 Amte.
322 1336 365 1342 —-
393 1330 496 1363 quam
521 1319 659 1353 diutiss.
679 1320 827 1353 Grotef.
854 1318 884 1360 §.
912 1320 991 1353 281.
1012 1317 1120 1353 Anm.
1137 1317 1287 1352 Ramsh.
1316 1320 1397 1359 156,
1422 1320 1459 1358 3,
1482 1329 1513 1351 a.
1531 1319 1671 1362 Zumpt

176 1369 205 1411 §.
234 1370 311 1404 103.
347 1368 427 1403 689.
462 1387 503 1392 ——-
539 1378 562 1401 α
590 1367 848 1411 praetorisz
896 1366 955 1400 die
989 1366 1101 1400 selbst
1127 1366 1217 1400 Lust
1250 1377 1320 1400 zur
1343 1365 1508 1400 Provinz
1540 1365 1673 1399 hatten

176 1417 253 1450 und
279 1417 330 1450 sie
357 1415 529 1449 dessbalb
556 1415 720 1462 erledigt
745 1413 983 1450 wiinschten.

271 1466 306 1500 2.
334 1463 483 1504 accidit,
512 1467 561 1497 ut.
586 1464 620 1497 S.
649 1464 796 1498 Grotef.
821 1463 849 1505 §.
877 1464 959 1499 396.
985 1463 1135 1498 Ramsh.
1160 1462 1191 1505 §.
1218 1464 1299 1505 204,
1326 1464 1360 1498 5.
1375 1463 1516 1508 Zumpt
1542 1462 1570 1505 ξ.
1591 1463 1670 1497 621.

178 1533 220 1539 -
247 1513 322 1546 suis
346 1512 486 1556 opibus,
511 1512 583 1545 mit
610 1511 734 1545 ihrem
759 1511 921 1544 Einfluss
955 1523 991 1544 u.
1018 1511 1211 1555 Anhange.
1238 1530 1282 1536 --
1312 1510 1441 1555 profic.
1474 1511 1533 1548 ed,
1569 1511 1671 1545 Crat.

174 1560 361 1606 perficere.
375 1578 418 1584 —
442 1571 554 1602 grav.
581 1560 623 1593 id
635 1562 764 1603 ferre,
793 1559 956 1592 dax-iiber
981 1559 1223 1606 missmiithig
1241 1560 1410 1597 werden.
1430 1576 1472 1581 —
1491 1559 1528 1590 in
1543 1559 1619 1591 reb.
1639 1563 1672 1591 et

177 1620 259 1652 ger.
289 1635 297 1643 .
324 1634 332 1642 .
358 1608 489 1642 sustin.
517 1618 635 1642 exerc.
668 1619 708 1641 so
742 1607 844 1640 wohl
877 1619 925 1638 zu
961 1607 1028 1640 der
1052 1606 1297 1652 Ausfiihrung
1329 1607 1398 1639 der
1430 1605 1673 1651 wicbtigsten
1733 1646 1736 1650 ,

175 1654 526 1705 Angelegenheiten
559 1656 613 1689 als
645 1655 743 1689 auch
779 1665 849 1688 zur
874 1654 1067 1688 Ausdauer
1100 1654 1209 1688 ‹larin
1234 1653 1465 1702 abgeh‘artet.
1509 1646 1580 1688 Ub.
1609 1654 1673 1688 das

178 1705 388 1741 Gerundiv.
427 1716 451 1737 5.
477 1702 629 1737 Ramsh.
662 1703 694 1745 §.
723 1704 810 1742 169,
837 1702 880 1741 5,
908 1702 945 1739 b.
997 1703 1139 1747 Zumpt
1170 1702 1197 1745 §.
1232 1704 1311 1737 667.
1364 1701 1511 1736 Grotef.
1539 1701 1566 1743 §.
1591 1703 1671 1738 318.

179 1772 222 1779 —-
250 1757 283 1786 et
309 1763 408 1796 quon.
443 1750 506 1784 Sic
538 1751 641 1785 Med.
677 1751 806 1784 Lamb.
845 1750 947 1783 Vict.
984 1752 1017 1785 2.
1052 1749 1294 1793 Sqq.-omis.
1334 1754 1367 1783 et
1408 1749 1625 1795 absorptum
1652 1761 1673 1782 a

176 1801 427 1848 praecedente
452 1799 594 1844 syllaba
619 1799 759 1834 Medic.
787 1799 903 1833 Oxon.
928 1800 951 1832 3
977 1798 1059 1832 edd.
1089 1800 1188 1834 Crat.
1218 1798 1314 1832 Vict.
1343 1801 1375 1833 1.
1401 1799 1434 1833 2.
1461 1798 1671 1831 OR.—-mo-

179 1852 270 1883 leste
284 1851 419 1893 ferre,
461 1847 542 1881 sich
567 1849 694 1881 Etwas
728 1859 774 1880 zu
801 1845 994 1880 Gemiithe
1027 1844 1175 1879 ziehen.
1204 1864 1246 1870 —
1273 1846 1421 1888 sactum
1447 1849 1511 1887 est,
1536 1849 1583 1878 ut.
1635 1846 1671 1880 S.

177 1897 333 1932 Ramsh.
370 1896 400 1938 ξ.
440 1896 523 1938 204,
564 1897 597 1930 5.
633 1896 780 1929 Grotef.
815 1893 842 1936 ξ.
877 1896 958 1929 396.
996 1898 1137 1935 contra,
1166 1905 1269 1937 quam
1302 1908 1351 1925 Ξ
1384 1899 1527 1934 contra,
1559 1900 1672 1938 atque

177 1947 207 1988 ξ.
243 1947 325 1983 621,
371 1944 430 1978 οᾶ.
475 1955 529 1977 ac.
586 1944 619 1977 S.
655 1942 803 1977 Ramsh.
836 1942 866 1983 ἓ.
904 1943 982 1981 179,
1010 1942 1052 1982 B,
1089 1954 1121 1979 a,
1157 1944 1188 1976 4.
1240 1961 1281 1966 —
1316 1946 1354 1974 ut
1390 1967 1399 1976 .
1426 1966 1433 1974 .
1459 1966 1467 1973 .
1516 1942 1672 1981 succed„

178 1995 260 2028 dass
284 1995 346 2026 Du
372 1990 480 2025 nicht
506 1992 623 2025 sehon
646 1992 698 2024 im
726 1991 887 2037 vorigen
913 1989 1025 2023 Iahre
1051 1991 1160 2023 einen
1184 1989 1422 2037 Nachfolger
1448 1988 1673 2023 bekommen

178 2042 277 2079 hast,
307 2060 348 2067 -
376 2041 444 2073 sal.
472 2051 544 2073 soc.
570 2039 630 2072 Sic
656 2039 756 2073 Med.
786 2037 884 2072 vict.
911 2040 943 2073 2.
970 2048 1041 2070 soc.
1068 2038 1137 2071 sal.
1163 2038 1259 2072 Gett.
1289 2055 1331 2060 —
1368 2037 1562 2081 impudenl.
1588 2048 1673 2070 non-

179 2091 249 2123 nul.
278 2093 415 2132 negot„
444 2088 511 2122 der
535 2086 894 2122 Unversch'zimtheit
920 2086 1067 2133 einiger
1093 2096 1249 2119 unserer
1275 2085 1586 2125 Geldwucherer,
1613 2085 1673 2118 die

179 2149 265 2172 vom
293 2136 467 2178 Quintus,
509 2147 616 2169 wenn
642 2146 684 2168 er
710 2135 807 2169 noch
833 2135 871 2167 in
899 2135 967 2168 der
992 2134 1152 2168 Provinz
1177 2133 1318 2175 bliebe‚
1353 2133 1511 2167 wiirden
1544 2138 1675 2178 streng
1718 2155 1723 2161 -

177 2186 254 2221 und
289 2185 342 2218 im
369 2185 491 2231 Ziigel
525 2183 703 2228 gehalten
731 2183 892 2224 werden,
925 2181 997 2216 wie
1023 2193 1054 2214 z.
1082 2183 1121 2215 Β.
1147 2182 1326 2215 Paconius
1352 2181 1428 2215 und
1453 2180 1670 2215 Tuscenius.

180 2234 216 2268 S.
243 2238 358 2267 unten
383 2231 414 2273 ξ).
444 2230 500 2266 19.
530 2250 570 2256 -
598 2235 762 2264 nostram
786 2232 809 2264 i.
836 2241 866 2263 e.
893 2240 1013 2263 meam
1053 2230 1218 2272 gloriam
1245 2233 1306 2263 tua
1332 2229 1417 2262 virt.
1454 2228 1587 2271 augeri
1612 2239 1673 2262 ex-

178 2286 271 2327 peto.
324 2280 430 2313 Diess
464 2279 510 2312 ist
534 2278 650 2312 theils
676 2279 729 2312 als
757 2279 844 2317 Lob,
870 2277 984 2311 theils
1016 2278 1069 2311 als
1104 2279 1411 2324 Aufmunterung
1443 2274 1671 2313 anzusehen.

181 2332 262 2364 dass
288 2339 330 2362 ei·
353 2328 414 2362 die
441 2326 578 2360 fr'uher
604 2326 804 2360 vielleicht
822 2327 1067 2374 begangenen
1089 2326 1225 2359 Fehler
1250 2324 1392 2358 wieder
1417 2330 1487 2371 gut
1511 2324 1674 2357 macheu

181 2378 274 2412 oder
307 2375 406 2410 doch
440 2375 500 2408 die
527 2373 608 2406 ihm
635 2375 927 2420 angedichteten
952 2373 1073 2408 durch
1101 2374 1160 2407 die
1186 2373 1284 2407 That
1308 2372 1543 2418 widerlegen
1568 2372 1672 2406 solle.

180 2424 291 2459 Nach
316 2425 467 2458 Sueton.
495 2423 548 2455 im
576 2423 667 2468 Aug.
697 2434 727 2455 c.
755 2424 786 2457 3.
813 2422 916 2455 hatte
943 2422 1102 2467 Quintus
1128 2422 1228 2455 scine
1254 2420 1368 2454 Stelle
1406 2419 1445 2452 in
1470 2420 1581 2453 Asien
1608 2430 1675 2464 pa-

180 2485 267 2507 rum
294 2473 456 2506 secunda
482 2472 581 2504 fama
608 2470 815 2506 verwaltet.
851 2470 969 2503 Nicht
993 2469 1326 2517 Unterdriickung,
1351 2467 1566 2502 Raubsucht
1597 2467 1675 2501 und

178 2517 550 2556 Unenthaltsamkeit
576 2519 673 2561 legte
700 2530 787 2551 man
814 2516 895 2550 ihm
911 2530 977 2551 zur
1002 2518 1109 2555 Last3
1151 2517 1311 2551 sondern
1340 2516 1423 2549 eine
1449 2515 1566 2549 leicht
1592 2515 1676 2548 auf-

182 2569 389 2602 brausende
425 2567 573 2613 heftige
608 2566 873 2607 Gemiithsart‚
915 2565 975 2598 bei
1017 2570 1127 2612 guter
1158 2566 1286 2600 Laune
1317 2561 1677 2642 Unvorsichtiikeit

183 2618 220 2649 in
248 2617 315 2649 der
333 2614 461 2649 Wahl
487 2615 610 2649 seiner
627 2614 798 2648 Freunde
824 2613 901 2646 und
919 2612 1143 2657 Giinstlinge
1171 2613 1247 2646 und
1266 2624 1311 2644 zu
1328 2611 1427 2647 viele
1444 2611 1569 2657 Hinge
1597 2621 1676 2656 ung

182 2665 258 2697 und
286 2663 491 2698 Nachsicht
525 2673 646 2710 gegen
682 2661 791 2696 diese.
854 2661 1001 2695 Seinem
1037 2661 1181 2695 Bruder
1213 2662 1365 2696 Marcus
1407 2659 1496 2693 aber
1537 2664 1675 2691 musste

184 2711 299 2745 sehon
336 2711 457 2744 seiner
482 2710 602 2745 Selbst
635 2721 767 2756 wegen
802 2710 913 2743 daran
941 2710 1101 2757 gelegen
1130 2709 1227 2748 scin,
1262 2708 1341 2742 dass
1375 2707 1537 2753 Quintus
1563 2704 1676 2738 keine

184 2763 249 2793 Art
275 2769 348 2793 von
378 2760 498 2793 Bl'o‘sse
520 2758 620 2793 noch
637 2757 737 2792 Stoff
750 2769 834 2791 zum
853 2757 984 2799 Tadel,
1013 2756 1250 2804 geschweige
1278 2756 1376 2790 denn
1401 2754 1678 2800 Veranlassung
