1742 3006
0 0 11 149 Η
490 64 808 108 EPISTOLA
854 64 1078 108 XLVIII.
1435 62 1529 112 203

55 233 192 274 fidem
222 234 446 288 recepisse
474 232 562 273 sibi
593 235 639 273 et
666 232 811 286 ipsum
840 235 886 272 et
916 232 1110 287 Appium
1140 231 1196 275 de
1218 246 1323 281 met.
1342 231 1461 277 hanc
1489 234 1528 274 si

56 290 137 330 ille
175 302 264 330 non
303 291 527 340 servaret,
566 287 632 329 ita
669 288 888 339 laturum,
937 292 986 327 ut
1029 301 1180 330 omnes
1219 289 1532 345 intelligerent

55 344 173 386 nihil
202 345 290 386 sibi
319 343 542 398 antiquius
582 343 786 384 amicitia
828 345 983 384 nostra
1011 342 1164 386 fuisse.
1236 345 1364 392 Haec
1401 349 1447 392 et
1483 346 1531 386 in

56 415 152 443 eam
181 401 447 443 sententiam
476 412 609 454 quum
637 399 782 447 multa
808 398 1027 451 dixisset,
1057 400 1205 441 aicbat
1234 401 1365 442 illum
1385 401 1532 457 primo

0 168 3 174 ’
55 180 148 232 ipse
188 180 427 230 armasset,
475 189 609 231 quum
651 174 873 230 plebeium
912 174 1015 218 fieri
1064 189 1219 231 passus
1260 180 1398 218 esset:
1448 178 1530 219 sed

11 492 12 495 ,
55 471 160 498 sane
191 457 269 498 diu
296 456 436 497 multa
466 459 646 506 contra,
686 454 743 496 ad
783 458 1036 496 extremum
1076 459 1224 497 autem
1262 471 1414 499 manus
1453 457 1531 500 de-

0 513 10 566 j,
57 513 177 554 disse
207 517 252 553 et
280 510 532 553 affirmasse
561 509 679 551 nihil
710 524 756 551 se
787 515 946 552 contra
976 511 1071 552 eius
1117 512 1394 555 voluntatem
1435 526 1532 555 esse

0 568 11 621 [g
56 567 290 610 facturum.
362 567 453 608 Sed
493 570 648 622 postea
685 569 833 608 tamen
872 567 953 608 ille
993 580 1081 608 non
1112 568 1290 609 destitit
1320 569 1375 609 de
1405 570 1534 610 nobis

0 623 10 707 ki
55 624 298 679 asperrime
328 623 469 679 loqui.
544 622 678 673 Quod
708 624 748 663 si
785 635 873 664 non
911 622 1106 675 faceret,
1147 628 1295 666 tamen
1334 625 1377 665 ei
1415 624 1535 666 nihil

56 679 362 729 crederemus3
418 682 553 733 atque
602 679 773 730 omnia,
822 679 940 720 sicut
986 678 1204 734 facimus,
1261 694 1532 736 pararemus.

0 769 3 788 ,
54 735 185 777 Nunc
214 736 281 776 ita
308 748 388 776 nos
418 735 638 790 gerimus,
676 734 802 775 ut'in
831 734 929 775 dies
969 736 1171 789 singulos
1211 739 1257 777 et
1297 736 1449 778 studia
1486 737 1535 777 in
1572 744 1600 785 3

6 819 9 838 2
55 805 136 832 nos
165 791 394 833 hominum
424 795 469 832 et
498 804 603 845 opes
632 795 813 832 nostrae
843 795 1098 845 augeantur.
1166 791 1281 833 Rem
1311 793 1537 847 publicam-

5 846 11 899 ᾖ
58 847 184 889 nulla
213 861 272 888 ex
302 851 428 901 parte
459 846 734 901 attingimus,
794 845 848 887 ln
879 848 1023 888 causis
1042 852 1175 902 atque
1206 849 1254 889 in
1283 849 1369 890 illa
1397 862 1536 903 opera

6 920 10 953 ζ
58 908 213 945 nostra
240 902 412 944 sorensi
440 915 611 945 summa
638 902 864 942 industria
894 916 1131 944 versamur.
1190 904 1327 953 Quod
1356 905 1535 959 egregie

0 962 11 1029 ΓΙ
58 973 147 1001 non
184 958 318 1000 modo
358 959 442 1010 iis,
482 959 559 1012 qui
597 962 784 1000 utuntur
821 972 980 1013 opera,
1016 959 1095 1000 sed
1133 960 1271 1001 etiam
1300 960 1347 1000 in
1375 962 1537 1015 vulgus

0 1011 10 1092 ¹3
59 1018 236 1069 gratum
278 1027 374 1055 esse
414 1015 644 1056 sentimus.
719 1013 894 1056 Domus
934 1015 1209 1058 celebratur:
1261 1018 1536 1057 occurritur:

5 1087 10 1111 t
59 1074 301 1112 renovatur
338 1071 553 1111 memoria
592 1071 870 1111 consulatus:
920 1071 1072 1112 studia
1111 1071 1445 1127 significantur:
1490 1072 1538 1112 in

5 1161 10 1173 ‚
60 1140 158 1168 eam
199 1139 321 1181 spem
360 1126 650 1178 adducimur,
690 1130 739 1166 ut
775 1127 903 1168 nobis
934 1141 986 1168 ea
1015 1129 1270 1180 contentio,
1309 1142 1424 1183 quae
1455 1127 1538 1168 im-

59 1182 247 1237 pendet,
276 1181 500 1223 interdum
530 1196 618 1223 non
647 1180 864 1236 fugienda
887 1183 1107 1224 videatur.
1179 1184 1312 1226 Nunc
1349 1184 1465 1225 mihi
1494 1188 1540 1225 et
1578 1192 1603 1232 4

61 1239 267 1279 consiliis
296 1251 406 1292 opus
437 1242 505 1279 est
533 1238 623 1278 tuis
655 1243 699 1278 et
728 1251 878 1279 amore
920 1244 966 1280 et
1003 1239 1109 1280 fide.
1171 1240 1322 1290 Quare
1362 1240 1537 1283 advola.

61 1293 294 1349 Expedita
321 1293 435 1335 mihi
477 1298 606 1334 erunt
644 1295 817 1347 omnia,
855 1295 894 1335 si
934 1300 978 1336 te
1016 1294 1203 1337 habebo.
1272 1296 1420 1338 Multa
1458 1309 1539 1351 per

64 1505 204 1539 dedisse
242 1504 315 1537 sibi
347 1504 573 1549 (Pompeio)
608 1508 643 1538 et
682 1506 800 1549 ipsum
839 1507 1063 1550 (Clodium)
1110 1513 1144 1541 et
1187 1508 1349 1554 Appium
1392 1511 1434 1544 de
1473 1521 1542 1553 me,

0 1552 11 1602 ιι
63 1555 191 1595 „aber
207 1552 355 1585 sowohl
380 1564 422 1586 er
447 1553 563 1585 selbst
589 1553 640 1586 als
668 1554 747 1586 sein
776 1556 921 1588 Bruder
946 1556 1087 1600 Appius
1112 1555 1244 1591 hatten
1270 1557 1353 1591 ihm
1379 1559 1419 1591 in
1444 1559 1534 1592 Hin-

0 1597 11 1643 [Β
63 1602 166 1635 sicht
191 1600 336 1634 meiner
361 1602 501 1634 Person
527 1601 587 1633 ihr
612 1600 839 1637 Bhrenwort
864 1604 1071 1651 gegeben,“
1098 1605 1180 1639 dass
1204 1606 1258 1638 sie
1283 1607 1449 1641 nsmlich
1477 1619 1543 1653 ge-

0 1631 27 1694 ll,
63 1661 131 1693 gen
168 1650 304 1684 Cicero
336 1650 448 1682 nicht
482 1649 669 1682 feindlich
703 1651 908 1684 verfahren
940 1654 1106 1686 wurden.
1173 1655 1236 1687 sed
1258 1653 1372 1694 fidem
1405 1656 1544 1689 dedisse

64 1698 198 1733 Lamb,
226 1697 326 1730 coni.
355 1698 434 1739 (sed
459 1697 657 1731 ‹lc-lendum
682 1705 813 1744 postea
840 1704 1029 1741 censens);
1056 1701 1200 1734 delend.
1221 1701 1333 1742 fidem
1363 1706 1544 1738 censebat

0 1743 9 1828 μ
65 1748 153 1780 Ern.
186 1745 250 1788 (se
276 1744 390 1785 fidem
421 1746 601 1790 recepisse
631 1749 665 1778 et
696 1746 780 1780 Asc.
817 1751 850 1782 1.
880 1749 945 1781 sed
969 1747 1082 1788 fidem
1117 1751 1294 1793 recepisse
1328 1756 1361 1784 et
1398 1754 1479 1788 Asc.
1509 1754 1542 1788 2.

8 1785 12 1834 Ι
67 1795 186 1837 (Ἀεὶ.)
215 1794 409 1829 ORELLI.
464 1793 603 1839 Appius
630 1794 805 1830 Claudius
831 1797 1014 1839 Pulcher,
1048 1797 1116 1830 der
1142 1800 1300 1833 Praetor
1323 1801 1379 1833 im
1403 1802 1433 1834 1.
1462 1802 1544 1842 697,

1 1865 12 1903 ,Ι
66 1855 142 1877 war
169 1843 234 1875 des
263 1843 411 1876 Clodius
439 1843 595 1875 Bruder.
623 1862 667 1868 -
718 1844 771 1877 ita
797 1846 951 1878 laturum
977 1856 1035 1887 se,
1077 1847 1318 1893 Pompeium,
1345 1861 1386 1882 so
1413 1849 1545 1882 xviii-de

0 1901 11 1923 ι’.
66 1903 125 1934 er,
151 1891 370 1936 Pompeius,
398 1892 473 1924 Das
500 1902 541 1924 so
567 1890 807 1927 aufnehmen.
834 1912 878 1919 —-
912 1894 1118 1937 antiquius,
1144 1896 1323 1930 sanctius.
1352 1918 1394 1923 —
1433 1898 1547 1931 multa

0 1925 12 1975 Ιι
67 1943 196 1973 contra
220 1951 352 1985 nempe
369 1938 591 1985 protulisse,
614 1939 759 1974 dixisse.
786 1960 831 1966 -——
857 1953 984 1975 manus
1001 1943 1157 1984 dedisse,
1189 1955 1231 1978 er
1257 1945 1354 1977 habe
1377 1946 1456 1979 ihm
1485 1946 1547 1978 die

0 1961 12 2027 ἶ,
68 1988 200 2023 Ηὲίηᾱε
227 1988 361 2021 darauf
383 1988 572 2033 gegeben3
608 1989 871 2024 WIELAND.
898 1991 1086 2035 richtiger
1120 1993 1237 2026 wohl:
1271 2004 1312 2026 er
1340 1995 1440 2026 habe
1464 1995 1546 2027 sich

0 2031 12 2083 1
70 2037 151 2070 ihm
178 2037 355 2080 ergeben,
383 2037 463 2069 ihm
479 2037 757 2081 nachgegeben.
806 2039 920 2071 Denn
947 2051 1074 2072 manns
1100 2041 1249 2082 (victas,
1277 2043 1432 2085 evictas)
1459 2043 1548 2075 dare

10 2110 11 2115 ,
70 2085 163 2119 wird
194 2084 400 2129 eigentlich
432 2096 502 2117 von
536 2085 658 2118 einem
692 2086 855 2120 Fechter
891 2087 980 2120 oder
1012 2088 1170 2133 Krieger
1204 2090 1432 2133 gebraucht,
1484 2091 1550 2124 der

9 2150 12 2176 ;
69 2134 151 2168 sich
178 2133 241 2166 fiir
267 2133 519 2166 iiberwunden
547 2134 703 2174 erkl'a'rt‚
754 2135 825 2168 den
859 2135 943 2180 Sieg
967 2147 1176 2180 gewonnen
1203 2139 1296 2183 gibt.
1349 2139 1386 2174 S.
1415 2140 1552 2182 Virgil.

9 2179 12 2220 J
70 2182 165 2218 Aen.
191 2181 255 2223 XI,
282 2182 363 2216 568.
390 2181 507 2215 Plaut.
535 2182 635 2215 Pers.
662 2184 706 2222 V,
734 2185 769 2224 2,
797 2186 852 2219 72.
882 2185 991 2218 Ovid.
1019 2186 1136 2222 Trist.
1157 2187 1187 2227 1,
1213 2189 1248 2226 3,
1279 2187 1343 2228 883
1372 2189 1552 2230 Fast.111‚

9 2254 12 2266 .
71 2231 156 2266 688.
218 2230 349 2273 Vergl.
381 2230 502 2263 Cicer.
530 2229 574 2262 de
598 2231 748 2265 Amicit.
777 2233 833 2267 26.
862 2234 1010 2268 cornel.
1038 2235 1146 2267 Ham.
1174 2237 1204 2269 l.
1233 2235 1339 2268 Caes.
1366 2237 1407 2270 B.
1436 2238 1481 2269 G.
1511 2237 1552 2275 V,

0 2300 11 2338 ‹'
71 2279 202 2362 {1'3-
228 2278 358 2321 Atque,
384 2277 457 2311 und
483 2279 586 2312 noch
614 2279 713 2313 oben
740 2279 857 2323 drein,
884 2282 977 2314 dazu
1005 2282 1116 2315 noch.
1167 2285 1202 2316 S.
1231 2284 1381 2317 Ramsln.
1410 2287 1439 2330 ᾗ.
1471 2286 1551 2323 179,

10 2344 11 2349 ,
103 2350 114 2369 ,
167 2352 176 2361 ,

167 2388 202 2422 3.
231 2388 318 2421 Rem
343 2389 526 2433 publicam
552 2397 622 2423 cet.
675 2392 754 2424 Von
782 2391 853 2424 den
876 2391 1336 2441 Staatsangelegenheiten
1363 2394 1464 2427 hane
1490 2395 1552 2427 ich

75 2435 178 2468 mich
204 2438 270 2469 auf
293 2438 392 2471 allen
418 2439 541 2472 seiten
570 2439 752 2476 entfernt,
782 2459 823 2464 —
875 2440 913 2473 in
939 2442 1058 2474 causis
1092 2451 1166 2479 cet.
1198 2442 1350 2476 hezicht
1383 2443 1464 2475 sich
1491 2444 1555 2476 auf

10 2496 12 2526 1
78 2483 241 2517 Cicero's
267 2485 480 2520 iuristische
509 2487 815 2532 Geschaftigkeit
839 2500 904 2522 vor
930 2490 1110 2534 Gericht,
1153 2493 1221 2524 auf
1245 2492 1346 2523 scine
1376 2491 1552 2524 venhei-

77 2531 268 2575 digungon
293 2536 534 2583 angeklagter
559 2537 757 2570 Personen.
785 2555 828 2560 —
861 2538 920 2580 (μα’
944 2542 1090 2572 utunlur
1116 2550 1241 2583 opera,
1270 2539 1329 2571 dic
1357 2539 1436 2572 sich
1462 2541 1553 2573 mci*

0 2602 12 2628 Ι,
77 2590 140 2612 nes
175 2579 388 2616 Beistandes
425 2584 627 2618 bedienen.
689 2596 798 2628 opera
830 2593 1042 2631 suspectum
1076 2589 1219 2621 Bentiv.
1257 2605 1302 2611 -—
1339 2587 1374 2619 in
1410 2588 1553 2630 tulgus,

78 2627 178 2660 beim
192 2627 317 2668 Volke,
344 2638 462 2666 statt
488 2633 614 2676 vulgo,
642 2633 724 2667 dem
745 2633 877 2676 Volke,
904 2635 1118 2678 allgcmein.
1142 2653 1182 2658 —
1212 2636 1432 2677 celebratur,
1461 2637 1552 2669 wir-d

81 2675 153 2708 viel
188 2676 358 2711 besucht.
395 2698 436 2705 -
466 2683 674 2716 occurritur
700 2682 782 2719 scil.
819 2681 921 2721 milti,
949 2695 1034 2715 man
1063 2682 1157 2727 geht
1183 2683 1256 2715 mir
1284 2690 1476 2728 cntgegen.
1508 2704 1549 2710 —-

81 2724 169 2757 stud.
197 2724 348 2768 signif„
373 2739 459 2762 man
487 2730 589 2774 zeigt
615 2731 688 2764 mir
715 2731 963 2764 Theilnahme
990 2731 1067 2765 und
1094 2732 1504 2768 Dicnstbcssisscnhcit.

0 1420 11 1565 ‘3
63 1467 165 1501 quem
203 1456 389 1500 plebeium.
439 1473 480 1481 ·--
533 1456 596 1490 sed
625 1456 736 1496 fidem
778 1458 952 1502 recepisse
993 1473 1042 1491 Ξ
1080 1459 1196 1494 fidem
1223 1461 1476 1506 -spopondisse
1512 1474 1538 1496 s.
