1742 3006
560 41 881 88 EPISTOLA
920 41 1026 86 LII.
1448 42 1547 93 219

51 156 245 209 culeum,
274 155 425 199 simile
453 155 500 197 in
529 155 761 210 superiore
789 157 918 209 parte
947 153 1212 209 provinciae
1231 153 1367 197 edere
1387 169 1541 198 exem-

51 215 178 271 plum
217 212 475 255 severitatis
515 215 617 253 tuae
659 214 704 252 et
743 210 920 251 idcirco
960 211 1158 252 Zeuxim
1198 211 1368 253 elicere
1418 214 1542 254 omni

51 271 229 312 ratione
267 269 487 312 voluisse:
546 280 677 322 quem
718 265 964 309 adductum
1002 266 1050 307 in
1087 267 1309 308 iudicium
1347 266 1542 310 fortasse

52 326 228 368 dimitti
256 338 344 367 non
374 325 658 379 oportuerat3
697 322 906 378 conquiri
935 334 1045 364 vero
1074 325 1120 363 et
1149 323 1259 364 elici
1288 323 1544 378 blanditiis,

52 387 102 424 ut
131 386 180 423 tu
210 379 396 432 scribis,
435 378 493 419 ad
523 379 746 420 iudicium
774 391 958 420 necesse
988 391 1077 419 non
1108 377 1222 428 suit3
1279 393 1381 422 eum
1411 394 1542 436 prae-

51 438 211 480 sertim
240 436 484 488 hominem‚
513 448 643 491 quem
672 444 756 490 ego
786 439 832 477 et
860 447 920 476 ex
949 434 1042 476 suis
1072 433 1246 475 civibus
1276 439 1322 476 et
1351 449 1411 477 ex
1430 437 1543 478 mul-

52 494 113 536 tis
153 493 258 535 aliis
295 491 501 546 quotidie
539 491 683 546 magis
713 504 939 547 cognosco
968 489 1240 531 nobiliorem
1278 504 1375 533 csse
1404 506 1544 548 prope

56 563 190 604 quam
229 548 462 590 civitatem
499 561 635 588 suam.
703 548 767 589 At
796 547 915 589 enim
946 546 1137 588 Graecis
1166 545 1278 587 solis
1309 547 1540 603 indulgeo.
1594 556 1607 566 ’

53 604 204 655 Quid?
259 603 312 645 L.
343 604 597 645 Caecilium
627 617 774 645 nonne
804 603 926 645 omni
956 602 1131 644 ratione
1161 602 1366 656 placavi?
1412 618 1544 659 quem

52 659 302 702 hominem!
341 673 428 716 qua
457 662 547 703 ira!
587 672 677 715 quo
706 660 892 715 spiritu!
963 659 1111 709 Quem
1142 658 1336 713 denique
1366 665 1548 713 praeter

51 716 344 769 Tuscenium,
374 716 501 757 cuius
532 728 667 758 causa
693 716 845 758 sanari
874 728 962 757 non
991 718 1164 771 potest,
1193 728 1283 757 non
1312 716 1548 771 mitigavi?

51 772 178 814 Ecce.
219 786 354 828 supra
393 776 528 828 caput
568 771 701 814 homo
742 772 857 814 levis
897 785 952 813 ac
994 771 1229 824 sordibus,
1276 771 1357 812 sed
1395 777 1546 815 tamen

52 829 254 882 equestri
285 841 436 881 censu,
464 828 706 870 Catienus:
738 828 876 870 etiam
906 828 945 869 is
976 827 1184 869 lenietur.
1243 826 1386 869 Cuius
1416 832 1466 871 tu
1497 830 1545 871 in

52 888 226 940 patrem
278 884 400 939 quod
449 884 579 925 fuisti
628 885 855 939 asperior,
915 898 1004 926 non
1052 882 1360 939 reprehendo:
1417 890 1546 927 certo

52 941 173 982 enim
213 941 310 982 scio
349 945 394 982 te
433 940 596 982 fecisse
637 954 739 982 cum
776 953 924 981 causa.
1022 940 1113 982 Sed
1151 938 1264 994 quid
1304 952 1415 994 opus
1458 940 1546 983 fuit

51 996 274 1038 eiusmodi
305 996 470 1049 literis,
499 1010 610 1051 quas
640 996 699 1039 ad
728 997 875 1052 ipsum
905 996 1099 1037 misisti?
1156 995 1321 1043 »illum
1361 1009 1543 1039 crucem

53 1052 142 1094 sibi
170 1053 317 1107 ipsum
346 1052 650 1106 constituere,
689 1065 749 1094 ex
779 1065 866 1107 qua
894 1056 944 1094 tu
973 1065 1074 1094 eum
1103 1055 1206 1092 ante
1238 1050 1545 1095 detraxisses:

53 1112 98 1150 te
129 1112 403 1161 curaturum,
432 1108 555 1150 sumo
584 1112 635 1149 ut
664 1109 1017 1161 combureretur,
1048 1107 1291 1164 plaudente
1323 1110 1422 1150 tota
1441 1122 1545 1164 pro-

50 1165 240 1207 vincia«
302 1164 427 1216 Quid
456 1178 565 1208 vero
595 1164 654 1207 ad
685 1165 735 1207 C.
765 1164 955 1208 Fabium
985 1165 1138 1207 nescio
1168 1165 1328 1220 quem?
1356 1187 1412 1194 —
1440 1179 1546 1208 nam

53 1308 113 1351 48,
139 1309 174 1351 9,
199 1309 234 1343 9.
270 1328 315 1334 --
347 1308 498 1352 elicere,
532 1306 833 1348 herauslocken‚
870 1307 905 1342 d.
938 1307 966 1340 -ὶ,
998 1304 1209 1340 aufsuchen
1242 1306 1363 1341 lassen
1400 1307 1478 1342 und
1505 1307 1547 1342 in

56 1356 118 1390 die
147 1356 252 1389 Falle
279 1355 431 1391 locken.
464 1374 509 1382 --
544 1358 768 1399 oportuerat.
801 1354 863 1389 Sic
889 1354 969 1389 Md.
1002 1355 1071 1389 Est
1096 1365 1143 1388 ex
1168 1364 1214 1388 eo
1241 1365 1378 1400 genere
1403 1356 1458 1399 (v.
1483 1367 1546 1390 ae-

56 1403 164 1448 quius
179 1404 316 1447 fuerat
347 1415 391 1438 ao
426 1403 653 1446 similium),
693 1404 738 1437 de
772 1413 847 1447 quo
878 1402 1088 1448 disputavit
1125 1402 1328 1437 Gernhard
1359 1403 1407 1439 ad
1440 1404 1546 1442 Lael.

55 1452 216 1486 Excurs.
245 1454 280 1488 1.
307 1453 512 1496 oportuerit
545 1452 643 1486 Cett.
683 1451 882 1487 ORELLI.
916 1451 1002 1499 Vgl.
1034 1449 1248 1485 Ramshorn
1274 1452 1310 1496 ς.
1339 1453 1421 1494 166,
1449 1455 1484 1495 2,
1513 1464 1547 1496 c,

56 1501 146 1534 Not.
173 1500 321 1534 Grotef.
348 1501 383 1545 §-
411 1501 479 1536 184
506 1511 595 1549 geg.
622 1499 745 1534 Ende.
776 1517 820 1530 ν-
855 1499 906 1534 ad
927 1498 1119 1541 iudicium,
1152 1510 1219 1533 um
1252 1499 1416 1534 Gericht
1450 1501 1548 1536 iiber

56 1547 126 1581 ibn
151 1546 282 1581 halten
308 1559 357 1581 zu
382 1547 547 1583 k‘dnnen.
579 1566 626 1573 —
659 1559 764 1592 quam
790 1548 857 1583 civ.
881 1559 1005 1590 suam,
1038 1548 1091 1581 als
1127 1547 1229 1581 seine
1264 1549 1547 1584 Geburtsstadt.

146 1597 183 1632 6.
211 1595 252 1629 L.
280 1595 486 1630 Caecilium
509 1596 793 1641 negotiatorem
815 1596 952 1638 Quinto
981 1595 1175 1629 Ciceronis
1200 1596 1313 1630 fratri
1339 1597 1545 1632 infensum.

56 1662 102 1670 --
136 1644 346 1678 Tuscenium
378 1645 572 1679 hominem
604 1645 787 1679 furiosum
819 1656 862 1678 ac
890 1644 1097 1678 sordidum.
1149 1644 1235 1682 Vid.
1262 1655 1320 1691 ep.
1347 1645 1458 1689 XXX,
1487 1648 1548 1684 19,

57 1710 102 1718 —-
136 1693 238 1726 cuius
275 1704 387 1728 causa
419 1694 550 1728 sunari
581 1703 653 1727 non
677 1697 813 1738 potest,
844 1692 1014 1727 namlich
1039 1693 1123 1727 weil
1149 1693 1307 1739 Quintus
1332 1693 1402 1727 ihn
1429 1693 1550 1728 sehon

58 1747 208 1790 strenge
233 1741 395 1776 bestraft
420 1741 539 1775 hatte.
565 1760 610 1767 —
635 1752 750 1786 supra
775 1745 898 1785 caput,
926 1741 1031 1784 sieh’,
1057 1741 1097 1774 in
1124 1741 1270 1775 diesem
1294 1743 1552 1788 Augenblicke

57 1789 153 1824 habe
188 1788 254 1823 ich
280 1790 351 1823 den
379 1791 552 1824 Catienus
576 1791 645 1824 auf
670 1791 756 1825 dem
782 1791 913 1834 Halse,
954 1791 1021 1824 der
1044 1791 1115 1823 Dir
1141 1789 1240 1824 auch
1265 1791 1354 1824 bose
1378 1792 1440 1825 ist.
1489 1803 1551 1825 su-

55 1848 129 1882 pra
153 1850 280 1872 meum
306 1843 417 1884 caput
442 1845 499 1872 est
525 1839 720 1881 Catienus,
747 1850 789 1873 er
814 1839 964 1873 kommt
988 1838 1062 1872 mir
1089 1839 1184 1873 iiber
1209 1839 1279 1873 den
1304 1840 1418 1882 Hals,
1444 1840 1553 1886 plagt

58 1886 187 1929 mich3
214 1886 313 1921 doch
337 1888 438 1921 kann
463 1899 550 1921 man
579 1890 897 1933 tuurnerganzen:
924 1899 990 1931 „er
1009 1887 1173 1922 bedroht
1190 1888 1339 1922 Dic11.“
1377 1889 1425 1922 So
1445 1889 1552 1933 Virg.

57 1935 148 1968 Aen.
176 1936 247 1976 111,
276 1937 362 1972 194:
399 1937 499 1970 Tum
524 1935 623 1970 mihi
650 1937 839 1971 caeruleus
865 1949 976 1983 supra
1003 1943 1117 1982 caput
1142 1936 1289 1971 adstitit
1314 1937 1439 1972 imber
1463 1937 1488 1971 i.
1517 1948 1552 1970 e.

59 1983 304 2027 imminebat,
342 1984 598 2030 impendebat.
630 1985 715 2021 Liv.
750 1986 829 2028 ΙΙΙ,
871 1989 935 2021 17:
978 1997 1092 2031 quum
1127 1986 1259 2020 hostes
1290 1997 1402 2031 supra
1437 1991 1552 2032 caput

57 2031 213 2076 (nobis)
239 2033 328 2071 sint,
377 2034 526 2067 Sallust.
553 2034 634 2066 Cat.
661 2035 709 2070 52
732 2034 832 2076 (56):
876 2034 947 2068 dux
979 2034 1149 2069 hostium
1183 2046 1294 2080 supra
1325 2041 1441 2080 caput
1479 2041 1550 2070 est.

61 2098 104 2105 —
131 2082 291 2125 equestri
316 2092 435 2124 censu,
462 2081 528 2115 der
553 2081 692 2116 iedoch
718 2083 780 2115 ein
806 2083 1023 2128 Vermiigen
1060 2094 1135 2117 von
1161 2083 1408 2128 quadraginta
1433 2083 1554 2116 millia

59 2132 254 2164 nummum
280 2130 366 2173 hat,
408 2141 450 2164 so
476 2130 556 2164 dass
581 2142 622 2164 er
646 2131 773 2165 Ritter
798 2131 950 2172 werden
978 2132 1088 2166 kann.
1148 2131 1291 2165 incessu
1314 2131 1400 2168 Md.
1428 2131 1553 2166 Oxon.

59 2178 94 2213 2.
129 2179 224 2213 mire
256 2179 364 2224 prob.
401 2178 561 2214 Barthio
594 2179 631 2213 in
669 2180 848 2214 Observv.
887 2181 948 2214 ed.
975 2180 1123 2214 Fiedler
1155 2192 1194 2226 p.
1219 2182 1303 2216 226.
1355 2180 1554 2215 ORELLI.

61 2243 106 2250 —-
132 2227 182 2260 ad
203 2227 321 2271 ipsum
347 2227 479 2262 filium.
510 2247 550 2254 —
579 2238 737 2270 crucem,
764 2229 933 2274 Galgen3
960 2230 1204 2275 Hauptstrafe
1228 2230 1293 2263 fiir
1319 2227 1492 2262 Sklaven.
1508 2247 1550 2252 —-

61 2273 253 2309 detraheri
279 2286 324 2309 ex
349 2287 468 2314 cruce.
496 2287 580 2310 vom
607 2277 751 2323 Galgen
779 2277 1006 2312 abnehmen.
1033 2295 1077 2302 ·—-
1109 2278 1216 2320 fumo
1240 2281 1280 2311 ut
1305 2278 1443 2316 camb„
1472 2276 1553 2309 dass

62 2334 102 2356 er
134 2327 210 2357 an’s
243 2325 365 2358 Kreuz
397 2325 622 2370 geschlagen
656 2326 776 2360 durch
801 2326 1058 2372 Feuerdampf
1087 2327 1292 2361 verbrannt
1312 2325 1453 2359 wiirde.
1505 2326 1554 2358 So

61 2372 146 2405 liess
172 2372 302 2406 Kaiser
327 2372 536 2407 Alexander
563 2374 681 2408 Einen
707 2375 939 2415 hinricliten‚
965 2376 1031 2420 qui
1057 2375 1203 2409 furnum
1230 2375 1461 2414 vendiderat,
1489 2372 1554 2407 der

63 2419 178 2453 Wind
204 2421 409 2465 gemacht,
460 2421 498 2454 d.
526 2421 566 2455 h.
604 2430 714 2457 unter
748 2424 835 2457 dem
862 2423 1036 2465 Scheine,
1062 2424 1115 2457 als
1143 2425 1191 2458 ob
1217 2436 1258 2458 er
1284 2424 1397 2456 bei'm
1423 2421 1554 2455 Kaiset

65 2467 147 2499 Viel
179 2470 415 2510 vermischte,
459 2470 522 2504 die
556 2471 674 2505 Lente
708 2473 885 2517 betrogen
918 2473 1035 2506 hatte.
1086 2474 1121 2507 S.
1149 2471 1345 2518 Lamprid.
1381 2469 1416 2503 in
1452 2469 1552 2502 Alex.

65 2513 192 2549 sever.
219 2519 275 2553 36.
301 2519 451 2565 Lipsius
477 2519 522 2552 de
549 2520 669 2554 Cruce
697 2521 766 2563 111,
794 2532 825 2554 c.
855 2524 909 2557 10.
932 2523 1053 2564 surim
1081 2523 1205 2555 Ursin.
1228 2533 1326 2565 susp.
1357 2518 1553 2552 ORELLL

68 2582 111 2588 —
141 2564 237 2598 Quid
258 2576 342 2600 vero
369 2579 459 2614 opus
487 2568 561 2601 suit
585 2570 771 2603 eiusmodi
798 2570 930 2611 literis,
957 2582 1049 2615 quas
1077 2571 1213 2604 misisti
1239 2570 1287 2601 ad
1313 2569 1353 2602 C.
1381 2566 1553 2601 Fabium!

69 2613 302 2652 „renuntiari
328 2623 402 2652 cet.
436 2617 554 2650 worin
572 2619 632 2651 Du
658 2625 766 2663 sagst,
796 2629 832 2651 cs
858 2619 911 2653 sei
924 2620 992 2652 Dir
1013 2618 1218 2659 berichtct,
1245 2617 1310 2650 der
1326 2616 1552 2651 Menschen-

68 2660 156 2693 dieb
183 2661 350 2696 Licinius
382 2665 454 2698 mit
479 2666 620 2701 seinem
654 2667 790 2711 iungen
820 2667 1038 2702 Gcierchen
1071 2679 1145 2700 von
1172 2665 1278 2700 Sohn
1306 2677 1445 2698 maesse
1470 2664 1553 2697 sich

69 2720 127 2751 au,
154 2709 371 2745 offentliche
396 2713 574 2759 Abgabcn
600 2716 866 2751 cinzutreiben.
927 2715 1146 2758 plagiarius
1174 2716 1221 2749 ist
1246 2715 1330 2749 hier
1356 2715 1419 2750 cin
1447 2715 1551 2748 Men-
