<?xml version="1.0" encoding="UTF-8"?>
<!DOCTYPE html PUBLIC "-//W3C//DTD XHTML 1.0 Transitional//EN"
    "http://www.w3.org/TR/xhtml1/DTD/xhtml1-transitional.dtd">
<html xmlns="http://www.w3.org/1999/xhtml" xml:lang="en" lang="en">
 <head>
  <title>
</title>
<meta http-equiv="Content-Type" content="text/html;charset=utf-8" />
  <meta name='ocr-system' content='tesseract 3.04.00' />
  <meta name='ocr-capabilities' content='ocr_page ocr_carea ocr_par ocr_line ocrx_word'/>
</head>
<body>
  <div class='ocr_page' id='page_1' title='image "./epistolaeadattic00ciceuoft_0559.png"; bbox 0 0 1742 3006; ppageno 0'>
   <div class='ocr_carea' id='block_1_1' title="bbox 0 0 45 2819">
    <p class='ocr_par' dir='ltr' id='par_1_1' title="bbox 0 0 45 2819">
     <span class='ocr_line' id='line_1_1' title="bbox 0 0 45 2819; baseline 0 0"><span class='ocrx_word' id='word_1_1' title='bbox 0 0 45 2819; x_wconf 95' lang='lat' dir='ltr'><strong> </strong></span> 
     </span>
    </p>
   </div>
   <div class='ocr_carea' id='block_1_2' title="bbox 562 65 1572 115">
    <p class='ocr_par' dir='ltr' id='par_1_2' title="bbox 562 65 1572 115">
     <span class='ocr_line' id='line_1_2' title="bbox 562 65 1572 115; baseline 0.006 -6"><span class='ocrx_word' id='word_1_2' title='bbox 562 65 871 109; x_wconf 79' lang='lat' dir='ltr'>EPISTULA</span> <span class='ocrx_word' id='word_1_3' title='bbox 911 66 989 109; x_wconf 89' lang='lat' dir='ltr'><strong>CL</strong></span> <span class='ocrx_word' id='word_1_4' title='bbox 997 66 1098 109; x_wconf 91' lang='lat' dir='ltr'><strong>VII.</strong></span> <span class='ocrx_word' id='word_1_5' title='bbox 1479 65 1572 115; x_wconf 85' lang='lat'><strong>539</strong></span> 
     </span>
    </p>
   </div>
   <div class='ocr_carea' id='block_1_3' title="bbox 103 176 1577 900">
    <p class='ocr_par' dir='ltr' id='par_1_3' title="bbox 103 176 1577 900">
     <span class='ocr_line' id='line_1_3' title="bbox 103 176 1572 233; baseline 0 -11"><span class='ocrx_word' id='word_1_6' title='bbox 103 192 225 232; x_wconf 82' lang='lat' dir='ltr'><strong>nem,</strong></span> <span class='ocrx_word' id='word_1_7' title='bbox 261 201 314 209; x_wconf 90' lang='lat'><strong>-—-</strong></span> <span class='ocrx_word' id='word_1_8' title='bbox 352 177 462 219; x_wconf 78' lang='lat' dir='ltr'><strong>haec</strong></span> <span class='ocrx_word' id='word_1_9' title='bbox 501 176 615 218; x_wconf 86' lang='lat' dir='ltr'><strong>enim</strong></span> <span class='ocrx_word' id='word_1_10' title='bbox 644 191 713 219; x_wconf 86' lang='lat' dir='ltr'><strong>me</strong></span> <span class='ocrx_word' id='word_1_11' title='bbox 742 190 827 218; x_wconf 82' lang='lat' dir='ltr'><strong>una</strong></span> <span class='ocrx_word' id='word_1_12' title='bbox 862 191 914 218; x_wconf 88' lang='lat' dir='ltr'><strong>ex</strong></span> <span class='ocrx_word' id='word_1_13' title='bbox 943 177 1027 220; x_wconf 86' lang='lat' dir='ltr'><strong>hoc</strong></span> <span class='ocrx_word' id='word_1_14' title='bbox 1056 177 1288 233; x_wconf 82' lang='lat' dir='ltr'><strong>naufragio</strong></span> <span class='ocrx_word' id='word_1_15' title='bbox 1318 180 1469 221; x_wconf 77' lang='lat' dir='ltr'><strong>tabula</strong></span> <span class='ocrx_word' id='word_1_16' title='bbox 1498 181 1572 222; x_wconf 85' lang='lat' dir='ltr'><strong>de-</strong></span> 
     </span>
     <span class='ocr_line' id='line_1_4' title="bbox 104 232 1569 289; baseline 0 -12"><span class='ocrx_word' id='word_1_17' title='bbox 104 237 264 286; x_wconf 73' lang='lat' dir='ltr'><strong>lentat,</strong></span> <span class='ocrx_word' id='word_1_18' title='bbox 293 256 345 265; x_wconf 94' lang='lat'>—</span> <span class='ocrx_word' id='word_1_19' title='bbox 374 234 448 288; x_wconf 85' lang='lat' dir='ltr'><strong>qui</strong></span> <span class='ocrx_word' id='word_1_20' title='bbox 476 232 651 288; x_wconf 89' lang='lat' dir='ltr'><strong>quidem</strong></span> <span class='ocrx_word' id='word_1_21' title='bbox 683 233 893 283; x_wconf 81' lang='lat' dir='ltr'><strong>Quintum</strong></span> <span class='ocrx_word' id='word_1_22' title='bbox 923 247 1064 274; x_wconf 85' lang='lat' dir='ltr'><strong>meum</strong></span> <span class='ocrx_word' id='word_1_23' title='bbox 1097 240 1323 289; x_wconf 83' lang='lat' dir='ltr'><strong>tuumque,</strong></span> <span class='ocrx_word' id='word_1_24' title='bbox 1354 235 1417 275; x_wconf 82' lang='lat' dir='ltr'><strong>dii</strong></span> <span class='ocrx_word' id='word_1_25' title='bbox 1446 236 1569 278; x_wconf 90' lang='lat' dir='ltr'><strong>boni!</strong></span> 
     </span>
     <span class='ocr_line' id='line_1_5' title="bbox 105 288 1571 346; baseline 0.001 -15"><span class='ocrx_word' id='word_1_26' title='bbox 105 289 467 346; x_wconf 82' lang='lat' dir='ltr'><strong>quemadmodum</strong></span> <span class='ocrx_word' id='word_1_27' title='bbox 496 292 657 330; x_wconf 82' lang='lat' dir='ltr'><strong>tractat</strong></span> <span class='ocrx_word' id='word_1_28' title='bbox 686 289 876 341; x_wconf 77' lang='lat' dir='ltr'><strong>honore,</strong></span> <span class='ocrx_word' id='word_1_29' title='bbox 907 288 1146 344; x_wconf 81' lang='lat' dir='ltr'>dignitate,</span> <span class='ocrx_word' id='word_1_30' title='bbox 1184 292 1349 345; x_wconf 78' lang='lat' dir='ltr'><strong>gratia!</strong></span> <span class='ocrx_word' id='word_1_31' title='bbox 1389 304 1476 332; x_wconf 88' lang='lat' dir='ltr'><strong>non</strong></span> <span class='ocrx_word' id='word_1_32' title='bbox 1505 305 1571 333; x_wconf 87' lang='lat' dir='ltr'><strong>se-</strong></span> 
     </span>
     <span class='ocr_line' id='line_1_6' title="bbox 105 345 1572 401; baseline 0.001 -14"><span class='ocrx_word' id='word_1_33' title='bbox 105 359 208 398; x_wconf 88' lang='lat' dir='ltr'><strong>cus,</strong></span> <span class='ocrx_word' id='word_1_34' title='bbox 247 358 299 386; x_wconf 87' lang='lat' dir='ltr'><strong>ac</strong></span> <span class='ocrx_word' id='word_1_35' title='bbox 327 345 365 385; x_wconf 87' lang='lat' dir='ltr'><strong>si</strong></span> <span class='ocrx_word' id='word_1_36' title='bbox 395 357 476 397; x_wconf 88' lang='lat' dir='ltr'><strong>ego</strong></span> <span class='ocrx_word' id='word_1_37' title='bbox 514 357 653 385; x_wconf 86' lang='lat' dir='ltr'><strong>essem</strong></span> <span class='ocrx_word' id='word_1_38' title='bbox 690 346 940 399; x_wconf 69' lang='lat' dir='ltr'><strong>imperator.</strong></span> <span class='ocrx_word' id='word_1_39' title='bbox 1006 345 1203 387; x_wconf 76' lang='lat' dir='ltr'>Hiberna</span> <span class='ocrx_word' id='word_1_40' title='bbox 1239 347 1456 401; x_wconf 82' lang='lat' dir='ltr'><strong>legionum</strong></span> <span class='ocrx_word' id='word_1_41' title='bbox 1494 348 1572 388; x_wconf 87' lang='lat' dir='ltr'><strong>eli-</strong></span> 
     </span>
     <span class='ocr_line' id='line_1_7' title="bbox 106 399 1574 457; baseline 0.002 -15"><span class='ocrx_word' id='word_1_42' title='bbox 106 400 235 457; x_wconf 83' lang='lat' dir='ltr'><strong>gendi</strong></span> <span class='ocrx_word' id='word_1_43' title='bbox 261 400 380 453; x_wconf 84' lang='lat' dir='ltr'><strong>optio</strong></span> <span class='ocrx_word' id='word_1_44' title='bbox 411 399 555 441; x_wconf 86' lang='lat' dir='ltr'><strong>delata</strong></span> <span class='ocrx_word' id='word_1_45' title='bbox 583 402 884 452; x_wconf 79' lang='lat' dir='ltr'><strong>commodum,</strong></span> <span class='ocrx_word' id='word_1_46' title='bbox 923 405 970 441; x_wconf 84' lang='lat' dir='ltr'><strong>ut</strong></span> <span class='ocrx_word' id='word_1_47' title='bbox 999 402 1056 441; x_wconf 87' lang='lat' dir='ltr'><strong>ad</strong></span> <span class='ocrx_word' id='word_1_48' title='bbox 1085 414 1153 441; x_wconf 81' lang='lat' dir='ltr'><strong>me</strong></span> <span class='ocrx_word' id='word_1_49' title='bbox 1194 404 1359 443; x_wconf 84' lang='lat' dir='ltr'><strong>scribit.</strong></span> <span class='ocrx_word' id='word_1_50' title='bbox 1440 403 1574 445; x_wconf 86' lang='lat' dir='ltr'><strong>Hunc</strong></span> 
     </span>
     <span class='ocr_line' id='line_1_8' title="bbox 104 455 1572 514; baseline 0.002 -16"><span class='ocrx_word' id='word_1_51' title='bbox 104 463 153 499; x_wconf 79' lang='lat' dir='ltr'><strong>tu</strong></span> <span class='ocrx_word' id='word_1_52' title='bbox 180 470 266 497; x_wconf 87' lang='lat' dir='ltr'><strong>non</strong></span> <span class='ocrx_word' id='word_1_53' title='bbox 295 455 437 496; x_wconf 74' lang='lat' dir='ltr'><strong>ames?</strong></span> <span class='ocrx_word' id='word_1_54' title='bbox 475 469 601 509; x_wconf 90' lang='lat' dir='ltr'><strong>quem</strong></span> <span class='ocrx_word' id='word_1_55' title='bbox 630 456 768 509; x_wconf 84' lang='lat' dir='ltr'><strong>igitur</strong></span> <span class='ocrx_word' id='word_1_56' title='bbox 794 456 1003 497; x_wconf 73' lang='lat' dir='ltr'><strong>istorum?</strong></span> <span class='ocrx_word' id='word_1_57' title='bbox 1044 456 1132 496; x_wconf 85' lang='lat' dir='ltr'><strong>Sed</strong></span> <span class='ocrx_word' id='word_1_58' title='bbox 1157 455 1352 510; x_wconf 75' lang='lat' dir='ltr'><strong>heusta,</strong></span> <span class='ocrx_word' id='word_1_59' title='bbox 1383 460 1572 514; x_wconf 87' lang='lat' dir='ltr'><strong>scripse-</strong></span> 
     </span>
     <span class='ocr_line' id='line_1_9' title="bbox 107 510 1575 567; baseline 0.002 -13"><span class='ocrx_word' id='word_1_60' title='bbox 107 525 258 554; x_wconf 88' lang='lat' dir='ltr'><strong>ramne</strong></span> <span class='ocrx_word' id='word_1_61' title='bbox 285 510 389 562; x_wconf 84' lang='lat' dir='ltr'><strong>tibi,</strong></span> <span class='ocrx_word' id='word_1_62' title='bbox 427 524 498 551; x_wconf 91' lang='lat' dir='ltr'><strong>me</strong></span> <span class='ocrx_word' id='word_1_63' title='bbox 535 525 631 552; x_wconf 84' lang='lat' dir='ltr'><strong>esse</strong></span> <span class='ocrx_word' id='word_1_64' title='bbox 669 513 858 567; x_wconf 84' lang='lat' dir='ltr'><strong>legatum</strong></span> <span class='ocrx_word' id='word_1_65' title='bbox 894 512 1132 565; x_wconf 67' lang='lat' dir='ltr'><strong>Pompeio?</strong></span> <span class='ocrx_word' id='word_1_66' title='bbox 1182 517 1224 554; x_wconf 87' lang='lat' dir='ltr'><strong>et</strong></span> <span class='ocrx_word' id='word_1_67' title='bbox 1262 519 1385 555; x_wconf 84' lang='lat' dir='ltr'><strong>extra</strong></span> <span class='ocrx_word' id='word_1_68' title='bbox 1421 517 1575 557; x_wconf 85' lang='lat' dir='ltr'><strong>urbem</strong></span> 
     </span>
     <span class='ocr_line' id='line_1_10' title="bbox 106 565 1576 622; baseline 0.004 -15"><span class='ocrx_word' id='word_1_69' title='bbox 106 567 282 622; x_wconf 87' lang='lat' dir='ltr'><strong>quidem</strong></span> <span class='ocrx_word' id='word_1_70' title='bbox 311 565 408 607; x_wconf 85' lang='lat' dir='ltr'><strong>sore</strong></span> <span class='ocrx_word' id='word_1_71' title='bbox 438 580 492 607; x_wconf 88' lang='lat' dir='ltr'><strong>ex</strong></span> <span class='ocrx_word' id='word_1_72' title='bbox 521 567 631 607; x_wconf 87' lang='lat' dir='ltr'><strong>Idib.</strong></span> <span class='ocrx_word' id='word_1_73' title='bbox 662 568 780 609; x_wconf 51' lang='lat' dir='ltr'><strong>lans!</strong></span> <span class='ocrx_word' id='word_1_74' title='bbox 820 567 980 608; x_wconf 83' lang='lat' dir='ltr'><strong>visum</strong></span> <span class='ocrx_word' id='word_1_75' title='bbox 1010 572 1077 608; x_wconf 83' lang='lat' dir='ltr'><strong>est</strong></span> <span class='ocrx_word' id='word_1_76' title='bbox 1105 567 1190 608; x_wconf 88' lang='lat' dir='ltr'><strong>hoc</strong></span> <span class='ocrx_word' id='word_1_77' title='bbox 1219 570 1326 611; x_wconf 89' lang='lat' dir='ltr'><strong>mihi</strong></span> <span class='ocrx_word' id='word_1_78' title='bbox 1356 570 1410 611; x_wconf 88' lang='lat' dir='ltr'><strong>ad</strong></span> <span class='ocrx_word' id='word_1_79' title='bbox 1440 572 1576 613; x_wconf 82' lang='lat' dir='ltr'><strong>multa</strong></span> 
     </span>
     <span class='ocr_line' id='line_1_11' title="bbox 105 621 1577 680; baseline 0.004 -18"><span class='ocrx_word' id='word_1_80' title='bbox 105 622 336 677; x_wconf 80' lang='lat' dir='ltr'><strong>quadrare.</strong></span> <span class='ocrx_word' id='word_1_81' title='bbox 406 621 495 662; x_wconf 85' lang='lat' dir='ltr'><strong>Sed</strong></span> <span class='ocrx_word' id='word_1_82' title='bbox 524 622 629 677; x_wconf 87' lang='lat' dir='ltr'><strong>quid</strong></span> <span class='ocrx_word' id='word_1_83' title='bbox 669 623 817 678; x_wconf 66' lang='lat' dir='ltr'><strong>plura?</strong></span> <span class='ocrx_word' id='word_1_84' title='bbox 870 635 1045 672; x_wconf 83' lang='lat' dir='ltr'><strong>coram,</strong></span> <span class='ocrx_word' id='word_1_85' title='bbox 1084 624 1262 677; x_wconf 79' lang='lat' dir='ltr'>opinor,</span> <span class='ocrx_word' id='word_1_86' title='bbox 1302 627 1490 680; x_wconf 81' lang='lat' dir='ltr'><strong>reliqua3</strong></span> <span class='ocrx_word' id='word_1_87' title='bbox 1527 630 1577 668; x_wconf 86' lang='lat' dir='ltr'><strong>ut</strong></span> 
     </span>
     <span class='ocr_line' id='line_1_12' title="bbox 105 677 1575 733; baseline 0.003 -14"><span class='ocrx_word' id='word_1_88' title='bbox 105 683 154 720; x_wconf 80' lang='lat' dir='ltr'><strong>tu</strong></span> <span class='ocrx_word' id='word_1_89' title='bbox 182 682 328 719; x_wconf 84' lang='lat' dir='ltr'><strong>tamen</strong></span> <span class='ocrx_word' id='word_1_90' title='bbox 356 677 521 731; x_wconf 84' lang='lat' dir='ltr'><strong>aliquid</strong></span> <span class='ocrx_word' id='word_1_91' title='bbox 550 684 791 732; x_wconf 83' lang='lat' dir='ltr'><strong>exspectes.</strong></span> <span class='ocrx_word' id='word_1_92' title='bbox 858 678 1078 732; x_wconf 82' lang='lat' dir='ltr'><strong>Dionysio</strong></span> <span class='ocrx_word' id='word_1_93' title='bbox 1106 680 1338 733; x_wconf 77' lang='lat' dir='ltr'><strong>plurimam</strong></span> <span class='ocrx_word' id='word_1_94' title='bbox 1367 683 1575 724; x_wconf 80' lang='lat' dir='ltr'><strong>salutem:</strong></span> 
     </span>
     <span class='ocr_line' id='line_1_13' title="bbox 107 733 1575 788; baseline 0.002 -13"><span class='ocrx_word' id='word_1_95' title='bbox 107 733 178 775; x_wconf 88' lang='lat' dir='ltr'><strong>cui</strong></span> <span class='ocrx_word' id='word_1_96' title='bbox 221 733 399 788; x_wconf 89' lang='lat' dir='ltr'><strong>quidem</strong></span> <span class='ocrx_word' id='word_1_97' title='bbox 438 747 519 787; x_wconf 81' lang='lat' dir='ltr'><strong>ego</strong></span> <span class='ocrx_word' id='word_1_98' title='bbox 562 748 647 774; x_wconf 90' lang='lat' dir='ltr'><strong>non</strong></span> <span class='ocrx_word' id='word_1_99' title='bbox 690 735 822 775; x_wconf 88' lang='lat' dir='ltr'><strong>modo</strong></span> <span class='ocrx_word' id='word_1_100' title='bbox 864 735 1060 786; x_wconf 79' lang='lat' dir='ltr'><strong>servavi,</strong></span> <span class='ocrx_word' id='word_1_101' title='bbox 1101 735 1177 775; x_wconf 84' lang='lat' dir='ltr'><strong>sed</strong></span> <span class='ocrx_word' id='word_1_102' title='bbox 1208 738 1313 777; x_wconf 89' lang='lat' dir='ltr'><strong>etim</strong></span> <span class='ocrx_word' id='word_1_103' title='bbox 1343 738 1575 780; x_wconf 84' lang='lat' dir='ltr'><strong>aedificavi</strong></span> 
     </span>
     <span class='ocr_line' id='line_1_14' title="bbox 106 787 1576 848; baseline 0.003 -17"><span class='ocrx_word' id='word_1_104' title='bbox 106 789 263 831; x_wconf 90' lang='lat' dir='ltr'><strong>locum.</strong></span> <span class='ocrx_word' id='word_1_105' title='bbox 321 787 442 837; x_wconf 85' lang='lat' dir='ltr'><strong>Quid</strong></span> <span class='ocrx_word' id='word_1_106' title='bbox 470 790 666 842; x_wconf 70' lang='lat' dir='ltr'><strong>quaeris?</strong></span> <span class='ocrx_word' id='word_1_107' title='bbox 707 791 761 831; x_wconf 86' lang='lat' dir='ltr'><strong>ad</strong></span> <span class='ocrx_word' id='word_1_108' title='bbox 783 803 993 830; x_wconf 86' lang='lat' dir='ltr'><strong>summam</strong></span> <span class='ocrx_word' id='word_1_109' title='bbox 1017 791 1230 832; x_wconf 80' lang='lat' dir='ltr'><strong>laetitiam</strong></span> <span class='ocrx_word' id='word_1_110' title='bbox 1251 806 1416 846; x_wconf 87' lang='lat' dir='ltr'><strong>meam,</strong></span> <span class='ocrx_word' id='word_1_111' title='bbox 1447 808 1576 848; x_wconf 89' lang='lat' dir='ltr'><strong>quam</strong></span> 
     </span>
     <span class='ocr_line' id='line_1_15' title="bbox 107 844 1576 900; baseline 0.003 -14"><span class='ocrx_word' id='word_1_112' title='bbox 107 858 161 886; x_wconf 82' lang='lat' dir='ltr'><strong>ex</strong></span> <span class='ocrx_word' id='word_1_113' title='bbox 189 849 263 886; x_wconf 85' lang='lat' dir='ltr'><strong>tuo</strong></span> <span class='ocrx_word' id='word_1_114' title='bbox 293 844 435 885; x_wconf 82' lang='lat' dir='ltr'><strong>reditu</strong></span> <span class='ocrx_word' id='word_1_115' title='bbox 466 847 615 898; x_wconf 86' lang='lat' dir='ltr'><strong>capio,</strong></span> <span class='ocrx_word' id='word_1_116' title='bbox 655 858 834 900; x_wconf 84' lang='lat' dir='ltr'><strong>magnus</strong></span> <span class='ocrx_word' id='word_1_117' title='bbox 864 846 979 886; x_wconf 84' lang='lat' dir='ltr'><strong>illius</strong></span> <span class='ocrx_word' id='word_1_118' title='bbox 1011 846 1196 887; x_wconf 80' lang='lat' dir='ltr'><strong>adventu</strong></span> <span class='ocrx_word' id='word_1_119' title='bbox 1227 850 1421 891; x_wconf 87' lang='lat' dir='ltr'><strong>cumulus</strong></span> <span class='ocrx_word' id='word_1_120' title='bbox 1453 863 1576 891; x_wconf 86' lang='lat' dir='ltr'><strong>acce-</strong></span> 
     </span>
    </p>
   </div>
   <div class='ocr_carea' id='block_1_4' title="bbox 107 898 1578 998">
    <p class='ocr_par' dir='ltr' id='par_1_4' title="bbox 107 898 1578 998">
     <span class='ocr_line' id='line_1_16' title="bbox 108 898 1578 959; baseline 0.004 -18"><span class='ocrx_word' id='word_1_121' title='bbox 108 901 194 941; x_wconf 75' lang='lat' dir='ltr'><strong>det.</strong></span> <span class='ocrx_word' id='word_1_122' title='bbox 252 898 352 948; x_wconf 87' lang='lat' dir='ltr'><strong>Quo</strong></span> <span class='ocrx_word' id='word_1_123' title='bbox 381 899 452 939; x_wconf 87' lang='lat' dir='ltr'><strong>die</strong></span> <span class='ocrx_word' id='word_1_124' title='bbox 481 900 537 939; x_wconf 87' lang='lat' dir='ltr'><strong>ad</strong></span> <span class='ocrx_word' id='word_1_125' title='bbox 565 914 634 941; x_wconf 88' lang='lat' dir='ltr'><strong>me</strong></span> <span class='ocrx_word' id='word_1_126' title='bbox 663 902 836 953; x_wconf 83' lang='lat' dir='ltr'><strong>venieS‚</strong></span> <span class='ocrx_word' id='word_1_127' title='bbox 877 905 948 953; x_wconf 83' lang='lat' dir='ltr'><strong>tu,</strong></span> <span class='ocrx_word' id='word_1_128' title='bbox 988 902 1028 942; x_wconf 83' lang='lat' dir='ltr'><strong>si</strong></span> <span class='ocrx_word' id='word_1_129' title='bbox 1068 915 1137 943; x_wconf 86' lang='lat' dir='ltr'><strong>me</strong></span> <span class='ocrx_word' id='word_1_130' title='bbox 1174 915 1317 956; x_wconf 84' lang='lat' dir='ltr'><strong>arnas,</strong></span> <span class='ocrx_word' id='word_1_131' title='bbox 1358 905 1472 959; x_wconf 89' lang='lat' dir='ltr'><strong>apud</strong></span> <span class='ocrx_word' id='word_1_132' title='bbox 1509 919 1578 947; x_wconf 85' lang='lat' dir='ltr'><strong>me</strong></span> 
     </span>
     <span class='ocr_line' id='line_1_17' title="bbox 107 957 537 998; baseline -0.007 0"><span class='ocrx_word' id='word_1_133' title='bbox 107 970 208 998; x_wconf 89' lang='lat' dir='ltr'><strong>cum</strong></span> <span class='ocrx_word' id='word_1_134' title='bbox 235 957 321 997; x_wconf 83' lang='lat' dir='ltr'><strong>tuis</strong></span> <span class='ocrx_word' id='word_1_135' title='bbox 349 967 537 996; x_wconf 84' lang='lat' dir='ltr'><strong>maneas.</strong></span> 
     </span>
    </p>
   </div>
   <div class='ocr_carea' id='block_1_5' title="bbox 106 1072 1587 2597">
    <p class='ocr_par' dir='ltr' id='par_1_5' title="bbox 106 1072 1587 2597">
     <span class='ocr_line' id='line_1_18' title="bbox 107 1072 1579 1118; baseline 0.005 -12"><span class='ocrx_word' id='word_1_136' title='bbox 107 1073 206 1107; x_wconf 78' lang='lat' dir='ltr'><strong>saris</strong></span> <span class='ocrx_word' id='word_1_137' title='bbox 230 1072 343 1105; x_wconf 80' lang='lat' dir='ltr'><strong>amici</strong></span> <span class='ocrx_word' id='word_1_138' title='bbox 364 1089 409 1096; x_wconf 89' lang='lat'><strong>——-</strong></span> <span class='ocrx_word' id='word_1_139' title='bbox 435 1082 489 1104; x_wconf 84' lang='lat' dir='ltr'><strong>me</strong></span> <span class='ocrx_word' id='word_1_140' title='bbox 521 1072 601 1105; x_wconf 79' lang='lat' dir='ltr'><strong>dico</strong></span> <span class='ocrx_word' id='word_1_141' title='bbox 637 1075 672 1104; x_wconf 83' lang='lat' dir='ltr'><strong>et</strong></span> <span class='ocrx_word' id='word_1_142' title='bbox 707 1072 876 1116; x_wconf 77' lang='lat' dir='ltr'><strong>Oppium,</strong></span> <span class='ocrx_word' id='word_1_143' title='bbox 912 1074 1136 1118; x_wconf 76' lang='lat' dir='ltr'><strong>dirumparis</strong></span> <span class='ocrx_word' id='word_1_144' title='bbox 1161 1075 1287 1109; x_wconf 81' lang='lat' dir='ltr'><strong>licel.“</strong></span> <span class='ocrx_word' id='word_1_145' title='bbox 1334 1076 1579 1113; x_wconf 82' lang='lat' dir='ltr'><strong>Seleucianae.</strong></span> 
     </span>
     <span class='ocr_line' id='line_1_19' title="bbox 106 1119 1580 1167; baseline 0.005 -13"><span class='ocrx_word' id='word_1_146' title='bbox 106 1120 282 1164; x_wconf 81' lang='lat' dir='ltr'><strong>Plerique</strong></span> <span class='ocrx_word' id='word_1_147' title='bbox 309 1120 526 1166; x_wconf 82' lang='lat' dir='ltr'><strong>intelligunt</strong></span> <span class='ocrx_word' id='word_1_148' title='bbox 550 1119 700 1165; x_wconf 79' lang='lat' dir='ltr'><strong>Syriam</strong></span> <span class='ocrx_word' id='word_1_149' title='bbox 727 1133 754 1154; x_wconf 89' lang='lat' dir='ltr'><strong>s.</strong></span> <span class='ocrx_word' id='word_1_150' title='bbox 776 1120 959 1155; x_wconf 84' lang='lat' dir='ltr'><strong>Ciliciam.</strong></span> <span class='ocrx_word' id='word_1_151' title='bbox 1008 1124 1051 1156; x_wconf 87' lang='lat' dir='ltr'><strong>In</strong></span> <span class='ocrx_word' id='word_1_152' title='bbox 1077 1129 1235 1167; x_wconf 76' lang='lat' dir='ltr'><strong>utraque</strong></span> <span class='ocrx_word' id='word_1_153' title='bbox 1262 1130 1316 1158; x_wconf 82' lang='lat' dir='ltr'><strong>est</strong></span> <span class='ocrx_word' id='word_1_154' title='bbox 1342 1125 1427 1159; x_wconf 86' lang='lat' dir='ltr'><strong>urbs</strong></span> <span class='ocrx_word' id='word_1_155' title='bbox 1453 1128 1580 1161; x_wconf 83' lang='lat' dir='ltr'><strong>Seleu-</strong></span> 
     </span>
     <span class='ocr_line' id='line_1_20' title="bbox 108 1167 1581 1216; baseline 0.005 -15"><span class='ocrx_word' id='word_1_156' title='bbox 108 1170 175 1203; x_wconf 84' lang='lat' dir='ltr'><strong>cia.</strong></span> <span class='ocrx_word' id='word_1_157' title='bbox 202 1168 310 1203; x_wconf 73' lang='lat' dir='ltr'><strong>SCM.</strong></span> <span class='ocrx_word' id='word_1_158' title='bbox 360 1169 450 1201; x_wconf 65' lang='lat' dir='ltr'><strong>RIan</strong></span> <span class='ocrx_word' id='word_1_159' title='bbox 477 1168 648 1200; x_wconf 80' lang='lat' dir='ltr'><strong>erinnere</strong></span> <span class='ocrx_word' id='word_1_160' title='bbox 675 1167 754 1201; x_wconf 86' lang='lat' dir='ltr'><strong>sich</strong></span> <span class='ocrx_word' id='word_1_161' title='bbox 781 1179 824 1201; x_wconf 86' lang='lat' dir='ltr'><strong>an</strong></span> <span class='ocrx_word' id='word_1_162' title='bbox 853 1170 1048 1207; x_wconf 81' lang='lat' dir='ltr'><strong>Gabinius,</strong></span> <span class='ocrx_word' id='word_1_163' title='bbox 1075 1181 1121 1202; x_wconf 86' lang='lat' dir='ltr'><strong>an</strong></span> <span class='ocrx_word' id='word_1_164' title='bbox 1147 1172 1306 1216; x_wconf 73' lang='lat' dir='ltr'><strong>Appius,</strong></span> <span class='ocrx_word' id='word_1_165' title='bbox 1343 1173 1402 1206; x_wconf 84' lang='lat' dir='ltr'><strong>die</strong></span> <span class='ocrx_word' id='word_1_166' title='bbox 1429 1184 1468 1207; x_wconf 92' lang='lat' dir='ltr'><strong>so</strong></span> <span class='ocrx_word' id='word_1_167' title='bbox 1495 1175 1581 1210; x_wconf 78' lang='lat' dir='ltr'><strong>sehr</strong></span> 
     </span>
     <span class='ocr_line' id='line_1_21' title="bbox 106 1215 1577 1265; baseline 0.005 -15"><span class='ocrx_word' id='word_1_168' title='bbox 106 1216 206 1250; x_wconf 81' lang='lat' dir='ltr'><strong>nach</strong></span> <span class='ocrx_word' id='word_1_169' title='bbox 239 1217 306 1249; x_wconf 84' lang='lat' dir='ltr'><strong>der</strong></span> <span class='ocrx_word' id='word_1_170' title='bbox 349 1215 508 1248; x_wconf 89' lang='lat' dir='ltr'><strong>Provinz</strong></span> <span class='ocrx_word' id='word_1_171' title='bbox 540 1216 676 1260; x_wconf 78' lang='lat' dir='ltr'><strong>Syrien</strong></span> <span class='ocrx_word' id='word_1_172' title='bbox 709 1216 876 1250; x_wconf 73' lang='lat' dir='ltr'><strong>lusterte.</strong></span> <span class='ocrx_word' id='word_1_173' title='bbox 950 1220 1123 1262; x_wconf 73' lang='lat' dir='ltr'><strong>Dagegen</strong></span> <span class='ocrx_word' id='word_1_174' title='bbox 1168 1220 1269 1252; x_wconf 78' lang='lat' dir='ltr'><strong>sreut</strong></span> <span class='ocrx_word' id='word_1_175' title='bbox 1309 1220 1387 1254; x_wconf 84' lang='lat' dir='ltr'><strong>sich</strong></span> <span class='ocrx_word' id='word_1_176' title='bbox 1431 1222 1577 1265; x_wconf 87' lang='lat' dir='ltr'><strong>Cicero,</strong></span> 
     </span>
     <span class='ocr_line' id='line_1_22' title="bbox 108 1262 1579 1309; baseline 0.005 -12"><span class='ocrx_word' id='word_1_177' title='bbox 108 1263 260 1299; x_wconf 82' lang='lat' dir='ltr'><strong>solchen</strong></span> <span class='ocrx_word' id='word_1_178' title='bbox 287 1262 582 1309; x_wconf 82' lang='lat' dir='ltr'><strong>Versuchungen</strong></span> <span class='ocrx_word' id='word_1_179' title='bbox 607 1263 711 1296; x_wconf 88' lang='lat' dir='ltr'><strong>einer</strong></span> <span class='ocrx_word' id='word_1_180' title='bbox 735 1264 890 1298; x_wconf 86' lang='lat' dir='ltr'><strong>reichen</strong></span> <span class='ocrx_word' id='word_1_181' title='bbox 918 1267 1075 1299; x_wconf 87' lang='lat' dir='ltr'><strong>Provinz</strong></span> <span class='ocrx_word' id='word_1_182' title='bbox 1100 1266 1375 1301; x_wconf 81' lang='lat' dir='ltr'><strong>widerstanden</strong></span> <span class='ocrx_word' id='word_1_183' title='bbox 1402 1271 1476 1303; x_wconf 91' lang='lat' dir='ltr'><strong>und</strong></span> <span class='ocrx_word' id='word_1_184' title='bbox 1500 1271 1579 1306; x_wconf 77' lang='lat' dir='ltr'><strong>sicli</strong></span> 
     </span>
     <span class='ocr_line' id='line_1_23' title="bbox 107 1309 1578 1358; baseline 0.005 -12"><span class='ocrx_word' id='word_1_185' title='bbox 107 1312 219 1346; x_wconf 85' lang='lat' dir='ltr'><strong>keine</strong></span> <span class='ocrx_word' id='word_1_186' title='bbox 245 1312 403 1345; x_wconf 84' lang='lat' dir='ltr'><strong>Infamie</strong></span> <span class='ocrx_word' id='word_1_187' title='bbox 430 1309 600 1343; x_wconf 83' lang='lat' dir='ltr'><strong>dadurch</strong></span> <span class='ocrx_word' id='word_1_188' title='bbox 635 1321 848 1358; x_wconf 78' lang='lat' dir='ltr'><strong>zugezogen</strong></span> <span class='ocrx_word' id='word_1_189' title='bbox 883 1325 929 1346; x_wconf 84' lang='lat' dir='ltr'><strong>zu</strong></span> <span class='ocrx_word' id='word_1_190' title='bbox 961 1313 1094 1347; x_wconf 81' lang='lat' dir='ltr'><strong>haben.</strong></span> <span class='ocrx_word' id='word_1_191' title='bbox 1151 1317 1197 1347; x_wconf 84' lang='lat' dir='ltr'><strong>So</strong></span> <span class='ocrx_word' id='word_1_192' title='bbox 1230 1316 1335 1349; x_wconf 86' lang='lat' dir='ltr'><strong>liesse</strong></span> <span class='ocrx_word' id='word_1_193' title='bbox 1369 1317 1446 1350; x_wconf 77' lang='lat' dir='ltr'><strong>sich</strong></span> <span class='ocrx_word' id='word_1_194' title='bbox 1479 1319 1578 1354; x_wconf 86' lang='lat' dir='ltr'><strong>diese</strong></span> 
     </span>
     <span class='ocr_line' id='line_1_24' title="bbox 109 1357 1580 1405; baseline 0.005 -12"><span class='ocrx_word' id='word_1_195' title='bbox 109 1361 240 1394; x_wconf 82' lang='lat' dir='ltr'><strong>Lesart</strong></span> <span class='ocrx_word' id='word_1_196' title='bbox 265 1361 405 1402; x_wconf 78' lang='lat' dir='ltr'><strong>fassen3</strong></span> <span class='ocrx_word' id='word_1_197' title='bbox 431 1357 605 1403; x_wconf 81' lang='lat' dir='ltr'><strong>obgleich</strong></span> <span class='ocrx_word' id='word_1_198' title='bbox 633 1359 748 1393; x_wconf 89' lang='lat' dir='ltr'><strong>Orelli</strong></span> <span class='ocrx_word' id='word_1_199' title='bbox 772 1360 832 1392; x_wconf 85' lang='lat' dir='ltr'><strong>die</strong></span> <span class='ocrx_word' id='word_1_200' title='bbox 856 1360 1019 1405; x_wconf 83' lang='lat' dir='ltr'><strong>richtige</strong></span> <span class='ocrx_word' id='word_1_201' title='bbox 1045 1361 1213 1405; x_wconf 67' lang='lat' dir='ltr'><strong>gewahlt</strong></span> <span class='ocrx_word' id='word_1_202' title='bbox 1238 1365 1313 1397; x_wconf 90' lang='lat' dir='ltr'><strong>und</strong></span> <span class='ocrx_word' id='word_1_203' title='bbox 1339 1365 1580 1401; x_wconf 81' lang='lat' dir='ltr'><strong>vortrefflich</strong></span> 
     </span>
     <span class='ocr_line' id='line_1_25' title="bbox 110 1405 1580 1450; baseline 0.004 -7"><span class='ocrx_word' id='word_1_204' title='bbox 110 1409 294 1442; x_wconf 74' lang='lat' dir='ltr'><strong>erlautert</strong></span> <span class='ocrx_word' id='word_1_205' title='bbox 320 1406 396 1440; x_wconf 85' lang='lat' dir='ltr'><strong>hat.</strong></span> <span class='ocrx_word' id='word_1_206' title='bbox 424 1426 465 1432; x_wconf 91' lang='grc'><strong>-</strong></span> <span class='ocrx_word' id='word_1_207' title='bbox 492 1417 570 1439; x_wconf 82' lang='lat' dir='ltr'><strong>cum</strong></span> <span class='ocrx_word' id='word_1_208' title='bbox 597 1405 701 1439; x_wconf 78' lang='lat' dir='ltr'><strong>Caes.</strong></span> <span class='ocrx_word' id='word_1_209' title='bbox 726 1419 826 1442; x_wconf 65' lang='lat' dir='ltr'><strong>suar.</strong></span> <span class='ocrx_word' id='word_1_210' title='bbox 853 1410 968 1450; x_wconf 60' lang='lat' dir='ltr'><strong>coni„</strong></span> <span class='ocrx_word' id='word_1_211' title='bbox 1003 1409 1100 1444; x_wconf 85' lang='lat' dir='ltr'><strong>sieh!</strong></span> <span class='ocrx_word' id='word_1_212' title='bbox 1135 1412 1203 1444; x_wconf 88' lang='lat' dir='ltr'><strong>wie</strong></span> <span class='ocrx_word' id='word_1_213' title='bbox 1228 1412 1292 1445; x_wconf 87' lang='lat' dir='ltr'><strong>ich</strong></span> <span class='ocrx_word' id='word_1_214' title='bbox 1318 1412 1421 1446; x_wconf 84' lang='lat' dir='ltr'><strong>mich</strong></span> <span class='ocrx_word' id='word_1_215' title='bbox 1446 1416 1580 1449; x_wconf 84' lang='lat' dir='ltr'><strong>freuen</strong></span> 
     </span>
     <span class='ocr_line' id='line_1_26' title="bbox 110 1454 1584 1504; baseline 0.005 -14"><span class='ocrx_word' id='word_1_216' title='bbox 110 1467 227 1495; x_wconf 67' lang='lat' dir='ltr'><strong>muas»,</strong></span> <span class='ocrx_word' id='word_1_217' title='bbox 255 1454 326 1488; x_wconf 87' lang='lat' dir='ltr'><strong>mit</strong></span> <span class='ocrx_word' id='word_1_218' title='bbox 349 1455 434 1487; x_wconf 89' lang='lat' dir='ltr'><strong>dem</strong></span> <span class='ocrx_word' id='word_1_219' title='bbox 461 1455 571 1489; x_wconf 74' lang='lat' dir='ltr'><strong>C&#39;asar</strong></span> <span class='ocrx_word' id='word_1_220' title='bbox 593 1454 631 1486; x_wconf 88' lang='lat' dir='ltr'><strong>in</strong></span> <span class='ocrx_word' id='word_1_221' title='bbox 658 1455 779 1489; x_wconf 83' lang='lat' dir='ltr'><strong>einem</strong></span> <span class='ocrx_word' id='word_1_222' title='bbox 806 1467 844 1489; x_wconf 86' lang='lat' dir='ltr'><strong>so</strong></span> <span class='ocrx_word' id='word_1_223' title='bbox 870 1458 1125 1504; x_wconf 81' lang='lat' dir='ltr'><strong>angeneliinen</strong></span> <span class='ocrx_word' id='word_1_224' title='bbox 1163 1458 1394 1494; x_wconf 76' lang='lat' dir='ltr'><strong>Verh&#39;altniss</strong></span> <span class='ocrx_word' id='word_1_225' title='bbox 1428 1474 1474 1495; x_wconf 90' lang='lat' dir='ltr'><strong>zu</strong></span> <span class='ocrx_word' id='word_1_226' title='bbox 1509 1470 1584 1497; x_wconf 87' lang='lat' dir='ltr'><strong>ste-</strong></span> 
     </span>
     <span class='ocr_line' id='line_1_27' title="bbox 110 1500 1582 1551; baseline 0.012 -24"><span class='ocrx_word' id='word_1_227' title='bbox 110 1503 198 1538; x_wconf 60' lang='lat' dir='ltr'><strong>hem</strong></span> <span class='ocrx_word' id='word_1_228' title='bbox 226 1507 267 1529; x_wconf 51' lang='lat'><em>4</em></span> <span class='ocrx_word' id='word_1_229' title='bbox 294 1500 380 1536; x_wconf 76' lang='lat' dir='ltr'><strong>haec</strong></span> <span class='ocrx_word' id='word_1_230' title='bbox 406 1525 417 1536; x_wconf 82' lang='lat'><strong>.</strong></span> <span class='ocrx_word' id='word_1_231' title='bbox 445 1529 453 1538; x_wconf 88' lang='lat'><strong>.</strong></span> <span class='ocrx_word' id='word_1_232' title='bbox 481 1526 490 1536; x_wconf 85' lang='lat'><strong>.</strong></span> <span class='ocrx_word' id='word_1_233' title='bbox 517 1502 688 1544; x_wconf 80' lang='lat' dir='ltr'><strong>delectat,</strong></span> <span class='ocrx_word' id='word_1_234' title='bbox 723 1514 760 1537; x_wconf 88' lang='lat' dir='ltr'><strong>es</strong></span> <span class='ocrx_word' id='word_1_235' title='bbox 793 1506 940 1551; x_wconf 80' lang='lat' dir='ltr'><strong>erg&#39;dtzt</strong></span> <span class='ocrx_word' id='word_1_236' title='bbox 973 1506 1094 1547; x_wconf 86' lang='lat' dir='ltr'><strong>mich,</strong></span> <span class='ocrx_word' id='word_1_237' title='bbox 1128 1505 1186 1539; x_wconf 83' lang='lat' dir='ltr'><strong>bei</strong></span> <span class='ocrx_word' id='word_1_238' title='bbox 1221 1507 1304 1541; x_wconf 86' lang='lat' dir='ltr'><strong>dem</strong></span> <span class='ocrx_word' id='word_1_239' title='bbox 1339 1508 1582 1545; x_wconf 85' lang='lat' dir='ltr'><strong>Schiffbruch</strong></span> 
     </span>
     <span class='ocr_line' id='line_1_28' title="bbox 111 1550 1584 1602; baseline 0.004 -16"><span class='ocrx_word' id='word_1_240' title='bbox 111 1551 174 1586; x_wconf 81' lang='lat' dir='ltr'><strong>des</strong></span> <span class='ocrx_word' id='word_1_241' title='bbox 200 1550 502 1585; x_wconf 84' lang='lat' dir='ltr'><strong>Gemeinwesens</strong></span> <span class='ocrx_word' id='word_1_242' title='bbox 527 1550 644 1583; x_wconf 82' lang='lat' dir='ltr'><strong>dieses</strong></span> <span class='ocrx_word' id='word_1_243' title='bbox 671 1552 775 1585; x_wconf 85' lang='lat' dir='ltr'><strong>Brett</strong></span> <span class='ocrx_word' id='word_1_244' title='bbox 799 1564 846 1585; x_wconf 88' lang='lat' dir='ltr'><strong>zu</strong></span> <span class='ocrx_word' id='word_1_245' title='bbox 872 1554 1017 1586; x_wconf 84' lang='lat' dir='ltr'><strong>meiner</strong></span> <span class='ocrx_word' id='word_1_246' title='bbox 1043 1554 1208 1602; x_wconf 78' lang='lat' dir='ltr'><strong>Rettung</strong></span> <span class='ocrx_word' id='word_1_247' title='bbox 1233 1556 1415 1601; x_wconf 81' lang='lat' dir='ltr'><strong>ergriffen</strong></span> <span class='ocrx_word' id='word_1_248' title='bbox 1443 1571 1488 1592; x_wconf 88' lang='lat' dir='ltr'><strong>zu</strong></span> <span class='ocrx_word' id='word_1_249' title='bbox 1514 1559 1584 1592; x_wconf 86' lang='lat' dir='ltr'><strong>ha-</strong></span> 
     </span>
     <span class='ocr_line' id='line_1_29' title="bbox 111 1597 1583 1646; baseline 0.007 -16"><span class='ocrx_word' id='word_1_250' title='bbox 111 1600 197 1636; x_wconf 74' lang='lat' dir='ltr'><strong>ben,</strong></span> <span class='ocrx_word' id='word_1_251' title='bbox 233 1599 364 1643; x_wconf 75' lang='lat' dir='ltr'><strong>Vergl.</strong></span> <span class='ocrx_word' id='word_1_252' title='bbox 400 1609 447 1630; x_wconf 87' lang='lat' dir='ltr'><strong>zu</strong></span> <span class='ocrx_word' id='word_1_253' title='bbox 478 1597 600 1630; x_wconf 80' lang='lat' dir='ltr'><strong>tabula</strong></span> <span class='ocrx_word' id='word_1_254' title='bbox 631 1599 761 1632; x_wconf 82' lang='lat' dir='ltr'><strong>Horat.</strong></span> <span class='ocrx_word' id='word_1_255' title='bbox 795 1600 864 1637; x_wconf 78' lang='lat' dir='ltr'><strong>od,</strong></span> <span class='ocrx_word' id='word_1_256' title='bbox 892 1601 922 1641; x_wconf 91' lang='lat'><strong>1,</strong></span> <span class='ocrx_word' id='word_1_257' title='bbox 951 1602 986 1643; x_wconf 86' lang='lat'><strong>5,</strong></span> <span class='ocrx_word' id='word_1_258' title='bbox 1016 1603 1070 1635; x_wconf 89' lang='grc'><strong>13.</strong></span> <span class='ocrx_word' id='word_1_259' title='bbox 1095 1603 1174 1637; x_wconf 88' lang='lat' dir='ltr'><strong>Art.</strong></span> <span class='ocrx_word' id='word_1_260' title='bbox 1201 1603 1258 1637; x_wconf 86' lang='lat'><strong>21.</strong></span> <span class='ocrx_word' id='word_1_261' title='bbox 1285 1605 1453 1639; x_wconf 82' lang='lat' dir='ltr'><strong>Juvenal.</strong></span> <span class='ocrx_word' id='word_1_262' title='bbox 1487 1607 1583 1646; x_wconf 87' lang='lat' dir='ltr'>XIV,</span> 
     </span>
     <span class='ocr_line' id='line_1_30' title="bbox 111 1645 1583 1689; baseline 0.003 -5"><span class='ocrx_word' id='word_1_263' title='bbox 111 1649 191 1683; x_wconf 83' lang='lat'><strong>301.</strong></span> <span class='ocrx_word' id='word_1_264' title='bbox 218 1647 362 1679; x_wconf 81' lang='lat' dir='ltr'><strong>Persius</strong></span> <span class='ocrx_word' id='word_1_265' title='bbox 387 1645 452 1686; x_wconf 81' lang='lat' dir='ltr'><strong>Vl,</strong></span> <span class='ocrx_word' id='word_1_266' title='bbox 479 1646 540 1682; x_wconf 76' lang='lat'><strong>33.</strong></span> <span class='ocrx_word' id='word_1_267' title='bbox 574 1663 619 1669; x_wconf 92' lang='lat'><strong>—</strong></span> <span class='ocrx_word' id='word_1_268' title='bbox 655 1648 801 1689; x_wconf 79' lang='lat' dir='ltr'><strong>gratia,</strong></span> <span class='ocrx_word' id='word_1_269' title='bbox 836 1649 903 1682; x_wconf 86' lang='lat' dir='ltr'><strong>mit</strong></span> <span class='ocrx_word' id='word_1_270' title='bbox 937 1649 1098 1682; x_wconf 71' lang='lat' dir='ltr'><strong>welclier</strong></span> <span class='ocrx_word' id='word_1_271' title='bbox 1132 1651 1246 1684; x_wconf 87' lang='lat' dir='ltr'><strong>Huld.</strong></span> <span class='ocrx_word' id='word_1_272' title='bbox 1303 1653 1394 1686; x_wconf 83' lang='lat' dir='ltr'><strong>Man</strong></span> <span class='ocrx_word' id='word_1_273' title='bbox 1426 1654 1583 1688; x_wconf 87' lang='lat' dir='ltr'><strong>beachte</strong></span> 
     </span>
     <span class='ocr_line' id='line_1_31' title="bbox 112 1693 1582 1743; baseline 0.005 -14"><span class='ocrx_word' id='word_1_274' title='bbox 112 1696 185 1729; x_wconf 85' lang='lat' dir='ltr'><strong>den</strong></span> <span class='ocrx_word' id='word_1_275' title='bbox 211 1694 332 1728; x_wconf 80' lang='lat' dir='ltr'><strong>durch</strong></span> <span class='ocrx_word' id='word_1_276' title='bbox 357 1694 415 1736; x_wconf 82' lang='lat' dir='ltr'><strong>qui</strong></span> <span class='ocrx_word' id='word_1_277' title='bbox 440 1693 510 1726; x_wconf 85' lang='lat' dir='ltr'><strong>mit</strong></span> <span class='ocrx_word' id='word_1_278' title='bbox 548 1693 633 1727; x_wconf 86' lang='lat' dir='ltr'><strong>dem</strong></span> <span class='ocrx_word' id='word_1_279' title='bbox 669 1695 839 1743; x_wconf 81' lang='lat' dir='ltr'><strong>Vorigen</strong></span> <span class='ocrx_word' id='word_1_280' title='bbox 872 1697 1140 1730; x_wconf 85' lang='lat' dir='ltr'><strong>verbundenen</strong></span> <span class='ocrx_word' id='word_1_281' title='bbox 1177 1700 1326 1733; x_wconf 71' lang='lat' dir='ltr'><strong>Ausi-uf.</strong></span> <span class='ocrx_word' id='word_1_282' title='bbox 1353 1719 1394 1724; x_wconf 95' lang='lat'><strong>—</strong></span> <span class='ocrx_word' id='word_1_283' title='bbox 1429 1702 1582 1738; x_wconf 78' lang='lat' dir='ltr'><strong>Ilibern.</strong></span> 
     </span>
     <span class='ocr_line' id='line_1_32' title="bbox 113 1741 1584 1794; baseline 0.005 -18"><span class='ocrx_word' id='word_1_284' title='bbox 113 1744 184 1785; x_wconf 81' lang='lat' dir='ltr'><strong>leg.</strong></span> <span class='ocrx_word' id='word_1_285' title='bbox 213 1747 284 1775; x_wconf 88' lang='lat' dir='ltr'><strong>cet.</strong></span> <span class='ocrx_word' id='word_1_286' title='bbox 333 1742 480 1784; x_wconf 77' lang='lat' dir='ltr'><strong>„Unter</strong></span> <span class='ocrx_word' id='word_1_287' title='bbox 510 1741 694 1775; x_wconf 78' lang='lat' dir='ltr'><strong>Auderem</strong></span> <span class='ocrx_word' id='word_1_288' title='bbox 720 1742 787 1777; x_wconf 80' lang='lat' dir='ltr'><strong>hat</strong></span> <span class='ocrx_word' id='word_1_289' title='bbox 820 1755 860 1777; x_wconf 86' lang='lat' dir='ltr'><strong>er</strong></span> <span class='ocrx_word' id='word_1_290' title='bbox 891 1744 971 1777; x_wconf 86' lang='lat' dir='ltr'><strong>ihm</strong></span> <span class='ocrx_word' id='word_1_291' title='bbox 1005 1745 1099 1779; x_wconf 86' lang='lat' dir='ltr'><strong>freie</strong></span> <span class='ocrx_word' id='word_1_292' title='bbox 1132 1747 1258 1781; x_wconf 82' lang='lat' dir='ltr'><strong>Wahl</strong></span> <span class='ocrx_word' id='word_1_293' title='bbox 1291 1748 1478 1794; x_wconf 71' lang='lat' dir='ltr'><strong>gelassen,</strong></span> <span class='ocrx_word' id='word_1_294' title='bbox 1513 1752 1584 1784; x_wconf 86' lang='lat' dir='ltr'><strong>mit</strong></span> 
     </span>
     <span class='ocr_line' id='line_1_33' title="bbox 113 1789 1583 1841; baseline 0.005 -17"><span class='ocrx_word' id='word_1_295' title='bbox 113 1791 182 1824; x_wconf 86' lang='lat' dir='ltr'><strong>der</strong></span> <span class='ocrx_word' id='word_1_296' title='bbox 207 1789 372 1835; x_wconf 75' lang='lat' dir='ltr'><strong>Legiou,</strong></span> <span class='ocrx_word' id='word_1_297' title='bbox 399 1789 459 1822; x_wconf 84' lang='lat' dir='ltr'><strong>die</strong></span> <span class='ocrx_word' id='word_1_298' title='bbox 484 1795 594 1823; x_wconf 90' lang='lat' dir='ltr'><strong>unter</strong></span> <span class='ocrx_word' id='word_1_299' title='bbox 619 1790 758 1824; x_wconf 79' lang='lat' dir='ltr'><strong>seinem</strong></span> <span class='ocrx_word' id='word_1_300' title='bbox 785 1792 940 1825; x_wconf 79' lang='lat' dir='ltr'><strong>Befehle</strong></span> <span class='ocrx_word' id='word_1_301' title='bbox 965 1791 1086 1835; x_wconf 79' lang='lat' dir='ltr'><strong>steht,</strong></span> <span class='ocrx_word' id='word_1_302' title='bbox 1123 1794 1200 1827; x_wconf 78' lang='lat' dir='ltr'><strong>sein</strong></span> <span class='ocrx_word' id='word_1_303' title='bbox 1235 1796 1583 1841; x_wconf 77' lang='lat' dir='ltr'><strong>Winterquartier‚</strong></span> 
     </span>
     <span class='ocr_line' id='line_1_34' title="bbox 112 1836 1584 1881; baseline 0.004 -8"><span class='ocrx_word' id='word_1_304' title='bbox 112 1849 173 1873; x_wconf 88' lang='lat' dir='ltr'><strong>wo</strong></span> <span class='ocrx_word' id='word_1_305' title='bbox 198 1849 234 1871; x_wconf 86' lang='lat' dir='ltr'><strong>es</strong></span> <span class='ocrx_word' id='word_1_306' title='bbox 258 1837 340 1871; x_wconf 88' lang='lat' dir='ltr'><strong>ihm</strong></span> <span class='ocrx_word' id='word_1_307' title='bbox 366 1848 425 1870; x_wconf 86' lang='lat' dir='ltr'><strong>am</strong></span> <span class='ocrx_word' id='word_1_308' title='bbox 461 1836 709 1881; x_wconf 82' lang='lat' dir='ltr'><strong>Bequemsten</strong></span> <span class='ocrx_word' id='word_1_309' title='bbox 734 1842 856 1878; x_wconf 67' lang='lat' dir='ltr'><strong>ware,</strong></span> <span class='ocrx_word' id='word_1_310' title='bbox 892 1853 936 1873; x_wconf 85' lang='lat' dir='ltr'><strong>zu</strong></span> <span class='ocrx_word' id='word_1_311' title='bbox 971 1840 1175 1874; x_wconf 80' lang='lat' dir='ltr'><strong>nehmen.“</strong></span> <span class='ocrx_word' id='word_1_312' title='bbox 1230 1844 1286 1877; x_wconf 89' lang='lat' dir='ltr'><strong>Er</strong></span> <span class='ocrx_word' id='word_1_313' title='bbox 1318 1844 1432 1878; x_wconf 80' lang='lat' dir='ltr'>nabin</span> <span class='ocrx_word' id='word_1_314' title='bbox 1459 1856 1496 1879; x_wconf 83' lang='lat' dir='ltr'><strong>es</strong></span> <span class='ocrx_word' id='word_1_315' title='bbox 1522 1847 1584 1879; x_wconf 87' lang='lat' dir='ltr'><strong>bei</strong></span> 
     </span>
     <span class='ocr_line' id='line_1_35' title="bbox 114 1884 1583 1933; baseline 0.005 -13"><span class='ocrx_word' id='word_1_316' title='bbox 114 1887 186 1921; x_wconf 78' lang='lat' dir='ltr'><strong>den</strong></span> <span class='ocrx_word' id='word_1_317' title='bbox 219 1884 380 1919; x_wconf 80' lang='lat' dir='ltr'><strong>Nerviis.</strong></span> <span class='ocrx_word' id='word_1_318' title='bbox 416 1897 442 1918; x_wconf 86' lang='lat' dir='ltr'><strong>s.</strong></span> <span class='ocrx_word' id='word_1_319' title='bbox 478 1895 534 1929; x_wconf 91' lang='lat' dir='ltr'><strong>ep.</strong></span> <span class='ocrx_word' id='word_1_320' title='bbox 571 1886 650 1920; x_wconf 81' lang='lat'><strong>158.</strong></span> <span class='ocrx_word' id='word_1_321' title='bbox 686 1885 765 1920; x_wconf 88' lang='lat' dir='ltr'><strong>hui.</strong></span> <span class='ocrx_word' id='word_1_322' title='bbox 800 1888 890 1922; x_wconf 85' lang='lat' dir='ltr'><strong>edit.</strong></span> <span class='ocrx_word' id='word_1_323' title='bbox 923 1900 959 1922; x_wconf 87' lang='lat' dir='ltr'><strong>u.</strong></span> <span class='ocrx_word' id='word_1_324' title='bbox 998 1889 1044 1922; x_wconf 83' lang='lat' dir='ltr'><strong>ad</strong></span> <span class='ocrx_word' id='word_1_325' title='bbox 1068 1890 1181 1924; x_wconf 81' lang='lat' dir='ltr'><strong>Attio.</strong></span> <span class='ocrx_word' id='word_1_326' title='bbox 1209 1892 1250 1933; x_wconf 91' lang='lat' dir='ltr'><strong>V,</strong></span> <span class='ocrx_word' id='word_1_327' title='bbox 1279 1893 1336 1926; x_wconf 87' lang='lat'><strong>21.</strong></span> <span class='ocrx_word' id='word_1_328' title='bbox 1363 1909 1408 1915; x_wconf 97' lang='lat'><strong>—</strong></span> <span class='ocrx_word' id='word_1_329' title='bbox 1442 1894 1583 1927; x_wconf 80' lang='lat' dir='ltr'><strong>scribit.</strong></span> 
     </span>
     <span class='ocr_line' id='line_1_36' title="bbox 112 1932 1584 1978; baseline 0.005 -10"><span class='ocrx_word' id='word_1_330' title='bbox 112 1934 219 1968; x_wconf 83' lang='lat' dir='ltr'><strong>Amb.</strong></span> <span class='ocrx_word' id='word_1_331' title='bbox 247 1935 300 1968; x_wconf 89' lang='lat'><strong>17.</strong></span> <span class='ocrx_word' id='word_1_332' title='bbox 325 1932 454 1967; x_wconf 84' lang='lat' dir='ltr'><strong>Lamb.</strong></span> <span class='ocrx_word' id='word_1_333' title='bbox 482 1932 530 1965; x_wconf 81' lang='lat' dir='ltr'><strong>ad</strong></span> <span class='ocrx_word' id='word_1_334' title='bbox 553 1943 607 1966; x_wconf 84' lang='lat' dir='ltr'><strong>me</strong></span> <span class='ocrx_word' id='word_1_335' title='bbox 635 1934 785 1968; x_wconf 71' lang='lat' dir='ltr'><strong>Quintus</strong></span> <span class='ocrx_word' id='word_1_336' title='bbox 808 1936 948 1970; x_wconf 82' lang='lat' dir='ltr'><strong>scribit.</strong></span> <span class='ocrx_word' id='word_1_337' title='bbox 977 1953 1018 1961; x_wconf 91' lang='lat'><strong>—·</strong></span> <span class='ocrx_word' id='word_1_338' title='bbox 1053 1938 1226 1978; x_wconf 77' lang='lat' dir='ltr'><strong>istorum,</strong></span> <span class='ocrx_word' id='word_1_339' title='bbox 1260 1938 1320 1971; x_wconf 86' lang='lat' dir='ltr'><strong>die</strong></span> <span class='ocrx_word' id='word_1_340' title='bbox 1346 1939 1410 1973; x_wconf 88' lang='lat' dir='ltr'><strong>fiir</strong></span> <span class='ocrx_word' id='word_1_341' title='bbox 1436 1941 1584 1975; x_wconf 80' lang='lat' dir='ltr'><strong>Patrio-</strong></span> 
     </span>
     <span class='ocr_line' id='line_1_37' title="bbox 113 1980 1584 2032; baseline 0.005 -18"><span class='ocrx_word' id='word_1_342' title='bbox 113 1989 178 2017; x_wconf 85' lang='lat' dir='ltr'><strong>ten</strong></span> <span class='ocrx_word' id='word_1_343' title='bbox 205 1982 359 2014; x_wconf 86' lang='lat' dir='ltr'><strong>wollten</strong></span> <span class='ocrx_word' id='word_1_344' title='bbox 385 1980 592 2027; x_wconf 81' lang='lat' dir='ltr'><strong>angesehen</strong></span> <span class='ocrx_word' id='word_1_345' title='bbox 619 1982 710 2014; x_wconf 85' lang='lat' dir='ltr'><strong>sein.</strong></span> <span class='ocrx_word' id='word_1_346' title='bbox 741 2001 782 2008; x_wconf 92' lang='lat'>—</span> <span class='ocrx_word' id='word_1_347' title='bbox 809 1982 896 2017; x_wconf 76' lang='lat' dir='ltr'><strong>heus</strong></span> <span class='ocrx_word' id='word_1_348' title='bbox 921 1985 980 2016; x_wconf 80' lang='lat' dir='ltr'><strong>tu!</strong></span> <span class='ocrx_word' id='word_1_349' title='bbox 1004 1986 1102 2018; x_wconf 87' lang='lat' dir='ltr'><strong>noch</strong></span> <span class='ocrx_word' id='word_1_350' title='bbox 1128 1986 1237 2020; x_wconf 88' lang='lat' dir='ltr'><strong>Eins!</strong></span> <span class='ocrx_word' id='word_1_351' title='bbox 1265 2004 1306 2011; x_wconf 91' lang='lat'><em>-</em></span> <span class='ocrx_word' id='word_1_352' title='bbox 1334 1997 1379 2020; x_wconf 76' lang='lat' dir='ltr'><strong>ex</strong></span> <span class='ocrx_word' id='word_1_353' title='bbox 1404 1989 1460 2025; x_wconf 81' lang='lat' dir='ltr'><strong>Id.</strong></span> <span class='ocrx_word' id='word_1_354' title='bbox 1488 1990 1584 2032; x_wconf 57' lang='lat' dir='ltr'><strong>Ian„</strong></span> 
     </span>
     <span class='ocr_line' id='line_1_38' title="bbox 114 2029 1585 2075; baseline 0.005 -13"><span class='ocrx_word' id='word_1_355' title='bbox 114 2041 204 2065; x_wconf 80' lang='lat' dir='ltr'><strong>vom</strong></span> <span class='ocrx_word' id='word_1_356' title='bbox 233 2030 286 2062; x_wconf 84' lang='lat'><strong>13.</strong></span> <span class='ocrx_word' id='word_1_357' title='bbox 312 2029 449 2062; x_wconf 84' lang='lat' dir='ltr'><strong>Ianuar</strong></span> <span class='ocrx_word' id='word_1_358' title='bbox 475 2029 542 2062; x_wconf 87' lang='grc'><strong>701</strong></span> <span class='ocrx_word' id='word_1_359' title='bbox 569 2040 625 2063; x_wconf 86' lang='lat' dir='ltr'><strong>an.</strong></span> <span class='ocrx_word' id='word_1_360' title='bbox 655 2049 696 2055; x_wconf 92' lang='lat'>—</span> <span class='ocrx_word' id='word_1_361' title='bbox 732 2032 932 2075; x_wconf 78' lang='lat' dir='ltr'><strong>quadrare,</strong></span> <span class='ocrx_word' id='word_1_362' title='bbox 966 2032 1041 2065; x_wconf 83' lang='lat' dir='ltr'><strong>mir</strong></span> <span class='ocrx_word' id='word_1_363' title='bbox 1074 2032 1254 2075; x_wconf 52' lang='lat' dir='ltr'><strong>denelae,</strong></span> <span class='ocrx_word' id='word_1_364' title='bbox 1288 2033 1349 2067; x_wconf 83' lang='lat' dir='ltr'><strong>ich</strong></span> <span class='ocrx_word' id='word_1_365' title='bbox 1383 2037 1513 2070; x_wconf 83' lang='lat' dir='ltr'><strong>wiirde</strong></span> <span class='ocrx_word' id='word_1_366' title='bbox 1544 2038 1585 2070; x_wconf 89' lang='lat' dir='ltr'><strong>in</strong></span> 
     </span>
     <span class='ocr_line' id='line_1_39' title="bbox 114 2073 1586 2128; baseline 0.005 -17"><span class='ocrx_word' id='word_1_367' title='bbox 114 2076 285 2112; x_wconf 84' lang='lat' dir='ltr'><strong>vielerlei</strong></span> <span class='ocrx_word' id='word_1_368' title='bbox 311 2073 519 2110; x_wconf 80' lang='lat' dir='ltr'><strong>Riicksicht</strong></span> <span class='ocrx_word' id='word_1_369' title='bbox 544 2077 665 2110; x_wconf 88' lang='lat' dir='ltr'><strong>meine</strong></span> <span class='ocrx_word' id='word_1_370' title='bbox 687 2078 900 2125; x_wconf 80' lang='lat' dir='ltr'><strong>Reehnung</strong></span> <span class='ocrx_word' id='word_1_371' title='bbox 925 2080 1033 2112; x_wconf 82' lang='lat' dir='ltr'><strong>dabei</strong></span> <span class='ocrx_word' id='word_1_372' title='bbox 1058 2080 1195 2113; x_wconf 85' lang='lat' dir='ltr'><strong>finden.</strong></span> <span class='ocrx_word' id='word_1_373' title='bbox 1244 2082 1403 2128; x_wconf 84' lang='lat' dir='ltr'><strong>„Gegen</strong></span> <span class='ocrx_word' id='word_1_374' title='bbox 1430 2083 1586 2126; x_wconf 83' lang='lat' dir='ltr'><strong>Quintus</strong></span> 
     </span>
     <span class='ocr_line' id='line_1_40' title="bbox 115 2122 1587 2175; baseline 0.008 -20"><span class='ocrx_word' id='word_1_375' title='bbox 115 2136 174 2170; x_wconf 78' lang='lat' dir='ltr'><strong>ep.</strong></span> <span class='ocrx_word' id='word_1_376' title='bbox 200 2122 364 2166; x_wconf 73' lang='lat' dir='ltr'>CXLvl,</span> <span class='ocrx_word' id='word_1_377' title='bbox 391 2124 444 2157; x_wconf 84' lang='lat'><strong>18.</strong></span> <span class='ocrx_word' id='word_1_378' title='bbox 470 2123 570 2157; x_wconf 82' lang='lat' dir='ltr'><strong>hatte</strong></span> <span class='ocrx_word' id='word_1_379' title='bbox 596 2136 636 2158; x_wconf 89' lang='lat' dir='ltr'><strong>er</strong></span> <span class='ocrx_word' id='word_1_380' title='bbox 661 2126 797 2159; x_wconf 86' lang='lat' dir='ltr'><strong>andere</strong></span> <span class='ocrx_word' id='word_1_381' title='bbox 818 2128 1086 2173; x_wconf 82' lang='lat' dir='ltr'><strong>Gesinnungen</strong></span> <span class='ocrx_word' id='word_1_382' title='bbox 1113 2131 1313 2175; x_wconf 64' lang='lat' dir='ltr'><strong>geaussert.</strong></span> <span class='ocrx_word' id='word_1_383' title='bbox 1365 2130 1412 2165; x_wconf 93' lang='lat' dir='ltr'><strong>So</strong></span> <span class='ocrx_word' id='word_1_384' title='bbox 1438 2133 1513 2166; x_wconf 91' lang='lat' dir='ltr'><strong>viel</strong></span> <span class='ocrx_word' id='word_1_385' title='bbox 1539 2134 1587 2167; x_wconf 83' lang='lat' dir='ltr'><strong>ist</strong></span> 
     </span>
     <span class='ocr_line' id='line_1_41' title="bbox 116 2170 1587 2225; baseline 0.006 -19"><span class='ocrx_word' id='word_1_386' title='bbox 116 2173 237 2206; x_wconf 80' lang='lat' dir='ltr'><strong>indess</strong></span> <span class='ocrx_word' id='word_1_387' title='bbox 262 2173 415 2216; x_wconf 73' lang='lat' dir='ltr'><strong>gewisS‚</strong></span> <span class='ocrx_word' id='word_1_388' title='bbox 448 2170 529 2203; x_wconf 80' lang='lat' dir='ltr'><strong>dass</strong></span> <span class='ocrx_word' id='word_1_389' title='bbox 560 2182 603 2205; x_wconf 83' lang='lat' dir='ltr'><strong>er</strong></span> <span class='ocrx_word' id='word_1_390' title='bbox 635 2174 759 2207; x_wconf 85' lang='lat' dir='ltr'><strong>seinen</strong></span> <span class='ocrx_word' id='word_1_391' title='bbox 786 2174 1006 2208; x_wconf 83' lang='lat' dir='ltr'><strong>Entschluss</strong></span> <span class='ocrx_word' id='word_1_392' title='bbox 1034 2176 1117 2208; x_wconf 77' lang='lat' dir='ltr'><strong>bald</strong></span> <span class='ocrx_word' id='word_1_393' title='bbox 1145 2177 1282 2211; x_wconf 85' lang='lat' dir='ltr'><strong>wieder</strong></span> <span class='ocrx_word' id='word_1_394' title='bbox 1307 2180 1485 2225; x_wconf 81' lang='lat' dir='ltr'><strong>ge‘a&#39;ndert</strong></span> <span class='ocrx_word' id='word_1_395' title='bbox 1509 2182 1587 2214; x_wconf 79' lang='lat' dir='ltr'><strong>und</strong></span> 
     </span>
     <span class='ocr_line' id='line_1_42' title="bbox 116 2218 1586 2272; baseline 0.007 -18"><span class='ocrx_word' id='word_1_396' title='bbox 116 2219 277 2266; x_wconf 86' lang='lat' dir='ltr'><strong>Spanien</strong></span> <span class='ocrx_word' id='word_1_397' title='bbox 304 2220 364 2253; x_wconf 83' lang='lat' dir='ltr'><strong>nie</strong></span> <span class='ocrx_word' id='word_1_398' title='bbox 391 2218 550 2266; x_wconf 65' lang='lat' dir='ltr'><strong>genehen</strong></span> <span class='ocrx_word' id='word_1_399' title='bbox 576 2218 651 2254; x_wconf 85' lang='lat' dir='ltr'><strong>hat.</strong></span> <span class='ocrx_word' id='word_1_400' title='bbox 679 2240 720 2245; x_wconf 93' lang='lat'><strong>-—</strong></span> <span class='ocrx_word' id='word_1_401' title='bbox 749 2222 833 2265; x_wconf 76' lang='lat' dir='ltr'><strong>quid</strong></span> <span class='ocrx_word' id='word_1_402' title='bbox 852 2223 985 2266; x_wconf 79' lang='lat' dir='ltr'><strong>plura!</strong></span> <span class='ocrx_word' id='word_1_403' title='bbox 1019 2223 1181 2268; x_wconf 80' lang='lat' dir='ltr'><strong>Ellipsis.</strong></span> <span class='ocrx_word' id='word_1_404' title='bbox 1208 2227 1242 2258; x_wconf 77' lang='grc' dir='ltr'><strong>δ.</strong></span> <span class='ocrx_word' id='word_1_405' title='bbox 1268 2226 1416 2261; x_wconf 76' lang='lat' dir='ltr'><strong>Ramsh.</strong></span> <span class='ocrx_word' id='word_1_406' title='bbox 1447 2230 1477 2272; x_wconf 56' lang='grc' dir='ltr'><strong>ᾖ.</strong></span> <span class='ocrx_word' id='word_1_407' title='bbox 1506 2230 1586 2271; x_wconf 83' lang='grc'><strong>206,</strong></span> 
     </span>
     <span class='ocr_line' id='line_1_43' title="bbox 118 2266 1586 2319; baseline 0.005 -18"><span class='ocrx_word' id='word_1_408' title='bbox 118 2269 161 2308; x_wconf 87' lang='lat' dir='ltr'><strong>C,</strong></span> <span class='ocrx_word' id='word_1_409' title='bbox 187 2269 221 2308; x_wconf 82' lang='lat'><strong>2,</strong></span> <span class='ocrx_word' id='word_1_410' title='bbox 247 2278 279 2301; x_wconf 90' lang='lat' dir='ltr'><strong>c.</strong></span> <span class='ocrx_word' id='word_1_411' title='bbox 307 2266 456 2302; x_wconf 81' lang='lat' dir='ltr'><strong>Grotef.</strong></span> <span class='ocrx_word' id='word_1_412' title='bbox 474 2267 506 2310; x_wconf 63' lang='grc' dir='ltr'><strong>ἕ.</strong></span> <span class='ocrx_word' id='word_1_413' title='bbox 524 2268 603 2302; x_wconf 66' lang='lat'><strong>434.</strong></span> <span class='ocrx_word' id='word_1_414' title='bbox 621 2280 657 2301; x_wconf 82' lang='lat' dir='ltr'><strong>u.</strong></span> <span class='ocrx_word' id='word_1_415' title='bbox 676 2271 759 2305; x_wconf 73' lang='lat'><strong>487.</strong></span> <span class='ocrx_word' id='word_1_416' title='bbox 787 2289 830 2295; x_wconf 86' lang='lat'><em>-</em></span> <span class='ocrx_word' id='word_1_417' title='bbox 857 2282 991 2311; x_wconf 80' lang='lat' dir='ltr'><strong>coram,</strong></span> <span class='ocrx_word' id='word_1_418' title='bbox 1019 2272 1230 2307; x_wconf 85' lang='lat' dir='ltr'><strong>m&#39;u&#39;ndlich.</strong></span> <span class='ocrx_word' id='word_1_419' title='bbox 1260 2292 1300 2297; x_wconf 89' lang='lat'><strong>—-</strong></span> <span class='ocrx_word' id='word_1_420' title='bbox 1329 2280 1365 2308; x_wconf 77' lang='lat' dir='ltr'><strong>ut</strong></span> <span class='ocrx_word' id='word_1_421' title='bbox 1391 2281 1586 2319; x_wconf 70' lang='lat' dir='ltr'><strong>esspectes,</strong></span> 
     </span>
     <span class='ocr_line' id='line_1_44' title="bbox 117 2312 1584 2368; baseline 0.006 -19"><span class='ocrx_word' id='word_1_422' title='bbox 117 2315 235 2349; x_wconf 81' lang='lat' dir='ltr'><strong>damit</strong></span> <span class='ocrx_word' id='word_1_423' title='bbox 259 2316 321 2348; x_wconf 90' lang='lat' dir='ltr'><strong>Du</strong></span> <span class='ocrx_word' id='word_1_424' title='bbox 346 2312 445 2347; x_wconf 80' lang='lat' dir='ltr'><strong>doch</strong></span> <span class='ocrx_word' id='word_1_425' title='bbox 471 2314 566 2347; x_wconf 80' lang='lat' dir='ltr'><strong>auch</strong></span> <span class='ocrx_word' id='word_1_426' title='bbox 592 2315 691 2349; x_wconf 86' lang='lat' dir='ltr'><strong>noch</strong></span> <span class='ocrx_word' id='word_1_427' title='bbox 717 2318 841 2351; x_wconf 75' lang='lat' dir='ltr'><strong>Etwas</strong></span> <span class='ocrx_word' id='word_1_428' title='bbox 867 2331 911 2351; x_wconf 87' lang='lat' dir='ltr'><strong>zu</strong></span> <span class='ocrx_word' id='word_1_429' title='bbox 938 2325 1122 2352; x_wconf 82' lang='lat' dir='ltr'><strong>erwarten</strong></span> <span class='ocrx_word' id='word_1_430' title='bbox 1149 2319 1291 2357; x_wconf 76' lang='lat' dir='ltr'><strong>habest.</strong></span> <span class='ocrx_word' id='word_1_431' title='bbox 1320 2344 1361 2348; x_wconf 92' lang='lat'><strong>—</strong></span> <span class='ocrx_word' id='word_1_432' title='bbox 1396 2323 1584 2368; x_wconf 69' lang='lat' dir='ltr'><strong>Dionysio.</strong></span> 
     </span>
     <span class='ocr_line' id='line_1_45' title="bbox 118 2362 1585 2408; baseline 0.006 -12"><span class='ocrx_word' id='word_1_433' title='bbox 118 2365 154 2398; x_wconf 82' lang='lat' dir='ltr'><strong>S.</strong></span> <span class='ocrx_word' id='word_1_434' title='bbox 180 2373 238 2408; x_wconf 83' lang='lat' dir='ltr'><strong>ep.</strong></span> <span class='ocrx_word' id='word_1_435' title='bbox 277 2362 427 2401; x_wconf 87' lang='lat' dir='ltr'>CLVII,</span> <span class='ocrx_word' id='word_1_436' title='bbox 460 2362 492 2395; x_wconf 83' lang='lat'><strong>3.</strong></span> <span class='ocrx_word' id='word_1_437' title='bbox 519 2374 578 2395; x_wconf 83' lang='lat' dir='ltr'><strong>am</strong></span> <span class='ocrx_word' id='word_1_438' title='bbox 612 2364 731 2401; x_wconf 84' lang='lat' dir='ltr'><strong>Ende,</strong></span> <span class='ocrx_word' id='word_1_439' title='bbox 767 2385 807 2389; x_wconf 98' lang='lat'><strong>—</strong></span> <span class='ocrx_word' id='word_1_440' title='bbox 842 2367 976 2405; x_wconf 78' lang='lat' dir='ltr'><strong>locum,</strong></span> <span class='ocrx_word' id='word_1_441' title='bbox 1017 2368 1075 2399; x_wconf 86' lang='lat' dir='ltr'><strong>ein</strong></span> <span class='ocrx_word' id='word_1_442' title='bbox 1112 2368 1312 2403; x_wconf 72' lang='lat' dir='ltr'><strong>Pla&#39;tzchen</strong></span> <span class='ocrx_word' id='word_1_443' title='bbox 1346 2372 1386 2404; x_wconf 86' lang='lat' dir='ltr'><strong>in</strong></span> <span class='ocrx_word' id='word_1_444' title='bbox 1422 2372 1585 2405; x_wconf 83' lang='lat' dir='ltr'><strong>meinem</strong></span> 
     </span>
     <span class='ocr_line' id='line_1_46' title="bbox 118 2409 1585 2456; baseline 0.005 -12"><span class='ocrx_word' id='word_1_445' title='bbox 118 2411 252 2445; x_wconf 76' lang='lat' dir='ltr'><strong>Haase.</strong></span> <span class='ocrx_word' id='word_1_446' title='bbox 278 2430 321 2435; x_wconf 94' lang='lat'>—</span> <span class='ocrx_word' id='word_1_447' title='bbox 348 2410 446 2442; x_wconf 78' lang='lat' dir='ltr'><strong>illius</strong></span> <span class='ocrx_word' id='word_1_448' title='bbox 471 2409 644 2456; x_wconf 84' lang='lat' dir='ltr'><strong>Dionysii</strong></span> <span class='ocrx_word' id='word_1_449' title='bbox 670 2413 832 2446; x_wconf 71' lang='lat' dir='ltr'><strong>adventu.</strong></span> <span class='ocrx_word' id='word_1_450' title='bbox 862 2433 902 2438; x_wconf 89' lang='lat'><strong>—</strong></span> <span class='ocrx_word' id='word_1_451' title='bbox 938 2416 1096 2448; x_wconf 79' lang='lat' dir='ltr'><strong>cumulus</strong></span> <span class='ocrx_word' id='word_1_452' title='bbox 1122 2431 1169 2447; x_wconf 59' lang='grc' dir='ltr'><strong>,ἶ</strong></span> <span class='ocrx_word' id='word_1_453' title='bbox 1196 2418 1392 2452; x_wconf 73' lang='lat' dir='ltr'><strong>Zuwachs.</strong></span> <span class='ocrx_word' id='word_1_454' title='bbox 1426 2438 1469 2443; x_wconf 92' lang='lat'><strong>—-</strong></span> <span class='ocrx_word' id='word_1_455' title='bbox 1510 2421 1585 2454; x_wconf 78' lang='lat' dir='ltr'><strong>Quo</strong></span> 
     </span>
     <span class='ocr_line' id='line_1_47' title="bbox 119 2458 1584 2510; baseline 0.005 -19"><span class='ocrx_word' id='word_1_456' title='bbox 119 2458 178 2491; x_wconf 77' lang='lat' dir='ltr'><strong>die</strong></span> <span class='ocrx_word' id='word_1_457' title='bbox 210 2459 249 2491; x_wconf 88' lang='lat' dir='ltr'><strong>in</strong></span> <span class='ocrx_word' id='word_1_458' title='bbox 281 2459 406 2504; x_wconf 81' lang='lat' dir='ltr'><strong>Bezug</strong></span> <span class='ocrx_word' id='word_1_459' title='bbox 441 2459 508 2490; x_wconf 82' lang='lat' dir='ltr'><strong>auf</strong></span> <span class='ocrx_word' id='word_1_460' title='bbox 537 2458 598 2491; x_wconf 84' lang='lat' dir='ltr'><strong>das</strong></span> <span class='ocrx_word' id='word_1_461' title='bbox 632 2462 882 2508; x_wconf 80' lang='lat' dir='ltr'><strong>ausgelassene</strong></span> <span class='ocrx_word' id='word_1_462' title='bbox 909 2473 947 2494; x_wconf 84' lang='lat' dir='ltr'><strong>eo</strong></span> <span class='ocrx_word' id='word_1_463' title='bbox 974 2463 1044 2496; x_wconf 75' lang='lat' dir='ltr'><strong>die.</strong></span> <span class='ocrx_word' id='word_1_464' title='bbox 1081 2462 1115 2497; x_wconf 88' lang='lat' dir='ltr'><strong>S.</strong></span> <span class='ocrx_word' id='word_1_465' title='bbox 1143 2464 1292 2498; x_wconf 77' lang='lat' dir='ltr'><strong>Ranisli.</strong></span> <span class='ocrx_word' id='word_1_466' title='bbox 1322 2468 1355 2510; x_wconf 79' lang='lat'><strong>§.</strong></span> <span class='ocrx_word' id='word_1_467' title='bbox 1384 2470 1460 2502; x_wconf 76' lang='grc'><strong>159,</strong></span> <span class='ocrx_word' id='word_1_468' title='bbox 1485 2470 1519 2509; x_wconf 81' lang='grc'><strong>3,</strong></span> <span class='ocrx_word' id='word_1_469' title='bbox 1548 2469 1584 2507; x_wconf 79' lang='lat' dir='ltr'><strong>d,</strong></span> 
     </span>
     <span class='ocr_line' id='line_1_48' title="bbox 118 2505 1586 2549; baseline 0.007 -10"><span class='ocrx_word' id='word_1_470' title='bbox 118 2507 204 2539; x_wconf 80' lang='lat' dir='ltr'><strong>Not.</strong></span> <span class='ocrx_word' id='word_1_471' title='bbox 231 2507 268 2541; x_wconf 79' lang='lat'><strong>2.</strong></span> <span class='ocrx_word' id='word_1_472' title='bbox 319 2505 397 2539; x_wconf 85' lang='lat' dir='ltr'><strong>Seit</strong></span> <span class='ocrx_word' id='word_1_473' title='bbox 423 2505 490 2538; x_wconf 86' lang='lat' dir='ltr'><strong>der</strong></span> <span class='ocrx_word' id='word_1_474' title='bbox 520 2505 690 2541; x_wconf 83' lang='lat' dir='ltr'><strong>Ankunst</strong></span> <span class='ocrx_word' id='word_1_475' title='bbox 726 2509 787 2543; x_wconf 69' lang='lat' dir='ltr'><strong>des</strong></span> <span class='ocrx_word' id='word_1_476' title='bbox 820 2509 968 2543; x_wconf 80' lang='lat' dir='ltr'><strong>Attikus</strong></span> <span class='ocrx_word' id='word_1_477' title='bbox 1002 2511 1038 2542; x_wconf 88' lang='lat' dir='ltr'><strong>in</strong></span> <span class='ocrx_word' id='word_1_478' title='bbox 1074 2511 1166 2545; x_wconf 83' lang='lat' dir='ltr'><strong>Rom</strong></span> <span class='ocrx_word' id='word_1_479' title='bbox 1204 2513 1325 2546; x_wconf 72' lang='lat' dir='ltr'><strong>lobten</strong></span> <span class='ocrx_word' id='word_1_480' title='bbox 1361 2515 1419 2548; x_wconf 85' lang='lat' dir='ltr'><strong>die</strong></span> <span class='ocrx_word' id='word_1_481' title='bbox 1455 2516 1586 2549; x_wconf 73' lang='lat' dir='ltr'><strong>beiden</strong></span> 
     </span>
     <span class='ocr_line' id='line_1_49' title="bbox 119 2552 1583 2597; baseline 0.007 -11"><span class='ocrx_word' id='word_1_482' title='bbox 119 2554 290 2586; x_wconf 81' lang='lat' dir='ltr'><strong>Freunde</strong></span> <span class='ocrx_word' id='word_1_483' title='bbox 323 2552 464 2586; x_wconf 85' lang='lat' dir='ltr'><strong>wieder</strong></span> <span class='ocrx_word' id='word_1_484' title='bbox 496 2553 740 2597; x_wconf 81' lang='lat' dir='ltr'><strong>beisammen,</strong></span> <span class='ocrx_word' id='word_1_485' title='bbox 778 2557 830 2590; x_wconf 79' lang='lat' dir='ltr'><strong>bis</strong></span> <span class='ocrx_word' id='word_1_486' title='bbox 865 2559 1026 2591; x_wconf 82' lang='lat' dir='ltr'><strong>Cicero&#39;s</strong></span> <span class='ocrx_word' id='word_1_487' title='bbox 1053 2559 1204 2592; x_wconf 62' lang='lat' dir='ltr'><strong>Abreise</strong></span> <span class='ocrx_word' id='word_1_488' title='bbox 1233 2561 1269 2591; x_wconf 89' lang='lat' dir='ltr'><strong>in</strong></span> <span class='ocrx_word' id='word_1_489' title='bbox 1297 2562 1394 2594; x_wconf 73' lang='lat' dir='ltr'><strong>seim.—</strong></span> <span class='ocrx_word' id='word_1_490' title='bbox 1422 2564 1583 2596; x_wconf 81' lang='lat' dir='ltr'><strong>l&#39;rovinz</strong></span> 
     </span>
    </p>
   </div>
   <div class='ocr_carea' id='block_1_6' title="bbox 121 2600 1586 2685">
    <p class='ocr_par' dir='ltr' id='par_1_6' title="bbox 121 2600 1586 2685">
     <span class='ocr_line' id='line_1_50' title="bbox 121 2600 1586 2656; baseline 0.009 -24"><span class='ocrx_word' id='word_1_491' title='bbox 121 2600 279 2636; x_wconf 85' lang='lat' dir='ltr'><strong>Cilicien</strong></span> <span class='ocrx_word' id='word_1_492' title='bbox 312 2603 380 2635; x_wconf 81' lang='lat'><strong>703</strong></span> <span class='ocrx_word' id='word_1_493' title='bbox 405 2601 487 2632; x_wconf 85' lang='lat' dir='ltr'><strong>eine</strong></span> <span class='ocrx_word' id='word_1_494' title='bbox 514 2612 606 2635; x_wconf 82' lang='lat' dir='ltr'><strong>neue</strong></span> <span class='ocrx_word' id='word_1_495' title='bbox 632 2603 839 2653; x_wconf 82' lang='lat' dir='ltr'><strong>&#39;l&#39;rennung</strong></span> <span class='ocrx_word' id='word_1_496' title='bbox 865 2605 939 2638; x_wconf 88' lang='lat' dir='ltr'><strong>und</strong></span> <span class='ocrx_word' id='word_1_497' title='bbox 966 2606 1132 2641; x_wconf 81' lang='lat' dir='ltr'><strong>dadurch</strong></span> <span class='ocrx_word' id='word_1_498' title='bbox 1168 2607 1226 2640; x_wconf 85' lang='lat' dir='ltr'><strong>die</strong></span> <span class='ocrx_word' id='word_1_499' title='bbox 1257 2611 1495 2656; x_wconf 76' lang='lat' dir='ltr'><strong>Fortsetzung</strong></span> <span class='ocrx_word' id='word_1_500' title='bbox 1523 2612 1586 2646; x_wconf 74' lang='lat' dir='ltr'><strong>des</strong></span> 
     </span>
     <span class='ocr_line' id='line_1_51' title="bbox 121 2647 686 2685; baseline 0.004 -3"><span class='ocrx_word' id='word_1_501' title='bbox 121 2647 404 2682; x_wconf 70' lang='lat' dir='ltr'><strong>Briefwechsels</strong></span> <span class='ocrx_word' id='word_1_502' title='bbox 431 2649 686 2685; x_wconf 73' lang='lat' dir='ltr'><strong>vetursaehte.</strong></span> 
     </span>
    </p>
   </div>
  </div>
 </body>
</html>
