1742 3006
191 77 285 125 204
469 80 532 122 M.
563 81 618 124 T.
651 78 989 124 CICERONIS
1018 79 1386 124 EPISTOLAE.

191 191 446 235 Varronem
484 195 684 234 nostrum
717 193 790 248 agi
830 196 1037 248 possunt,
1074 206 1186 247 quae
1226 197 1270 235 te
1309 195 1495 247 urgente
1534 197 1664 234 erunt

191 248 420 296 firmiora3
464 250 607 289 multa
645 250 699 290 ab
739 251 837 304 ipso
875 249 1042 290 Publio
1081 249 1211 302 elici,
1255 249 1397 290 multa
1436 251 1662 303 cognosci,

191 317 305 360 quae
335 305 418 345 tibi
449 304 630 346 occulta
658 319 755 346 csse
784 319 872 346 non
902 309 1140 359 poterunt:
1168 305 1310 346 multa
1339 305 1475 346 etiam
1503 326 1556 332 —
1586 305 1667 355 sed,

191 360 430 402 absurdum
460 363 530 401 est
557 359 734 415 singula
763 361 1019 414 explicare3
1049 364 1142 400 tum
1171 374 1253 415 ego
1280 361 1507 416 requiram
1533 362 1578 400 te
1608 359 1664 399 ad

193 416 353 458 omnia.
419 415 567 457 Unum
605 416 723 457 illud
762 417 847 457 tibi
876 416 1145 470 persuadeas
1175 417 1335 468 velim,
1375 416 1524 456 omnia
1551 414 1665 455 mihi

191 472 290 512 sore
319 472 573 525 explicata,
602 473 640 513 si
669 477 714 513 te
743 472 925 513 videro:
955 471 1035 513 sed
1055 475 1193 513 totum
1215 473 1349 513 estin
1379 485 1456 524 eo,
1486 471 1526 512 si
1548 474 1666 521 ante,

191 540 324 582 quam
365 528 448 569 ille
487 528 610 580 ineat
647 527 974 582 magistratum.
1041 527 1162 568 Puto
1199 528 1464 583 Pompeium
1502 526 1666 567 Crasso

190 587 403 638 urgente,
431 583 472 625 si
500 588 550 625 tu
580 584 754 634 aderis,
796 584 873 638 qui
902 597 986 637 per
1014 585 1159 636 βοῶπιν
1186 597 1244 624 ex
1276 584 1375 638 ipso
1406 582 1665 636 intelligere

188 640 357 693 possis,
393 653 482 695 qua
509 639 602 680 fide
632 641 686 680 ab
730 639 826 680 illis
865 643 1048 693 agatur,
1088 651 1169 679 nos
1209 643 1287 679 aut
1325 640 1421 680 sine
1457 638 1667 679 molestia

189 698 267 736 aut
295 699 417 736 certe
447 696 544 736 sine
575 708 727 737 errore
757 694 946 736 futuros.
1006 694 1225 736 Precibus
1244 695 1410 736 nostris
1430 698 1475 736 et
1505 692 1666 735 cohor-

190 751 363 792 tatione
391 764 481 792 non
508 751 700 806 indiges.
770 750 893 800 Quid
922 764 1022 791 mea
1059 750 1291 802 voluntas,
1330 750 1439 805 quid
1478 754 1665 803 tempus,

192 807 302 862 quid
331 807 399 848 rei
426 807 689 863 magnitudo
718 807 940 862 postulet,
981 806 1220 860 intelligis.
1291 805 1363 846 De
1403 819 1453 846 re
1490 805 1668 858 publica

190 862 311 904 nihil
341 862 487 905 habeo
516 862 574 905 ad
603 866 647 904 te
677 863 901 915 scribere,
930 862 1017 903 nisi
1046 875 1261 903 summum
1291 861 1441 902 odium
1471 861 1666 902 omnium

190 917 421 960 hominum
460 919 507 959 in
547 931 648 972 eos,
686 919 764 974 qui
803 922 956 958 tenent
995 918 1158 959 omnia.
1216 917 1483 958 Mutationis
1519 920 1666 957 tamen

190 988 291 1030 spes
319 975 461 1018 nulla.
519 974 633 1028 Sed,
664 974 784 1029 quod
813 973 951 1015 facile
973 974 1164 1035 sentius,
1194 973 1513 1028 taedetipsum
1530 972 1666 1014 Pom-

286 1106 321 1140 4.
352 1105 572 1143 Varronem.
631 1104 666 1139 S.
696 1117 751 1152 ep.
783 1105 932 1148 XLVII,
958 1106 990 1140 6.
1019 1126 1060 1131 —
1101 1109 1135 1139 te
1159 1109 1329 1148 urgente,
1363 1117 1468 1138 wann
1508 1104 1565 1138 Du
1597 1103 1666 1137 ihn

191 1154 388 1188 antreibst.
422 1173 467 1179 —
510 1153 703 1197 firmiora,
738 1154 920 1198 krziftiger
945 1153 1021 1186 und
1047 1154 1219 1187 sicherer
1245 1154 1279 1187 d.
1305 1155 1330 1189 i.
1357 1155 1448 1187 Was
1475 1153 1579 1186 desto
1603 1163 1666 1197 ge-

190 1203 323 1236 wisser
349 1201 556 1248 geschehen
583 1201 689 1235 wird.
742 1221 787 1227 --
838 1202 1018 1246 requirere
1043 1202 1197 1246 aliquem
1223 1202 1272 1235 ad
1296 1202 1436 1245 omnia,
1473 1201 1593 1235 Einen
1620 1211 1667 1233 zu

192 1252 314 1285 Allem
340 1250 577 1293 auffordern,
606 1251 645 1283 in
672 1250 909 1294 Requisition
936 1256 1072 1284 setzen.

288 1320 326 1356 5.
353 1317 534 1362 explicata
560 1331 609 1350 Ξ
635 1318 808 1364 expedita
835 1319 873 1361 §0
899 1318 933 1354 4.
963 1336 1006 1342 —
1042 1321 1155 1351 totum
1184 1322 1233 1351 est
1258 1319 1296 1351 in
1320 1326 1373 1358 eo,
1399 1317 1434 1350 si
1459 1319 1539 1349 ante
1563 1326 1666 1348 nem-

191 1377 238 1412 pe
265 1371 299 1400 te
322 1366 472 1406 videro,
514 1367 605 1400 aber
628 1368 731 1400 Alles
757 1367 893 1400 beruht
920 1366 1067 1404 darauf,
1096 1367 1175 1398 dass
1202 1366 1266 1398 ich
1293 1365 1383 1398 dich
1409 1364 1541 1398 fri'iher
1566 1363 1664 1397 sehe.

193 1436 238 1441 -—
270 1415 337 1448 ille
363 1414 514 1448 Clodius
542 1415 640 1449 ineat
665 1415 945 1457 magistratum,
980 1414 1231 1454 tribunatum,
1265 1424 1377 1459 quem
1403 1413 1561 1445 initurus
1588 1417 1667 1445 crat

191 1462 312 1498 Nonis
345 1463 549 1496 Decembr.
601 1482 646 1489 -—
697 1464 789 1499 Puto
815 1462 1024 1508 Pompeium
1047 1458 1120 1495 cet.
1184 1463 1263 1495 Der
1288 1462 1378 1494 Sinn
1405 1461 1520 1494 dieses
1545 1461 1666 1493 Satzes

192 1511 338 1546 daucht
362 1512 435 1545 mir
466 1512 664 1555 folgender
697 1523 743 1545 zu
776 1512 875 1545 sein:
926 1511 1016 1554 „Da
1043 1511 1213 1552 Crassus,
1260 1509 1324 1542 der
1357 1509 1431 1542 mir
1463 1520 1530 1552 gar
1563 1508 1668 1541 nicht

191 1561 295 1594 wohl
328 1561 421 1601 will,
464 1560 611 1594 meinen
639 1560 791 1593 Gonuer
816 1560 1014 1603 Pompeius
1050 1570 1090 1591 so
1117 1563 1236 1603 presst
1262 1559 1310 1598 (5.
1343 1568 1404 1602 ep.
1432 1557 1588 1597 XLVII,
1623 1557 1667 1590 4:

192 1621 214 1643 0
240 1609 500 1654 spectaculum
531 1610 596 1642 uni
629 1609 761 1643 Crasso
793 1608 1052 1647 iucundum!)‚
1104 1618 1143 1638 so
1184 1606 1306 1649 glaub'
1332 1606 1416 1646 ich,
1466 1605 1546 1638 dass
1585 1603 1666 1645 ich,

191 1668 301 1691 wenn
326 1658 389 1690 Du
415 1657 579 1690 heriiber
604 1657 768 1695 kzimest,
796 1655 842 1688 da
867 1656 927 1688 Du
954 1666 1037 1688 vom
1066 1654 1217 1689 Clodius
1242 1653 1361 1686 durch
1387 1652 1486 1685 scine
1512 1652 1667 1686 Schwe-

191 1712 268 1738 ster
301 1705 524 1739 erforschen
554 1704 748 1745 konntest,
789 1703 825 1735 iu
861 1704 928 1735 wie
967 1702 1055 1735 weit
1089 1713 1195 1744 man,
1229 1702 1323 1733 nach
1351 1701 1474 1734 ihrem
1506 1699 1664 1745 ietzigen

190 1753 356 1787 Treiben
392 1765 436 1787 zu
461 1753 671 1792 urtheilen,
710 1753 815 1785 ienen
845 1751 951 1792 (dem
977 1750 1191 1795 Pompeius,
1220 1750 1371 1782 Crassus
1398 1750 1473 1782 und
1501 1748 1668 1790 Clodius)

191 1808 323 1834 trauen
349 1801 478 1843 diirfe,
523 1801 592 1834 auf
624 1801 722 1833 diese
747 1801 814 1832 Art
848 1799 968 1832 durch
994 1798 1094 1832 Dich
1121 1799 1223 1831 einer
1248 1798 1403 1842 liistigen
1429 1797 1546 1842 Sorge
1575 1797 1667 1829 oder

193 1849 294 1884 doch
321 1850 543 1895 wenigstens
569 1849 670 1882 eines
699 1848 883 1882 Irrthums
916 1848 1044 1880 w'urde
1077 1847 1262 1890 erlediget
1295 1846 1458 1883 werden.
1492 1846 1665 1889 „Cicero

189 1898 385 1932 fiirchtete
417 1897 607 1938 niimlich,
660 1897 728 1930 der
765 1897 817 1929 im
849 1896 1020 1929 Ansehen
1056 1895 1128 1927 und
1160 1893 1418 1938 Selbstgefi'ihl
1458 1893 1665 1940 gestinkene

189 1947 390 1992 Pompeius
415 1946 567 1980 rnechte
593 1946 675 1979 sicli
702 1956 788 1978 vom
818 1946 981 1982 Crassus,
1009 1944 1074 1976 der
1099 1944 1189 1976 ietzt
1215 1942 1277 1974 die
1305 1942 1430 1976 Miene
1457 1943 1518 1975 des
1545 1942 1664 1976 Uber-

190 1997 347 2039 legenen
373 1994 455 2028 sich
480 1995 573 2039 gab,
613 2005 676 2027 zur
705 1995 870 2028 Uutreue
903 2003 1020 2036 gegcu
1047 1992 1113 2024 ihn
1142 1991 1312 2034 zwingen
1341 1990 1429 2023 oder
1460 1989 1559 2024 doch
1586 2001 1666 2023 ver-

191 2044 308 2079 leiten
335 2044 471 2077 lassen:
518 2043 564 2075 da
599 2053 639 2075 es
664 2042 800 2075 friiher
825 2041 972 2078 schieu,
1013 2042 1065 2072 als
1099 2040 1146 2073 ob
1180 2038 1372 2083 Pompeius
1407 2038 1478 2071 den
1514 2041 1687 2071 Crassus.

190 2094 256 2126 fur
280 2092 348 2125 ihn
375 2102 580 2136 gewonnen
609 2090 700 2123 oder
727 2089 827 2123 doch
855 2100 970 2133 gegen
1005 2087 1074 2121 ihu
1101 2088 1297 2135 uukrzistig
1322 2087 1395 2120 und
1421 2086 1665 2120 uuschiidlich

190 2141 367 2185 gemacht
399 2140 506 2173 habe.
555 2139 659 2172 Auch
699 2141 810 2172 Cesar
844 2137 1046 2170 bcmi'ihete
1080 2135 1184 2176 sich,
1227 2136 1314 2168 eine
1345 2135 1665 2182 VViedervereini-

191 2201 292 2234 guug
317 2188 380 2221 des
405 2189 604 2233 Pompeius
631 2187 699 2220 init
726 2187 796 2218 den
825 2186 1040 2232 Optimaten
1074 2196 1118 2217 zu
1154 2183 1393 2217 verhindern.
1457 2185 1560 2218 Uber
1585 2183 1665 2215 die-

192 2249 257 2270 sen
295 2237 501 2283 qualvollen
536 2236 694 2269 2wcife1
728 2235 848 2268 hoffte
882 2246 920 2266 er
949 2233 1067 2265 durch
1095 2232 1244 2265 Attikus
1269 2231 1482 2277 aufgekl‘zirt
1507 2244 1549 2265 zu
1575 2242 1664 2264 wer-

191 2286 281 2328 den,
332 2296 442 2317 weun
477 2284 596 2317 dieser
628 2284 690 2317 das
724 2284 892 2328 geheime
918 2282 1079 2314 Treiben
1105 2282 1210 2313 iener
1234 2282 1394 2314 Menner
1427 2280 1464 2312 in
1491 2280 1666 2313 Hinsicht

191 2335 259 2368 auf
293 2333 383 2368 oder
414 2332 484 2366 mit
510 2331 662 2367 Clodius
700 2332 820 2364 durch
855 2330 981 2363 dessen
1010 2330 1219 2363 Schwester
1250 2340 1295 2361 zu
1321 2328 1493 2361 erfahren
1521 2328 1663 2364 suchte,

191 2385 284 2418 Man
317 2382 417 2415 sieht
448 2380 619 2413 desshalb
654 2380 759 2412 nicht
792 2380 874 2421 ein,
913 2389 1057 2411 warum
1082 2377 1241 2410 Lambin
1263 2387 1332 2420 per
1356 2376 1567 2418 Pompeium
1591 2376 1664 2408 und

191 2431 332 2467 Schiitz
366 2428 536 2473 Pompeio
571 2428 745 2462 Crassum
779 2431 931 2469 urgente
967 2427 1211 2467 vei-besserle,
1250 2435 1322 2457 was
1348 2435 1387 2456 er
1414 2435 1453 2457 so
1481 2425 1662 2457 erkliirte:

192 2490 328 2524 nempe
361 2484 401 2511 ut
433 2488 500 2523 per
534 2475 704 2511 Clodiam
738 2476 814 2508 eius
841 2476 999 2508 fratrem
1029 2474 1076 2506 ad
1108 2473 1221 2507 fidem
1245 2472 1462 2506 servandam
1489 2472 1666 2505 incitaret

195 2529 255 2562 vel
280 2528 424 2569 saltem,
451 2525 542 2571 quid
561 2523 716 2559 Clodius
743 2531 890 2557 acturus
916 2529 1022 2562 essct,
1048 2523 1366 2567 explicaretur.-—
1389 2531 1455 2564 per
1481 2519 1663 2565 βοῶπιν,

195 2575 298 2610 Crat.
323 2576 457 2610 Lamb.
482 2569 700 2617 βοώπιὸα.
753 2573 799 2604 V.
827 2583 883 2616 ep.
911 2572 1053 2611 XXXV,
1083 2574 1113 2604 1.
1140 2570 1304 2611 XXXVI,
1331 2571 1366 2605 2.

286 2645 323 2679 6.
351 2643 461 2676 habeo
488 2666 495 2673 .
529 2666 535 2673 .
564 2671 572 2678 ,
604 2640 777 2675 scribere.
835 2638 872 2672 S.
907 2639 1062 2673 Ramsh.
1101 2639 1135 2682 ἕ.
1173 2639 1260 2680 168,
1294 2638 1333 2670 Β.
1367 2639 1400 2670 1.
1426 2637 1473 2670 N.
1514 2635 1662 2668 Grotef.

194 2695 222 2735 §-
249 2691 330 2725 305.
360 2709 401 2714 -
452 2698 642 2733 summum,
670 2689 802 2723 Lamb.
832 2688 920 2732 sngt
946 2698 1020 2720 esse
1043 2686 1169 2719 hiuzu.
1211 2705 1254 2711 --
1305 2686 1427 2717 omnia
1461 2684 1484 2716 i.
1521 2695 1554 2716 e.
1584 2693 1663 2715 reni

196 2740 407 2786 publicam,
437 2749 620 2773 summam
648 2743 882 2783 potestatem.
913 2755 954 2762 -
998 2735 1113 2769 taedet
1140 2736 1203 2778 ips.
1232 2734 1370 2777 Pomp„
1398 2731 1593 2776 Pompeius
1620 2730 1666 2763 ist
