1742 3006
530 78 846 122 EPISTOLA
876 77 1076 122 XLVII.
1452 79 1544 126 201

73 194 269 235 tabescat
297 191 470 241 dolore3
509 190 618 232 mihi
656 189 905 232 mehercule
945 193 1153 243 molesta,
1192 191 1308 246 quod
1346 195 1391 233 et
1430 204 1544 245 eum,

72 263 206 304 quem
228 261 399 303 semper
417 247 575 299 dilexi,
605 247 736 288 nimis
757 246 1035 299 excruciant,
1065 251 1108 289 et
1129 247 1277 300 timeo,
1307 251 1398 289 tam
1418 247 1546 290 vehe-

74 317 200 345 mens
229 306 297 346 vir
325 308 500 358 tamque
530 316 634 344 acer
662 303 706 343 in
736 302 856 344 ferro
887 305 930 343 et
966 307 1057 344 tam
1095 304 1287 345 insuetus
1326 307 1548 346 contume-

73 360 162 402 liae
200 374 255 402 ne
295 360 412 400 omni
448 359 584 399 animi
621 359 788 413 impetu
825 358 969 399 dolori
1008 363 1051 399 et
1088 358 1340 401 iracundiae
1380 365 1546 415 pareat.

74 415 227 457 Bibuli
256 415 329 470 qui
358 415 416 455 sit
444 415 586 456 exitus
618 414 813 467 futurus,
843 414 1005 456 nescio.
1062 413 1126 454 Ut
1154 428 1269 456 nunc
1297 429 1368 457 res
1395 430 1442 457 se
1469 415 1546 458 ha-

77 474 176 524 bet,
206 470 455 512 admirabili
485 471 630 523 gloria
659 475 739 511 est.
797 469 917 520 Quin
938 482 1070 525 quum
1090 471 1273 512 comitia
1291 473 1335 512 in
1354 485 1548 514 mensem

78 527 320 569 Octobrem
348 526 608 577 distulisset5
638 526 755 581 quod
785 527 897 568 solet
926 539 980 567 ea
1007 539 1075 566 res
1102 527 1255 580 populi
1282 527 1549 570 voluntatem

80 582 325 635 offendere,
355 586 531 637 putarat
560 583 729 624 Caesar
757 583 957 624 oratione
986 595 1065 623 sua
1093 595 1223 636 posse
1250 583 1420 637 impelli
1450 598 1551 626 con-

76 640 272 692 cionem,
303 642 358 679 Aut
385 639 471 680 iret
509 639 566 679 ad
604 638 832 689 Bibulum3
871 638 1008 679 multa
1045 651 1177 692 quum
1216 638 1551 682 seditiosissime

75 695 269 747 diceret,
299 706 452 737 vocem
482 695 729 748 exprimere
745 708 833 737 non
851 694 1005 749 potuit.
1064 693 1187 744 Quid
1208 695 1407 749 quaeris?
1445 695 1554 737 Sen-

9 762 18 808 .²'
76 752 191 792 tiunt
218 763 266 791 se
294 751 456 792 nullam
484 751 612 792 ullius
641 751 781 805 partis
809 752 1078 793 voluntatem
1116 754 1289 792 tenere:
1332 765 1384 793 eo
1413 753 1554 807 magis

4 803 19 842 ’ἶ
78 808 146 848 vis
172 807 298 848 nobis
328 811 395 848 est
422 806 630 848 timenda.
689 805 871 848 Clodius
895 806 1100 846 inimicus
1129 810 1195 847 est
1221 807 1360 848 nobis.
1418 808 1554 849 Pom-

79 863 203 918 peius
233 862 466 904 confirmat
495 877 592 904 eum
622 862 734 904 nihil
754 876 849 904 esse
873 861 1095 903 facturum
1118 865 1273 903 contra
1293 877 1376 906 me.
1435 864 1555 905 Mihi

79 919 373 974 periculosum
403 923 468 960 est
497 919 703 960 credere:
734 918 790 960 ad
813 917 1106 960 resistendum
1127 931 1198 959 me
1221 931 1342 972 paro.
1399 919 1557 962 Studia

79 988 208 1030 spero
230 988 299 1016 me
317 988 487 1015 summa
505 974 755 1016 habiturum
777 975 970 1016 omnium
986 974 1200 1015 ordinum.
1232 974 1302 1015 Te
1321 989 1453 1029 quum
1472 990 1555 1030 ego

80 1030 310 1084 desidero,
340 1035 431 1071 tum
459 1045 563 1073 vero
592 1045 662 1072 res
691 1031 748 1072 ad
767 1035 938 1085 tempus
968 1029 1077 1071 illud
1104 1034 1248 1072 vocat.
1307 1031 1556 1072 Plurimum

17 1099 22 1117 ‘-
77 1088 282 1139 consilii,
326 1087 486 1141 animi,
530 1087 746 1142 praesidii
773 1087 958 1141 denique
986 1085 1120 1138 mihi,
1161 1087 1200 1127 si
1228 1091 1273 1127 te
1303 1086 1360 1127 ad
1387 1091 1557 1143 tempus

77 1143 260 1194 videro,
299 1144 549 1186 accesserit.
608 1143 759 1185 Varro
796 1143 907 1184 mihi
935 1142 1168 1183 satisfacit.
1224 1143 1465 1198 Pompeius
1493 1145 1557 1185 lo-

78 1200 226 1254 quitur
254 1199 480 1250 divinitus.
540 1199 680 1254 Spero
709 1213 789 1241 nos
818 1203 893 1241 aut
922 1202 1041 1240 certe
1070 1212 1169 1240 cum
1213 1212 1384 1241 summa
1415 1201 1559 1254 gloria

81 1352 183 1387 vict.
210 1355 244 1388 2.
270 1355 354 1388 Bos.
382 1354 468 1400 sqq.
506 1354 702 1388 ORELLI.
743 1373 787 1379 —-
827 1359 864 1388 ut
891 1356 1050 1388 tabescat
1078 1355 1213 1391 dolore.
1265 1355 1363 1388 Hinc
1389 1366 1500 1400 supra
1526 1356 1559 1399 §.

78 1403 113 1437 3.
143 1401 377 1435 deformatus
404 1414 564 1447 corpore
591 1403 800 1436 dicebatur.
819 1421 863 1427 —-
889 1403 1044 1436 insuetus
1064 1402 1303 1437 contumeliae
1328 1417 1377 1434 z
1401 1404 1561 1437 insolens

80 1450 258 1484 infamiae
284 1452 311 1495 ᾗ.
338 1452 372 1485 3.
402 1470 446 1475 —-
473 1461 516 1483 ne
541 1477 552 1488 .
579 1475 589 1487 .
619 1475 628 1484 ,
653 1455 807 1494 pareat,
835 1450 916 1484 dass
942 1463 982 1483 er
1007 1452 1087 1484 sich
1115 1451 1268 1484 endlich
1286 1452 1322 1484 in
1341 1452 1464 1485 einem
1483 1452 1559 1485 An-

81 1499 171 1532 falle
207 1510 278 1532 von
313 1499 507 1542 Ungeduld
541 1499 611 1531 den
651 1500 916 1544 Eingebungen
945 1499 1008 1532 des
1036 1501 1150 1533 Zorns
1177 1499 1255 1534 und
1281 1500 1347 1533 der
1373 1500 1564 1546 Rachgier

82 1546 258 1591 giinzlich
285 1547 498 1581 iiberlassen
526 1547 676 1581 kennte.
707 1548 788 1592 Vgl.
816 1559 873 1593 ep.
900 1548 978 1585 XL.
1007 1550 1035 1593 ἕ,
1065 1551 1095 1582 1.

177 1614 211 1648 5.
242 1613 341 1649 Quin.
393 1614 456 1647 Sic
493 1613 583 1647 Cod.
620 1615 770 1648 Crusell.
804 1621 842 1647 et
876 1614 1018 1648 decurt.
1055 1616 1139 1649 Bos.
1173 1616 1335 1661 Malasp.
1361 1617 1446 1661 Sqq.
1496 1616 1565 1652 Qui

81 1661 244 1695 Priores.
280 1661 480 1696 ORELLI.
518 1680 560 1686 —
596 1662 809 1696 distulisset.
844 1664 878 1696 S.
906 1675 951 1696 zu
977 1675 1033 1708 ep.
1060 1665 1186 1706 XLVI,
1213 1664 1246 1708 ἕ.
1273 1666 1306 1700 6.
1338 1683 1382 1689 —-
1421 1668 1459 1697 ut
1491 1664 1563 1697 iret

83 1711 132 1743 ad
155 1710 263 1753 Bab„
292 1710 315 1744 i.
343 1723 373 1744 e.
399 1711 444 1743 ad
471 1710 595 1743 Bibuli
622 1710 750 1754 aedes,
778 1710 884 1750 „dass
907 1711 969 1745 das
992 1710 1089 1745 Volk
1117 1712 1202 1745 dem
1221 1713 1376 1747 Bibulus
1404 1724 1471 1745 vor
1498 1711 1562 1745 das

83 1759 182 1791 Hans
206 1758 348 1792 riicken
377 1758 449 1792 und
475 1759 542 1791 ihn
569 1771 631 1792 zur
646 1759 935 1792 Zuriicknahme
962 1760 1025 1793 des
1051 1759 1262 1794 Aufschubs
1290 1761 1355 1795 der
1370 1760 1561 1796 Comitien

83 1807 254 1854 zwingen
282 1807 451 1841 wiirde.“
500 1809 592 1842 Man
619 1808 781 1841 braucht
820 1809 894 1841 also
921 1809 1027 1842 nicht
1065 1810 1134 1843 mit
1162 1809 1320 1844 Ursinus
1346 1810 1386 1843 in
1411 1808 1495 1843 Bit».
1521 1820 1563 1842 zu

82 1855 308 1888 verbessern.
337 1875 379 1880 —
407 1854 497 1894 Sed,
525 1867 630 1900 quum
654 1870 701 1886 =
728 1857 889 1899 quamvis
916 1882 924 1892 .
956 1883 966 1894 ,
993 1882 1002 1889 .
1030 1857 1186 1898 diceret,
1212 1858 1456 1894 obsehon
1481 1882 1489 1889 .
1519 1885 1526 1891 .
1557 1888 1564 1893 ,

83 1903 121 1938 S.
145 1904 295 1937 Ramsh.
325 1906 353 1948 §.
383 1904 462 1946 194,
490 1905 522 1939 2.
552 1905 700 1938 Grotef.
728 1905 761 1948 §.
787 1905 867 1940 421.
902 1923 947 1929 —
983 1916 1104 1938 vocem
1129 1907 1154 1941 i.
1182 1917 1213 1939 e.
1240 1905 1463 1938 seditiosum
1490 1907 1566 1938 cla·

83 1963 226 1986 morem
252 1952 426 1986 concioni
452 1954 650 1995 exprimere
674 1963 746 1986 non
770 1954 903 1996 potuit,
933 1964 972 1986 so
1000 1954 1141 1986 konnte
1168 1966 1208 1986 er
1234 1953 1333 1986 doch
1357 1953 1467 1986 nicht
1485 1955 1567 1987 eine

84 2001 227 2045 einzige
255 2000 572 2035 Aufruhrstimme
600 2002 686 2034 dem
712 2001 833 2035 Volke
860 2003 1084 2048 abpressen,
1120 2002 1360 2046 almothigen.
1395 2020 1439 2026 —-
1476 2002 1572 2037 Quid

86 2048 254 2091 qnaeris?
293 2050 382 2082 WVas
411 2049 479 2081 soll
505 2050 569 2084 ich
607 2050 719 2084 Mehr
746 2051 880 2095 sagen?
909 2065 959 2083 z
984 2052 1096 2085 Brevi
1124 2051 1268 2093 dicam,
1296 2050 1404 2087 kurz.
1433 2069 1477 2075 —
1505 2061 1567 2083 vo-

86 2097 196 2139 lunt„
223 2097 456 2142 Zuneigung.

181 2166 213 2200 6.
240 2165 429 2209 Pompeius
455 2164 649 2205 confirmat
677 2174 748 2202 cet.
777 2166 811 2200 S.
846 2179 903 2212 ep.
933 2167 1067 2208 XLVI,
1095 2167 1128 2201 2.
1157 2184 1200 2190 —
1237 2164 1377 2207 studia,
1405 2166 1570 2199 volunta-

85 2219 181 2255 tem,
206 2214 448 2258 praesidium,
477 2214 535 2246 die
560 2218 865 2260 Unterstiitzung.
895 2234 937 2239 —
964 2216 1013 2248 ad
1037 2218 1172 2258 tempus
1198 2214 1308 2256 «illud,
1335 2226 1395 2248 wo
1417 2214 1573 2249 Clodius

87 2262 162 2294 sein
189 2262 372 2295 Tribunat
398 2268 567 2296 ann-eten
596 2264 708 2305 wird,
747 2275 866 2312 gegen
904 2263 974 2296 den
1004 2269 1123 2296 ersten
1150 2263 1370 2296 December.
1423 2262 1572 2295 Ernesti

86 2311 318 2343 vermuthete
345 2321 390 2344 ac
415 2314 550 2354 tempus
581 2311 693 2352 illud,
731 2324 803 2346 was
836 2312 977 2345 Schiitz
1011 2323 1044 2344 u.
1079 2312 1297 2344 Liinemann
1330 2310 1570 2344 aufnahmen.

26 2389 28 2397 ,
85 2355 171 2402 Vgl.
199 2370 255 2404 ep.
283 2360 348 2393 51:
390 2358 510 2394 Valde
541 2363 575 2392 te
608 2365 790 2404 exspecto,
829 2361 936 2393 valde
971 2359 1154 2401 ‹lesi‹lero;
1189 2370 1300 2403 neque
1334 2368 1404 2400 ego
1436 2357 1572 2399 magis,

89 2416 194 2448 quam
218 2408 322 2451 ipsa
349 2417 422 2440 res
449 2411 488 2439 et
517 2411 689 2452 tempus
712 2409 843 2452 poscit.
884 2426 925 2431 -
962 2408 1010 2440 ad
1035 2412 1196 2452 tempus,
1230 2419 1275 2440 zu
1301 2407 1452 2439 rechter
1479 2406 1571 2438 Zeit.

91 2472 134 2477 -—
164 2454 287 2488 Varro
313 2454 400 2489 milti
424 2456 636 2498 satisfacit,
672 2459 742 2490 mit
778 2459 896 2489 Varro
930 2457 992 2490 bin
1021 2456 1082 2489 ich
1111 2456 1210 2489 wohl
1245 2454 1450 2488 zusrieden.
1483 2453 1574 2486 satis

90 2500 180 2534 mihi
201 2503 304 2543 facit
335 2503 416 2537 Asc.
447 2506 476 2540 l,
506 2506 604 2538 Crat.
631 2506 762 2540 Lamb.
801 2505 882 2549 vgl.
910 2516 967 2550 ep.
996 2503 1131 2546 XLVI,
1162 2507 1202 2538 l:
1237 2503 1355 2535 varro
1391 2502 1574 2534 satisfacit

92 2550 210 2583 nobis.
261 2551 308 2583 Es
324 2552 372 2584 ist
389 2552 455 2584 der
471 2554 593 2586 Marc.
613 2555 763 2588 Terent.
784 2551 923 2593 Varro,
953 2565 1024 2586 von
1051 2553 1180 2586 dessen
1208 2551 1399 2583 zahllosen
1426 2548 1572 2582 Schrif-

95 2605 158 2631 ten
185 2597 252 2630 wir
278 2610 347 2631 nur
372 2601 471 2632 noch
500 2601 560 2633 die
587 2600 667 2635 drei
695 2602 847 2635 Bisicher
871 2613 943 2634 von
974 2601 1040 2634 der
1066 2596 1418 2633 Landwirthschast
1444 2609 1479 2631 11.
1509 2610 1574 2630 an-

93 2645 290 2679 solmliche
316 2648 568 2682 Bruchstiicke
605 2650 649 2683 de
675 2651 823 2696 Lingua
856 2650 991 2684 Latina
1024 2649 1201 2681 besitzen.
1250 2648 1334 2679 Von
1361 2646 1503 2690 Iugend
1530 2657 1574 2678 nn

93 2695 154 2727 cin
181 2694 305 2728 Client
332 2694 392 2728 des
429 2697 629 2743 Pompeius
661 2690 769 2733 stand
802 2710 841 2732 er
878 2699 936 2731 bei
972 2698 1108 2730 diesem
1146 2696 1185 2728 in
1220 2693 1362 2728 hohem
1395 2695 1573 2727 Ansehen.

95 2742 144 2776 Er
182 2754 256 2776 war
294 2744 345 2777 im
379 2745 501 2778 Besitz
539 2745 642 2781 einer
675 2758 826 2792 grosseti
864 2744 1090 2780 Bibliothek.
1132 2743 1167 2778 S.
1196 2755 1252 2789 ep.
1285 2743 1495 2777 CXXXVII.
1532 2761 1572 2768 -ν
