1742 3006
500 51 818 97 EPISTOLA
850 52 1114 98 CLXVIII.
1461 53 1550 101 561

59 166 201 206 iocor.
271 162 462 206 Remoto
504 164 620 211 ioco,
668 163 752 206 tibi
792 164 880 206 hoc
920 165 1194 208 amicissimo
1235 165 1386 207 animo
1425 180 1551 221 prae-

59 220 198 276 cipio,
235 223 297 266 ut,
337 218 379 261 si
419 218 524 260 istic
561 232 660 261 mea
698 221 1084 263 commendatione
1124 226 1245 263 tuam
1282 220 1550 276 (lignitatem

59 275 297 321 obtinebis,
325 274 527 329 perferas
557 275 704 317 nostri
746 275 1038 324 desiderium,
1080 277 1357 320 honestatem
1397 281 1442 318 et
1483 277 1549 318 sa-

59 332 252 373 cultates
282 334 380 372 tuas
409 342 598 385 augeas:
647 330 718 373 sin
764 335 908 373 autem
949 332 1036 374 ista
1066 332 1312 387 frigebunt,
1357 332 1551 387 recipias

59 393 104 427 te
135 386 192 427 ad
222 399 317 427 nos.
376 384 543 427 Omnia
572 391 732 433 tamen,
770 400 885 443 quae
922 387 1008 434 vis,
1046 393 1091 429 et
1128 393 1204 429 tua
1239 387 1409 430 virtute
1448 402 1550 443 pro-

58 442 178 484 fecto
209 446 254 483 et
282 445 439 482 nostro
468 454 640 483 summo
671 455 779 497 erga
807 447 852 484 te
880 442 1035 485 studio
1065 456 1351 498 consequere.

260 562 578 607 EPISTOLA
609 564 878 608 CLXVIII.
939 565 1019 616 (ad
1049 565 1152 607 Div.
1183 564 1246 606 II.
1278 566 1338 614 2.)

385 638 466 673 Sor.
492 638 630 673 Romae
656 639 699 674 A.
728 638 775 673 U.
803 638 845 673 c.
874 639 954 675 τοι.
992 638 1041 681 (a.
1069 639 1109 676 c,
1136 639 1211 680 53.)

57 713 176 748 Patris
201 712 345 748 obitum
372 710 532 746 Curioni
558 711 705 746 absenti
732 711 924 760 significat
949 717 1000 753 et,
1035 717 1076 746 ut
1112 711 1146 745 ei
1179 710 1449 757 patrimonium
1476 711 1547 746 Dei

618 761 831 801 fortunent,
867 766 984 805 optat.

441 829 490 863 M.
518 827 696 862 CICERO
724 827 761 861 S.
786 827 830 861 D.
858 827 897 860 C.
926 826 1146 862 CURIONI.

167 895 310 939 Gravi
338 898 454 937 teste
482 894 688 950 privatus
717 907 815 935 sum
845 893 1011 936 amoris
1039 893 1202 935 summi
1231 907 1341 947 erga
1369 898 1413 935 te
1443 894 1548 941 mei,

56 955 183 1006 patre
211 957 302 997 tuo,
330 950 586 993 clarissimo
615 949 740 992 viro:
791 949 870 1004 qui
898 962 1034 1003 quum
1063 949 1156 990 suis
1186 949 1412 995 laudibus,
1450 954 1545 992 tum

47 1016 163 1049 'vero
194 1012 237 1049 te
267 1007 369 1049 filio
398 1009 653 1062 superasset
682 1005 880 1047 omnium
910 1004 1149 1051 fortunam,
1177 1004 1219 1045 si
1249 1004 1294 1044 ei
1325 1005 1544 1059 contigis-

0 1080 3 1115 ;
55 1068 137 1109 set,
186 1068 236 1105 ut
274 1066 317 1104 te
355 1068 458 1104 ante
496 1062 688 1108 videret,
735 1073 867 1116 quam
904 1073 932 1101 a
969 1059 1068 1101 vita
1107 1058 1376 1101 discederet.
1452 1061 1544 1103 Sed

0 1121 4 1160 Ξ
54 1133 186 1174 spero
215 1122 415 1160 nostram
453 1116 700 1159 amicitiam
736 1131 825 1158 non
865 1129 995 1170 egere
1037 1115 1240 1158 testibus.
1319 1114 1430 1157 Tibi
1467 1129 1544 1171 pa-

56 1173 317 1216 trimonium
346 1172 422 1215 dei
452 1173 693 1226 fortunent.
740 1172 819 1214 Me
848 1176 972 1214 certe
1001 1170 1202 1219 habebis,
1231 1169 1306 1212 cui
1337 1175 1382 1211 et
1411 1185 1544 1213 carus

55 1244 196 1285 aeque
224 1230 289 1272 sis
320 1234 364 1271 et
393 1228 629 1276 iucundus,
658 1242 710 1270 ac
741 1227 872 1270 fuisti
901 1226 1033 1283 patri.

55 1346 188 1389 Sache,
227 1347 288 1381 die
329 1346 396 1379 ich
437 1345 574 1381 iedoch
614 1345 706 1380 sehr
742 1344 930 1380 ernstlich
966 1343 1115 1379 nehmo.
1169 1363 1210 1369 —
1262 1344 1412 1377 Remoto
1446 1343 1543 1387 ioco,

57 1395 202 1430 Scherz
228 1395 288 1429 bei
314 1394 434 1429 Seite!
481 1415 523 1421 —
573 1395 694 1428 nostri
720 1394 950 1433 desiderium,
975 1403 1162 1440 wogegen
1189 1392 1218 1434 ξ.
1246 1393 1279 1427 2.
1325 1392 1545 1427 desiderium

57 1445 124 1481 tui.
153 1462 195 1468 —
222 1444 278 1477 sin
304 1467 313 1476 .
340 1467 349 1476 .
377 1467 386 1476 .
403 1443 617 1486 frigebant,
643 1454 757 1477 wenn
784 1454 821 1477 es
848 1442 936 1476 aber
961 1441 1078 1475 damit
1103 1452 1150 1473 zu
1176 1440 1238 1473 lau
1265 1439 1372 1487 geht.

205 1509 434 1545 CURIONI.
476 1509 512 1544 S.
538 1522 587 1545 zu
614 1521 672 1555 ep.
700 1509 857 1544 CLXVI.

155 1573 185 1606 1.
236 1574 338 1606 teste.
390 1570 439 1605 So
475 1570 579 1606 hatte
616 1571 750 1606 Cicero
794 1571 864 1604 ihn
901 1571 971 1605 rnit
1007 1569 1149 1616 sein—em
1189 1571 1394 1603 erziirnten
1432 1570 1546 1603 Vator

56 1618 202 1653 wieder
225 1619 466 1666 ausges'ohnt.
502 1619 538 1653 S.
566 1619 666 1654 Orat.
694 1619 862 1665 Philipp.
890 1620 941 1661 11,
971 1620 1024 1654 18.
1077 1618 1178 1653 Uber
1213 1617 1285 1651 den
1319 1617 1544 1650 ausdrucks-

56 1667 191 1702 vollen
216 1667 399 1700 Positivus
425 1668 541 1710 gravi
567 1680 594 1701 s.
620 1667 833 1701 Rannshorn
860 1667 888 1709 ἓ.
905 1668 988 1705 203,
1015 1667 1067 1708 II,
1093 1678 1126 1705 a,
1155 1667 1187 1700 2.
1207 1683 1253 1691 --
1280 1665 1421 1698 clariss.
1450 1666 1543 1698 viro.

57 1715 98 1749 C.
135 1714 355 1748 Scribonius
382 1715 496 1749 Curio
523 1715 592 1748 der
615 1716 730 1749 Vater
755 1727 837 1749 war
861 1716 931 1750 678
957 1714 1097 1749 Consul
1130 1723 1307 1760 gewesen
1343 1725 1376 1745 u.
1413 1713 1548 1746 darauf

56 1762 111 1796 als
139 1762 367 1796 Statthaltex-
391 1762 489 1796 nach
516 1762 758 1797 Macedonica
784 1774 996 1810 gegangen,
1023 1773 1084 1796 wo
1112 1773 1153 1794 er
1179 1760 1303 1794 durch
1330 1761 1545 1808 Bes-iegung

56 1811 125 1844 der
150 1810 344 1844 Dardaner
369 1810 445 1844 und
472 1811 612 1845 Bl'dsier
637 1811 691 1844 als
719 1811 787 1844 der
814 1817 912 1844 erste
939 1817 1052 1844 unter
1078 1809 1150 1842 (len
1176 1808 1406 1842 Riimischen
1433 1808 1545 1842 Feld-

58 1859 179 1892 herrn
207 1858 262 1892 bis
295 1870 341 1891 an
368 1858 429 1892 die
462 1859 592 1892 Donau
627 1857 828 1905 vox-drang.
892 1857 1000 1892 Nach
1037 1857 1163 1890 seiner
1199 1855 1411 1890 Rflckkeln·
1445 1855 1547 1889 hielt

57 1918 101 1941 er
125 1907 238 1941 einen
264 1905 544 1953 Triumphzug.
595 1905 635 1940 S.
663 1906 765 1941 Orat.
792 1899 947 1940 ‘Catium
977 1905 1046 1945 111,
1073 1907 1107 1941 8.
1145 1906 1280 1952 Agrar.
1308 1904 1357 1945 11,
1385 1907 1441 1939 17.
1485 1905 1544 1938 Pi-

57 1965 133 1988 son.
161 1956 216 1989 19.
244 1954 290 1987 ad
315 1955 429 1988 Attio.
456 1955 487 1995 1,
515 1958 546 1989 7.
574 1954 620 1987 ad
645 1954 780 1987 Famil.
794 1955 824 1997 Ι,
851 1956 884 1987 4.
914 1954 1049 1988 Cicero
1077 1959 1167 1986 orat.
1196 1952 1239 1985 de
1267 1951 1416 1996 harusp.
1446 1964 1544 1997 resp.

58 2014 89 2036 c.
118 2004 149 2037 6.
177 2001 281 2047 ahad
307 2002 441 2038 Fannii,
468 2002 573 2045 VIII,
603 2005 657 2036 11.
692 2009 810 2036 nennt
842 2002 909 2035 ihn
946 2008 1058 2035 unter
1090 2000 1159 2032 der
1193 1999 1291 2032 zahl
1324 1999 1392 2032 der
1418 2001 1546 2033 Ponti-

59 2050 160 2083 fices.
211 2049 315 2082 Uber
340 2049 459 2083 dieses
486 2051 654 2093 Mannes,
680 2050 748 2083 der
772 2052 839 2085 701
870 2050 986 2090 starb,
1014 2047 1232 2081 natiIrliche
1260 2048 1546 2081 Beredsamkoit

57 2111 85 2131 s.
120 2097 164 2130 de
202 2097 294 2131 clar.
331 2104 422 2131 orat.
461 2108 492 2131 c.
521 2099 578 2133 60.
612 2098 657 2132 de
685 2098 818 2134 Officc.
856 2098 906 2139 11,
938 2100 990 2132 17.
1029 2097 1100 2137 111,
1129 2097 1185 2131 22.
1221 2095 1265 2127 de
1292 2102 1384 2129 orat.
1411 2096 1460 2137 ΙΙ,
1487 2098 1546 2131 23.

56 2145 102 2178 ad
128 2145 242 2178 Attic.
267 2145 298 2184 1,
328 2146 382 2179 11.
414 2163 453 2169 —
483 2146 662 2188 laudibus,
690 2145 894 2179 virtutibus
922 2151 958 2178 et
985 2143 1140 2191 egregie
1167 2143 1287 2176 factis.
1317 2162 1359 2167 —
1389 2148 1423 2176 te
1442 2143 1545 2186 filio,

58 2193 151 2227 weil
179 2204 221 2226 er
245 2205 290 2226 an
317 2192 388 2226 Dir
415 2193 525 2227 einen
552 2204 591 2227 so
625 2193 922 2228 vortreffliclnen
950 2191 1053 2225 Sohn
1088 2191 1203 2224 hatte.
1249 2209 1291 2214 —
1337 2196 1421 2224 (mle
1457 2192 1546 2233 rid„

59 2252 171 2275 wenn
201 2251 244 2274 er
264 2239 365 2274 Dich
391 2252 462 2274 vor
488 2240 629 2275 seinem
657 2242 859 2288 Hingange
896 2240 996 2273 noch
1023 2239 1192 2273 einmahl
1233 2238 1398 2286 geschen
1427 2239 1545 2278 hh'sse,

58 2289 152 2323 weil
179 2288 238 2322 Du
263 2287 364 2322 Dich
391 2289 431 2321 in
457 2288 569 2322 Asien
608 2300 646 2323 so
680 2289 798 2323 schb‘n
832 2289 987 2336 gezejgt
1020 2287 1116 2320 hast.
1186 2287 1280 2319 Hier
1316 2299 1397 2319 wau·
1430 2288 1545 2321 Curio

89 2336 176 2370 rade
203 2336 374 2378 Qu'zistor,
402 2336 456 2370 als
482 2337 562 2370 sein
587 2338 701 2371 vater
725 2337 839 2371 starb.
900 2336 1004 2370 Uber
1034 2335 1096 2369 die
1133 2334 1437 2380 amplificirende
1472 2336 1544 2368 Re-

58 2349 211 2418 ffensart
247 2384 422 2426 coming„
455 2389 494 2417 ut
527 2397 552 2417 s.
579 2384 731 2421 Ramsh.
765 2388 793 2429 ς.
821 2386 903 2425 204,
929 2386 961 2417 5.
995 2382 1142 2416 Grotef.
1179 2383 1207 2423 ᾗ.
1238 2384 1317 2418 396.
1362 2384 1545 2425 contingit

60 2431 159 2466 wird
194 2442 281 2465 vom
325 2432 596 2466 erwiinschten
630 2431 996 2466 zusammnntreffcn
1041 2430 1291 2477 gliicklicher
1326 2431 1545 2472 Umssainde,

59 2479 194 2513 accidit
219 2490 294 2513 von
321 2479 567 2527 Verbindung
592 2481 786 2514 zwischen
815 2479 983 2513 Ursache
1001 2478 1075 2512 und
1095 2478 1296 2525 ⁷VVirkung·
1321 2478 1544 2523 gebraucht.

59 2527 95 2561 S.
121 2527 167 2560 G.
195 2527 236 2560 F.
264 2527 407 2561 Grotes.
433 2529 550 2574 grb'ss.
577 2528 657 2562 Lat.
683 2528 890 2562 Grammat.
917 2527 946 2569 §.
975 2528 1057 2568 259,
1085 2528 1118 2561 5.
1162 2543 1201 2550 —-
1248 2538 1269 2558 (ι
1297 2527 1371 2559 cita
1399 2527 1544 2567 discens..

61 2575 160 2608 Crat.
200 2575 328 2608 hamb.
370 2587 388 2608 e
420 2576 495 2608 vita
530 2576 736 2618 decederet,
783 2575 881 2619 quod
919 2585 1006 2608 sane
1052 2581 1106 2607 est
1143 2573 1318 2606 usitatum
1354 2573 1544 2608 Ciceroni.

67 2621 260 2655 ORELLI.
285 2623 558 2663 —sm·tuncnt.
600 2625 736 2658 Cicero
777 2623 928 2658 scheint
955 2621 1095 2670 gealmt
1133 2634 1180 2655 zu
1208 2621 1342 2663 haben,
1385 2622 1465 2657 dass
1503 2635 1544 2655 (τ

65 2681 102 2702 υς
128 2669 216 2702 bald
242 2669 530 2717 durchbringen
556 2673 701 2706 wiirde.

128 2759 188 2786 ιίο.
209 2757 312 2786 Brieso
333 2768 360 2785 v.
383 2758 506 2787 Billerb.
545 2760 567 2782 1.
674 2746 699 2750 μ
925 2746 952 2749 v
971 2746 979 2748 .
1084 2765 1142 2805 36
