1742 3006
495 56 817 101 EPISTOLA
857 57 961 102 LX.
991 58 1123 103 LXI.
1458 61 1553 109 243

62 181 194 224 quum
232 181 386 211 omnes
426 173 574 224 partes
615 168 801 220 mentis,
843 172 936 211 tum
975 173 1169 215 maxime
1205 171 1335 214 huius
1372 175 1552 227 generis

61 226 320 267 facultatem
349 223 602 267 ademisset.
660 225 833 266 Videre
873 230 918 267 te
958 229 1101 282 cupio.
1161 228 1281 272 Cura
1309 232 1359 271 ut
1387 230 1549 272 valeas.

60 281 167 324 Dat.
201 281 314 337 prid.
345 280 445 322 Kal.
474 281 584 323 Mai.
616 280 862 324 Brundisii.

362 474 682 520 EPISToLA
726 476 855 518 LXI.
915 477 1031 530 (Λα.
1062 476 1149 519 111.
1182 478 1244 526 s.)

152 551 234 588 Ser.
261 550 553 587 Thessalonicae
579 549 645 586 lv.
671 552 753 588 Kal.
781 552 866 587 Iun.
891 553 933 586 A.
960 552 1004 587 U.
1033 552 1073 587 C.
1100 553 1182 588 696.
1231 555 1279 594 (a.
1314 557 1353 588 C.
1379 557 1453 598 58.)

57 616 362 653 Sollicitudinem
402 630 506 653 suam
548 618 681 652 fratris
725 619 901 664 periculo
938 618 1073 663 augeri
1112 619 1256 654 scribit.
1296 623 1387 657 1—2.
1429 623 1549 657 Attici

57 666 236 711 epistolae
270 667 483 712 respondet.
518 668 552 702 3.
586 677 623 700 se
657 668 849 701 malorum
881 677 1036 701 suorum
1070 668 1255 702 memoria
1296 674 1335 703 et
1365 675 1469 704 metu
1503 672 1548 705 de

371 716 493 749 fratre
519 715 560 748 in
586 716 786 750 scribendo
810 715 991 761 impediri
1017 716 1172 750 fatetur.
1199 717 1233 752 4.

571 802 756 838 CICERO
783 802 968 838 ATTICO
994 801 1029 836 S.

165 869 400 912 Brundisii
418 869 710 926 proficiscens
731 869 998 924 scripseram
1021 870 1079 911 ad
1101 874 1162 923 te,
1187 883 1295 926 quas
1319 873 1375 913 ob
1396 886 1552 915 causas

56 927 101 966 in
131 926 320 981 Epirum
349 940 438 968 non
468 939 663 968 essemus
702 925 924 980 profecti3
966 925 1084 980 quod
1124 929 1169 967 et
1205 926 1376 969 Achaia
1413 943 1552 984 prope

57 986 196 1033 esset,
241 983 369 1036 plena
397 982 797 1023 audacissimorum
829 981 1139 1035 inimicorum,
1179 987 1224 1023 et
1252 984 1394 1024 exitus
1425 985 1552 1025 diffi-

57 1039 163 1079 ciles
185 1037 392 1089 haberet,
423 1052 555 1093 quum
578 1037 683 1079 inde
700 1037 1103 1092 proficisceremur.
1161 1038 1387 1087 Accessit,
1418 1054 1551 1094 quum

56 1093 336 1148 Dyrrhachii
359 1107 570 1145 essemus,
594 1098 644 1135 ut
664 1093 751 1135 duo
773 1094 917 1135 nuntii
938 1095 1227 1145 afferrentur3
1257 1109 1382 1147 unus,
1409 1098 1552 1137 classe

57 1150 245 1191 fratrem
273 1149 452 1205 Epheso
482 1149 700 1200 Athenas3
740 1151 877 1199 alter,
908 1150 1093 1203 pedibus
1122 1164 1206 1204 per
1234 1151 1553 1193 Macedoniam

55 1207 216 1247 venire.
276 1206 434 1261 Itaque
456 1206 523 1246 illi
545 1207 719 1247 obviam
738 1206 939 1247 misimus
959 1205 1160 1247 Athenas
1174 1238 1186 1259 ,
1217 1210 1266 1248 ut
1289 1208 1393 1248 inde
1410 1208 1554 1250 Thes-

57 1262 300 1304 salonicam
328 1262 512 1304 veniret.
584 1262 679 1316 Ipsi
706 1263 1007 1317 processimus
1038 1266 1082 1303 et
1110 1262 1481 1304 Thessalonicam
1512 1277 1551 1305 a.

57 1317 101 1359 d.
133 1331 175 1359 x.
208 1317 309 1360 Kal.
340 1319 436 1359 Iun.
468 1317 693 1367 venimus3
723 1331 862 1372 neque
895 1318 949 1357 de
977 1318 1097 1358 illius
1126 1318 1286 1360 itinere
1316 1320 1554 1374 quidquam

58 1374 174 1414 certi
200 1373 489 1426 habebamus,
520 1373 609 1414 nisi
639 1387 740 1414 eum
771 1375 824 1415 ab
853 1372 1036 1427 Epheso
1066 1377 1166 1415 ante
1195 1375 1419 1428 aliquanto
1449 1389 1553 1429 pro-

59 1429 239 1472 fectum.
313 1429 472 1481 Nunc,
511 1429 616 1470 istic
655 1428 763 1482 quid
802 1433 983 1484 agatur,
1023 1442 1183 1483 magno
1229 1443 1361 1484 opere
1401 1432 1551 1473 timeo.

58 1484 337 1539 Quamquam
364 1490 413 1526 tu
443 1486 582 1526 altera
612 1485 799 1539 epistola
827 1485 986 1526 scribis
1008 1485 1076 1527 ld.
1103 1485 1213 1526 Mai.
1235 1487 1406 1540 audiri,
1440 1488 1553 1541 sore,

59 1545 107 1582 ut
126 1543 273 1581 acrius
298 1541 619 1595 postularetur3
650 1541 817 1592 altera,
846 1542 936 1582 iam
960 1553 1055 1582 esse
1076 1542 1269 1583 mitiora.
1330 1542 1417 1583 Sed
1444 1543 1557 1584 haec

59 1600 127 1638 est
154 1596 299 1650 pridie
329 1597 457 1649 data,
487 1609 619 1650 quam
648 1597 749 1637 illa:
778 1610 864 1651 quo
895 1597 1138 1638 conturbor
1166 1599 1322 1651 magis.
1379 1600 1556 1654 Itaque,

60 1665 192 1708 quum
222 1665 346 1694 meus
375 1666 447 1694 me
465 1664 646 1693 maeror
665 1652 948 1706 quotidianus
970 1652 1137 1694 lacerat
1159 1657 1203 1694 et
1226 1654 1432 1707 conficit,
1463 1660 1557 1696 tum

59 1722 166 1750 vero
195 1707 304 1750 haec
333 1708 485 1750 addita
514 1720 622 1748 cura
649 1709 724 1749 vix
744 1708 856 1750 mihi
879 1709 1018 1751 vitam
1042 1709 1260 1763 reliquam
1280 1711 1403 1752 facit.
1466 1711 1557 1752 Sed

61 1769 107 1806 et
147 1765 370 1818 navigatio
411 1763 696 1819 perdifficilis
736 1764 845 1807 fuit:
894 1767 940 1805 et
980 1765 1056 1806 ille
1097 1765 1320 1818 incertus,
1359 1766 1435 1807 ubi
1475 1781 1557 1821 ego

62 1833 230 1871 essem,
272 1821 466 1862 fortasse
497 1820 632 1860 alium
663 1833 840 1861 cursum
878 1820 1048 1875 petivit.
1107 1820 1226 1862 Nam
1267 1821 1471 1864 Phaetho
1502 1824 1557 1863 li-

61 1877 210 1917 bertus
240 1890 339 1918 eum
370 1890 457 1919 non
487 1876 624 1925 vidit3
662 1880 795 1919 vento
834 1878 1028 1918 reiectus
1058 1878 1112 1918 ab
1143 1878 1220 1920 illo
1258 1879 1305 1919 in
1344 1878 1557 1920 Macedo-

61 2021 267 2066 pertimui:
295 2021 501 2067 digressum
527 2032 620 2056 vero
646 2028 754 2055 tuum
781 2033 856 2055 non
884 2023 1065 2057 tulissem.
1115 2025 1264 2059 Ebenso
1290 2026 1330 2059 in
1357 2037 1414 2072 ep.
1445 2027 1557 2062 LXII.

64 2088 107 2094 —-
130 2073 257 2112 partes
282 2083 331 2100 z
357 2070 567 2104 facultates.
595 2089 639 2095 —
663 2070 762 2114 prid.
791 2071 877 2103 Kal.
906 2071 1023 2113 Mezen,
1050 2083 1110 2105 am
1137 2074 1249 2107 30ten
1274 2074 1395 2120 April.

161 2139 191 2170 1.
224 2135 446 2179 scripseram
480 2137 639 2182 epistola
671 2137 751 2173 LX.
796 2158 839 2162 —
889 2138 1056 2181 pedibus,
1100 2142 1275 2175 terrestri
1312 2141 1472 2185 itinere,
1514 2154 1561 2174 zu

64 2185 186 2218 Fusse.
209 2203 254 2209 -—
280 2183 543 2227 processimus,
571 2185 635 2219 ich
663 2190 781 2220 setzte
807 2186 933 2219 meiue
952 2186 1059 2220 Reise
1087 2188 1176 2222 fort.
1204 2206 1247 2214 -
1275 2202 1308 2225 α.
1337 2191 1371 2223 d.
1393 2190 1441 2225 Χ.
1469 2189 1560 2223 Kal.

64 2233 165 2275 Iun„
193 2244 250 2265 am
279 2233 389 2267 23ten
415 2233 509 2265 Mai.

160 2281 192 2316 2.
219 2280 307 2313 istic
345 2279 431 2323 quid
460 2285 618 2324 agatur,
654 2292 727 2315 was
761 2293 806 2316 zu
839 2282 933 2316 Rom
970 2282 1024 2316 im
1058 2282 1214 2319 VVerke
1250 2285 1329 2318 sein
1365 2286 1482 2329 infige.
1517 2303 1560 2309 —-

66 2328 185 2361 timeo.
236 2326 322 2362 lhm
349 2339 430 2361 war
462 2335 596 2376 angst,
635 2329 714 2364 dass
747 2341 834 2363 man
871 2330 999 2363 seinen
1027 2342 1090 2364 aus
1115 2331 1183 2364 der
1208 2333 1371 2367 Provinz
1397 2333 1560 2366 zuriick-

65 2374 288 2410 kehrenden
313 2375 459 2410 Bruder
486 2377 548 2410 des
572 2376 853 2412 Unterschleiss
879 2377 1068 2425 anklagen
1094 2379 1263 2416 mb‘chte.
1289 2383 1324 2416 S.
1353 2392 1408 2426 op.
1437 2381 1560 2415 LXII.

69 2423 123 2455 im
151 2424 236 2457 Anf.
263 2443 306 2448 —
334 2424 376 2457 id
399 2424 515 2467 Mai„
541 2437 602 2458 ani
630 2427 738 2460 l5ten
766 2426 856 2459 Mai.
877 2445 920 2451 —-
947 2426 1200 2470 postularetur
1225 2430 1247 2462 i.
1269 2439 1300 2463 e.
1321 2435 1562 2462 accusaretur

70 2468 225 2510 Quintus
249 2473 380 2505 frater.
415 2491 458 2497 —
497 2474 619 2507 altera
643 2474 796 2516 scribis,
830 2474 908 2507 iam
942 2485 1018 2507 esse
1052 2475 1222 2518 ηιὶίίονα,
1263 2477 1323 2510 die
1349 2475 1469 2509 sache
1496 2487 1561 2523 ge-

70 2518 194 2550 winne
220 2519 281 2551 ein
305 2520 484 2554 milderes
507 2520 696 2556 Ansehen.
724 2540 769 2546 -—-
801 2521 913 2555 vitam
946 2523 1127 2566 reliquam
1143 2526 1257 2566 fac„
1293 2525 1354 2558 ein
1381 2523 1562 2558 Bisschm

70 2565 197 2598 Leben
222 2566 332 2613 iibrig·
356 2569 486 2602 lassen.
514 2588 558 2594 -—
586 2570 708 2611 navig.
737 2569 870 2614 Quinti
896 2571 1037 2604 fratris.
1079 2590 1122 2596 —-
1161 2573 1274 2604 alium
1308 2582 1451 2605 cursum
1475 2576 1559 2615 pel..

70 2614 153 2646 eine
175 2613 311 2646 andere
321 2615 441 2649 Fahrt
458 2616 717 2665 einschlagen,
740 2619 850 2651 einen
867 2619 1008 2652 andern
1023 2619 1122 2651 Laus
1135 2618 1311 2654 nehmen.
1328 2638 1367 2644 —
1384 2619 1560 2660 Phaetho,

71 2661 132 2692 ein
159 2661 457 2707 Freigelassener
483 2665 546 2698 des
573 2664 729 2706 Quintus
756 2666 904 2700 Cicero.
933 2686 976 2692 -—
1010 2667 1054 2699 ab
1090 2666 1155 2698 illo
1191 2666 1339 2708 Quinto.
1396 2668 1452 2701 Er
1485 2679 1562 2701 war

73 2718 143 2740 von
172 2708 312 2741 seinem
339 2711 463 2746 Herrn
490 2713 611 2748 durch
638 2713 767 2748 Sturm
794 2725 840 2747 an
872 2714 1140 2748 Macedonicus
1166 2715 1282 2750 Kiiste
1308 2715 1560 2760 verschlagen

1058 2762 1154 2806 16*
