<?xml version="1.0" encoding="UTF-8"?>
<!DOCTYPE html PUBLIC "-//W3C//DTD XHTML 1.0 Transitional//EN"
    "http://www.w3.org/TR/xhtml1/DTD/xhtml1-transitional.dtd">
<html xmlns="http://www.w3.org/1999/xhtml" xml:lang="en" lang="en">
 <head>
  <title>
</title>
<meta http-equiv="Content-Type" content="text/html;charset=utf-8" />
  <meta name='ocr-system' content='tesseract 3.04.00' />
  <meta name='ocr-capabilities' content='ocr_page ocr_carea ocr_par ocr_line ocrx_word'/>
</head>
<body>
  <div class='ocr_page' id='page_1' title='image "./epistolaeadattic00ciceuoft/epistolaeadattic00ciceuoft_0076.png"; bbox 0 0 1742 3006; ppageno 0'>
   <div class='ocr_carea' id='block_1_1' title="bbox 131 61 1356 111">
    <p class='ocr_par' dir='ltr' id='par_1_1' title="bbox 131 61 1356 111">
     <span class='ocr_line' id='line_1_1' title="bbox 131 61 1356 111; baseline 0.002 -3"><span class='ocrx_word' id='word_1_1' title='bbox 131 61 193 108; x_wconf 88' lang='grc'><strong>60</strong></span> <span class='ocrx_word' id='word_1_2' title='bbox 419 65 484 107; x_wconf 91' lang='grc' dir='ltr'><strong>Μ.</strong></span> <span class='ocrx_word' id='word_1_3' title='bbox 515 65 572 108; x_wconf 88' lang='grc' dir='ltr'><strong>Τ.</strong></span> <span class='ocrx_word' id='word_1_4' title='bbox 605 63 951 108; x_wconf 87' lang='lat' dir='ltr'>CICERONIS</span> <span class='ocrx_word' id='word_1_5' title='bbox 981 65 1356 111; x_wconf 84' lang='lat' dir='ltr'><strong>EPISTOLAE.</strong></span> 
     </span>
    </p>
   </div>
   <div class='ocr_carea' id='block_1_2' title="bbox 281 195 1473 316">
    <p class='ocr_par' dir='ltr' id='par_1_2' title="bbox 281 195 1473 316">
     <span class='ocr_line' id='line_1_2' title="bbox 450 195 1290 252; baseline 0.002 -14"><span class='ocrx_word' id='word_1_6' title='bbox 450 195 769 240; x_wconf 75' lang='lat' dir='ltr'><strong>EPISTOLA</strong></span> <span class='ocrx_word' id='word_1_7' title='bbox 797 198 930 241; x_wconf 78' lang='lat' dir='ltr'><strong>xxl.</strong></span> <span class='ocrx_word' id='word_1_8' title='bbox 997 199 1106 252; x_wconf 83' lang='lat' dir='ltr'><strong>(Att.</strong></span> <span class='ocrx_word' id='word_1_9' title='bbox 1137 199 1174 240; x_wconf 90' lang='lat'><strong>1.</strong></span> <span class='ocrx_word' id='word_1_10' title='bbox 1207 200 1290 247; x_wconf 87' lang='lat'><strong>16.)</strong></span> 
     </span>
     <span class='ocr_line' id='line_1_3' title="bbox 281 271 1473 316; baseline 0.001 -9"><span class='ocrx_word' id='word_1_11' title='bbox 281 271 361 307; x_wconf 77' lang='lat' dir='ltr'><strong>scr.</strong></span> <span class='ocrx_word' id='word_1_12' title='bbox 385 273 525 307; x_wconf 82' lang='lat' dir='ltr'><strong>Romae</strong></span> <span class='ocrx_word' id='word_1_13' title='bbox 549 271 591 305; x_wconf 84' lang='lat' dir='ltr'><strong>A.</strong></span> <span class='ocrx_word' id='word_1_14' title='bbox 617 273 664 309; x_wconf 87' lang='lat' dir='ltr'><strong>U.</strong></span> <span class='ocrx_word' id='word_1_15' title='bbox 692 274 735 308; x_wconf 84' lang='lat' dir='ltr'><strong>C.</strong></span> <span class='ocrx_word' id='word_1_16' title='bbox 762 274 847 310; x_wconf 77' lang='lat'><strong>693.</strong></span> <span class='ocrx_word' id='word_1_17' title='bbox 873 283 998 307; x_wconf 85' lang='lat' dir='ltr'><strong>mense</strong></span> <span class='ocrx_word' id='word_1_18' title='bbox 1025 272 1196 315; x_wconf 79' lang='lat' dir='ltr'><strong>Quintili.</strong></span> <span class='ocrx_word' id='word_1_19' title='bbox 1246 275 1292 315; x_wconf 86' lang='lat' dir='ltr'><strong>(a.</strong></span> <span class='ocrx_word' id='word_1_20' title='bbox 1322 276 1362 307; x_wconf 84' lang='lat' dir='ltr'><strong>C.</strong></span> <span class='ocrx_word' id='word_1_21' title='bbox 1386 274 1473 316; x_wconf 75' lang='lat'><strong>62).</strong></span> 
     </span>
    </p>
   </div>
   <div class='ocr_carea' id='block_1_3' title="bbox 117 338 1612 819">
    <p class='ocr_par' dir='ltr' id='par_1_3' title="bbox 117 338 1612 819">
     <span class='ocr_line' id='line_1_4' title="bbox 125 338 1611 385; baseline 0.001 -12"><span class='ocrx_word' id='word_1_22' title='bbox 125 338 255 374; x_wconf 74' lang='lat' dir='ltr'><strong>Attico</strong></span> <span class='ocrx_word' id='word_1_23' title='bbox 280 339 477 385; x_wconf 79' lang='lat' dir='ltr'><strong>quaerenti</strong></span> <span class='ocrx_word' id='word_1_24' title='bbox 504 338 550 373; x_wconf 87' lang='lat' dir='ltr'><strong>de</strong></span> <span class='ocrx_word' id='word_1_25' title='bbox 570 338 726 379; x_wconf 83' lang='lat' dir='ltr'><strong>iudicio,</strong></span> <span class='ocrx_word' id='word_1_26' title='bbox 753 351 827 385; x_wconf 84' lang='lat' dir='ltr'><strong>quo</strong></span> <span class='ocrx_word' id='word_1_27' title='bbox 849 346 1001 385; x_wconf 84' lang='lat' dir='ltr'><strong>praeter</strong></span> <span class='ocrx_word' id='word_1_28' title='bbox 1025 339 1342 385; x_wconf 80' lang='lat' dir='ltr'><strong>exspectationem</strong></span> <span class='ocrx_word' id='word_1_29' title='bbox 1368 339 1521 374; x_wconf 78' lang='lat' dir='ltr'><strong>Clodius</strong></span> <span class='ocrx_word' id='word_1_30' title='bbox 1546 342 1611 375; x_wconf 77' lang='lat' dir='ltr'><strong>ab·</strong></span> 
     </span>
     <span class='ocr_line' id='line_1_5' title="bbox 125 387 1612 434; baseline 0.001 -13"><span class='ocrx_word' id='word_1_31' title='bbox 125 388 264 422; x_wconf 80' lang='lat' dir='ltr'><strong>solutus</strong></span> <span class='ocrx_word' id='word_1_32' title='bbox 290 393 384 430; x_wconf 83' lang='lat' dir='ltr'><strong>erat,</strong></span> <span class='ocrx_word' id='word_1_33' title='bbox 413 388 545 421; x_wconf 84' lang='lat' dir='ltr'><strong>Cicero</strong></span> <span class='ocrx_word' id='word_1_34' title='bbox 570 389 732 434; x_wconf 83' lang='lat' dir='ltr'><strong>primum</strong></span> <span class='ocrx_word' id='word_1_35' title='bbox 757 388 946 422; x_wconf 80' lang='lat' dir='ltr'><strong>rationem</strong></span> <span class='ocrx_word' id='word_1_36' title='bbox 972 387 1099 421; x_wconf 85' lang='lat' dir='ltr'><strong>reddit</strong></span> <span class='ocrx_word' id='word_1_37' title='bbox 1123 399 1269 422; x_wconf 74' lang='lat' dir='ltr'><strong>suarum</strong></span> <span class='ocrx_word' id='word_1_38' title='bbox 1295 389 1332 421; x_wconf 91' lang='lat' dir='ltr'><strong>in</strong></span> <span class='ocrx_word' id='word_1_39' title='bbox 1359 400 1401 421; x_wconf 82' lang='lat' dir='ltr'><strong>ea</strong></span> <span class='ocrx_word' id='word_1_40' title='bbox 1427 399 1468 421; x_wconf 87' lang='lat' dir='ltr'><strong>re</strong></span> <span class='ocrx_word' id='word_1_41' title='bbox 1493 390 1612 423; x_wconf 80' lang='lat' dir='ltr'><strong>actio-</strong></span> 
     </span>
     <span class='ocr_line' id='line_1_6' title="bbox 124 435 1612 482; baseline 0.001 -14"><span class='ocrx_word' id='word_1_42' title='bbox 124 447 228 469; x_wconf 83' lang='lat' dir='ltr'><strong>num.</strong></span> <span class='ocrx_word' id='word_1_43' title='bbox 259 437 334 471; x_wconf 87' lang='lat'><strong>1-2.</strong></span> <span class='ocrx_word' id='word_1_44' title='bbox 385 435 543 479; x_wconf 83' lang='lat' dir='ltr'><strong>deinde,</strong></span> <span class='ocrx_word' id='word_1_45' title='bbox 575 437 681 482; x_wconf 84' lang='lat' dir='ltr'><strong>quale</strong></span> <span class='ocrx_word' id='word_1_46' title='bbox 708 435 888 470; x_wconf 86' lang='lat' dir='ltr'><strong>indicium</strong></span> <span class='ocrx_word' id='word_1_47' title='bbox 921 436 1037 468; x_wconf 79' lang='lat' dir='ltr'><strong>fuerit</strong></span> <span class='ocrx_word' id='word_1_48' title='bbox 1063 441 1100 469; x_wconf 86' lang='lat' dir='ltr'><strong>et</strong></span> <span class='ocrx_word' id='word_1_49' title='bbox 1127 447 1234 481; x_wconf 88' lang='lat' dir='ltr'><strong>quem</strong></span> <span class='ocrx_word' id='word_1_50' title='bbox 1260 437 1401 470; x_wconf 87' lang='lat' dir='ltr'><strong>exitum</strong></span> <span class='ocrx_word' id='word_1_51' title='bbox 1426 436 1612 481; x_wconf 74' lang='lat' dir='ltr'><strong>habuerit,</strong></span> 
     </span>
     <span class='ocr_line' id='line_1_7' title="bbox 125 484 1610 530; baseline 0.001 -14"><span class='ocrx_word' id='word_1_52' title='bbox 125 490 264 517; x_wconf 80' lang='lat' dir='ltr'><strong>narrat.</strong></span> <span class='ocrx_word' id='word_1_53' title='bbox 290 484 363 518; x_wconf 85' lang='lat'><strong>3-5.</strong></span> <span class='ocrx_word' id='word_1_54' title='bbox 404 490 487 518; x_wconf 85' lang='lat' dir='ltr'><strong>tum</strong></span> <span class='ocrx_word' id='word_1_55' title='bbox 511 484 567 517; x_wconf 85' lang='lat' dir='ltr'><strong>rei</strong></span> <span class='ocrx_word' id='word_1_56' title='bbox 593 485 767 530; x_wconf 87' lang='lat' dir='ltr'><strong>publicae</strong></span> <span class='ocrx_word' id='word_1_57' title='bbox 791 490 929 518; x_wconf 76' lang='lat' dir='ltr'><strong>statum</strong></span> <span class='ocrx_word' id='word_1_58' title='bbox 956 484 1098 518; x_wconf 74' lang='lat' dir='ltr'><strong>malum</strong></span> <span class='ocrx_word' id='word_1_59' title='bbox 1124 484 1284 529; x_wconf 89' lang='lat' dir='ltr'><strong>quidem.</strong></span> <span class='ocrx_word' id='word_1_60' title='bbox 1312 487 1345 520; x_wconf 80' lang='lat'><strong>6.</strong></span> <span class='ocrx_word' id='word_1_61' title='bbox 1388 484 1449 518; x_wconf 77' lang='lat' dir='ltr'><strong>sed</strong></span> <span class='ocrx_word' id='word_1_62' title='bbox 1485 491 1610 518; x_wconf 84' lang='lat' dir='ltr'><strong>tamen</strong></span> 
     </span>
     <span class='ocr_line' id='line_1_8' title="bbox 122 532 1611 578; baseline 0.001 -13"><span class='ocrx_word' id='word_1_63' title='bbox 122 543 199 565; x_wconf 80' lang='lat' dir='ltr'><strong>non</strong></span> <span class='ocrx_word' id='word_1_64' title='bbox 224 542 378 576; x_wconf 81' lang='lat' dir='ltr'><strong>prorsus</strong></span> <span class='ocrx_word' id='word_1_65' title='bbox 403 532 669 577; x_wconf 79' lang='lat' dir='ltr'><strong>desperandum</strong></span> <span class='ocrx_word' id='word_1_66' title='bbox 702 543 790 566; x_wconf 87' lang='lat' dir='ltr'><strong>esse.</strong></span> <span class='ocrx_word' id='word_1_67' title='bbox 817 535 849 567; x_wconf 88' lang='lat'><strong>7.</strong></span> <span class='ocrx_word' id='word_1_68' title='bbox 891 543 929 565; x_wconf 89' lang='lat' dir='ltr'><strong>se</strong></span> <span class='ocrx_word' id='word_1_69' title='bbox 966 543 1078 576; x_wconf 84' lang='lat' dir='ltr'><strong>quum</strong></span> <span class='ocrx_word' id='word_1_70' title='bbox 1111 533 1283 566; x_wconf 75' lang='lat' dir='ltr'><strong>oratione</strong></span> <span class='ocrx_word' id='word_1_71' title='bbox 1317 539 1493 578; x_wconf 81' lang='lat' dir='ltr'><strong>perpetua</strong></span> <span class='ocrx_word' id='word_1_72' title='bbox 1530 540 1611 566; x_wconf 83' lang='lat' dir='ltr'><strong>tum</strong></span> 
     </span>
     <span class='ocr_line' id='line_1_9' title="bbox 121 579 1610 625; baseline 0.002 -13"><span class='ocrx_word' id='word_1_73' title='bbox 121 580 371 613; x_wconf 75' lang='lat' dir='ltr'><strong>altercatione</strong></span> <span class='ocrx_word' id='word_1_74' title='bbox 405 580 578 615; x_wconf 86' lang='lat' dir='ltr'><strong>Clodium</strong></span> <span class='ocrx_word' id='word_1_75' title='bbox 614 581 652 614; x_wconf 90' lang='lat' dir='ltr'><strong>in</strong></span> <span class='ocrx_word' id='word_1_76' title='bbox 689 587 816 615; x_wconf 83' lang='lat' dir='ltr'><strong>senatu</strong></span> <span class='ocrx_word' id='word_1_77' title='bbox 849 579 1004 625; x_wconf 71' lang='lat' dir='ltr'><strong>fregisse</strong></span> <span class='ocrx_word' id='word_1_78' title='bbox 1037 580 1213 614; x_wconf 84' lang='lat' dir='ltr'><strong>ostendit.</strong></span> <span class='ocrx_word' id='word_1_79' title='bbox 1249 582 1353 616; x_wconf 80' lang='lat'><strong>8-10.</strong></span> <span class='ocrx_word' id='word_1_80' title='bbox 1410 582 1610 615; x_wconf 77' lang='lat' dir='ltr'><strong>Praeterea</strong></span> 
     </span>
     <span class='ocr_line' id='line_1_10' title="bbox 120 628 1607 674; baseline 0.002 -14"><span class='ocrx_word' id='word_1_81' title='bbox 120 639 229 661; x_wconf 78' lang='lat' dir='ltr'><strong>suum</strong></span> <span class='ocrx_word' id='word_1_82' title='bbox 265 634 404 662; x_wconf 75' lang='lat' dir='ltr'><strong>statum</strong></span> <span class='ocrx_word' id='word_1_83' title='bbox 437 629 601 674; x_wconf 84' lang='lat' dir='ltr'><strong>exponit.</strong></span> <span class='ocrx_word' id='word_1_84' title='bbox 638 631 694 664; x_wconf 89' lang='lat'><strong>11.</strong></span> <span class='ocrx_word' id='word_1_85' title='bbox 748 628 909 673; x_wconf 84' lang='lat' dir='ltr'>Reliqua</span> <span class='ocrx_word' id='word_1_86' title='bbox 941 633 1028 661; x_wconf 89' lang='lat' dir='ltr'><strong>sunt</strong></span> <span class='ocrx_word' id='word_1_87' title='bbox 1061 628 1108 660; x_wconf 92' lang='lat' dir='ltr'><strong>de</strong></span> <span class='ocrx_word' id='word_1_88' title='bbox 1142 628 1308 662; x_wconf 85' lang='lat' dir='ltr'><strong>comitiis</strong></span> <span class='ocrx_word' id='word_1_89' title='bbox 1341 630 1607 663; x_wconf 81' lang='lat' dir='ltr'><strong>consularibus.</strong></span> 
     </span>
     <span class='ocr_line' id='line_1_11' title="bbox 120 675 1611 722; baseline 0.001 -12"><span class='ocrx_word' id='word_1_90' title='bbox 120 677 246 711; x_wconf 78' lang='lat'><strong>12-13.</strong></span> <span class='ocrx_word' id='word_1_91' title='bbox 298 675 346 709; x_wconf 87' lang='lat' dir='ltr'><strong>de</strong></span> <span class='ocrx_word' id='word_1_92' title='bbox 371 677 486 710; x_wconf 78' lang='lat' dir='ltr'><strong>Attici</strong></span> <span class='ocrx_word' id='word_1_93' title='bbox 512 677 687 717; x_wconf 82' lang='lat' dir='ltr'><strong>consilio,</strong></span> <span class='ocrx_word' id='word_1_94' title='bbox 719 677 816 722; x_wconf 88' lang='lat' dir='ltr'><strong>quod</strong></span> <span class='ocrx_word' id='word_1_95' title='bbox 841 678 880 709; x_wconf 87' lang='lat' dir='ltr'><strong>in</strong></span> <span class='ocrx_word' id='word_1_96' title='bbox 895 676 1020 709; x_wconf 83' lang='lat' dir='ltr'>Asiam</span> <span class='ocrx_word' id='word_1_97' title='bbox 1045 676 1100 709; x_wconf 74' lang='lat' dir='ltr'><strong>ire</strong></span> <span class='ocrx_word' id='word_1_98' title='bbox 1125 676 1230 709; x_wconf 86' lang='lat' dir='ltr'><strong>nolit.</strong></span> <span class='ocrx_word' id='word_1_99' title='bbox 1258 678 1313 710; x_wconf 81' lang='lat'><strong>14.</strong></span> <span class='ocrx_word' id='word_1_100' title='bbox 1362 677 1406 710; x_wconf 87' lang='lat' dir='ltr'><strong>de</strong></span> <span class='ocrx_word' id='word_1_101' title='bbox 1426 677 1611 721; x_wconf 75' lang='lat' dir='ltr'><strong>epigram-</strong></span> 
     </span>
     <span class='ocr_line' id='line_1_12' title="bbox 117 723 1611 770; baseline 0.001 -12"><span class='ocrx_word' id='word_1_102' title='bbox 117 724 232 758; x_wconf 77' lang='lat' dir='ltr'><strong>matis</strong></span> <span class='ocrx_word' id='word_1_103' title='bbox 266 724 305 757; x_wconf 88' lang='lat' dir='ltr'><strong>in</strong></span> <span class='ocrx_word' id='word_1_104' title='bbox 331 725 531 759; x_wconf 73' lang='lat' dir='ltr'><strong>Amaltheo</strong></span> <span class='ocrx_word' id='word_1_105' title='bbox 564 725 611 758; x_wconf 82' lang='lat' dir='ltr'><strong>ab</strong></span> <span class='ocrx_word' id='word_1_106' title='bbox 645 737 690 759; x_wconf 90' lang='lat' dir='ltr'><strong>eo</strong></span> <span class='ocrx_word' id='word_1_107' title='bbox 717 724 858 770; x_wconf 84' lang='lat' dir='ltr'><strong>positis.</strong></span> <span class='ocrx_word' id='word_1_108' title='bbox 898 726 952 759; x_wconf 85' lang='lat'><strong>15.</strong></span> <span class='ocrx_word' id='word_1_109' title='bbox 1006 723 1051 757; x_wconf 91' lang='lat' dir='ltr'><strong>de</strong></span> <span class='ocrx_word' id='word_1_110' title='bbox 1083 724 1202 757; x_wconf 83' lang='lat' dir='ltr'><strong>literis</strong></span> <span class='ocrx_word' id='word_1_111' title='bbox 1235 724 1281 757; x_wconf 81' lang='lat' dir='ltr'><strong>ad</strong></span> <span class='ocrx_word' id='word_1_112' title='bbox 1307 724 1510 759; x_wconf 84' lang='lat' dir='ltr'><strong>Antonium</strong></span> <span class='ocrx_word' id='word_1_113' title='bbox 1545 726 1611 760; x_wconf 85' lang='lat' dir='ltr'><strong>da-</strong></span> 
     </span>
     <span class='ocr_line' id='line_1_13' title="bbox 262 771 1477 819; baseline -0.002 -11"><span class='ocrx_word' id='word_1_114' title='bbox 262 773 325 808; x_wconf 83' lang='lat' dir='ltr'><strong>tis.</strong></span> <span class='ocrx_word' id='word_1_115' title='bbox 353 775 408 810; x_wconf 81' lang='lat'><strong>16.</strong></span> <span class='ocrx_word' id='word_1_116' title='bbox 445 773 491 807; x_wconf 88' lang='lat' dir='ltr'><strong>de</strong></span> <span class='ocrx_word' id='word_1_117' title='bbox 515 772 641 808; x_wconf 87' lang='lat' dir='ltr'>Cincii</span> <span class='ocrx_word' id='word_1_118' title='bbox 664 774 834 819; x_wconf 83' lang='lat' dir='ltr'><strong>negotiis.</strong></span> <span class='ocrx_word' id='word_1_119' title='bbox 860 775 915 809; x_wconf 87' lang='grc'><strong>17.</strong></span> <span class='ocrx_word' id='word_1_120' title='bbox 967 771 1015 806; x_wconf 87' lang='lat' dir='ltr'><strong>de</strong></span> <span class='ocrx_word' id='word_1_121' title='bbox 1037 771 1155 807; x_wconf 76' lang='lat' dir='ltr'><strong>Attici</strong></span> <span class='ocrx_word' id='word_1_122' title='bbox 1179 772 1391 807; x_wconf 82' lang='lat' dir='ltr'><strong>Amaltheo.</strong></span> <span class='ocrx_word' id='word_1_123' title='bbox 1419 773 1477 808; x_wconf 88' lang='grc'><strong>18.</strong></span> 
     </span>
    </p>
   </div>
   <div class='ocr_carea' id='block_1_4' title="bbox 646 858 1099 895">
    <p class='ocr_par' dir='ltr' id='par_1_4' title="bbox 646 858 1099 895">
     <span class='ocr_line' id='line_1_14' title="bbox 646 858 1099 895; baseline -0.002 0"><span class='ocrx_word' id='word_1_124' title='bbox 646 858 827 895; x_wconf 81' lang='lat' dir='ltr'>CICERO</span> <span class='ocrx_word' id='word_1_125' title='bbox 851 858 1035 894; x_wconf 76' lang='lat' dir='ltr'><strong>ATTICO</strong></span> <span class='ocrx_word' id='word_1_126' title='bbox 1060 858 1099 895; x_wconf 85' lang='lat' dir='ltr'><strong>S.</strong></span> 
     </span>
    </p>
   </div>
   <div class='ocr_carea' id='block_1_5' title="bbox 111 925 1609 1542">
    <p class='ocr_par' dir='ltr' id='par_1_5' title="bbox 111 925 1609 1542">
     <span class='ocr_line' id='line_1_15' title="bbox 229 925 1609 982; baseline -0.001 -13"><span class='ocrx_word' id='word_1_127' title='bbox 229 925 421 977; x_wconf 84' lang='lat' dir='ltr'><strong>Quaeris</strong></span> <span class='ocrx_word' id='word_1_128' title='bbox 451 940 506 969; x_wconf 89' lang='lat' dir='ltr'><strong>ex</strong></span> <span class='ocrx_word' id='word_1_129' title='bbox 534 939 622 978; x_wconf 88' lang='lat' dir='ltr'><strong>me,</strong></span> <span class='ocrx_word' id='word_1_130' title='bbox 652 926 758 982; x_wconf 88' lang='lat' dir='ltr'><strong>quid</strong></span> <span class='ocrx_word' id='word_1_131' title='bbox 786 925 1003 968; x_wconf 83' lang='lat' dir='ltr'><strong>acciderit</strong></span> <span class='ocrx_word' id='word_1_132' title='bbox 1031 926 1086 967; x_wconf 90' lang='lat' dir='ltr'><strong>de</strong></span> <span class='ocrx_word' id='word_1_133' title='bbox 1116 926 1311 979; x_wconf 85' lang='lat' dir='ltr'><strong>iudicio,</strong></span> <span class='ocrx_word' id='word_1_134' title='bbox 1365 926 1481 981; x_wconf 90' lang='lat' dir='ltr'><strong>quod</strong></span> <span class='ocrx_word' id='word_1_135' title='bbox 1519 928 1609 967; x_wconf 82' lang='lat' dir='ltr'><strong>tam</strong></span> 
     </span>
     <span class='ocr_line' id='line_1_16' title="bbox 114 982 1606 1038; baseline -0.001 -14"><span class='ocrx_word' id='word_1_136' title='bbox 114 986 296 1037; x_wconf 74' lang='lat' dir='ltr'><strong>praeter</strong></span> <span class='ocrx_word' id='word_1_137' title='bbox 324 983 574 1038; x_wconf 86' lang='lat' dir='ltr'>opinionem</span> <span class='ocrx_word' id='word_1_138' title='bbox 603 984 796 1023; x_wconf 87' lang='lat' dir='ltr'><strong>omnium</strong></span> <span class='ocrx_word' id='word_1_139' title='bbox 827 983 993 1024; x_wconf 85' lang='lat' dir='ltr'><strong>sactum</strong></span> <span class='ocrx_word' id='word_1_140' title='bbox 1023 983 1108 1023; x_wconf 84' lang='lat' dir='ltr'><strong>sit:</strong></span> <span class='ocrx_word' id='word_1_141' title='bbox 1148 987 1190 1022; x_wconf 84' lang='lat' dir='ltr'><strong>et</strong></span> <span class='ocrx_word' id='word_1_142' title='bbox 1219 982 1348 1022; x_wconf 84' lang='lat' dir='ltr'><strong>simul</strong></span> <span class='ocrx_word' id='word_1_143' title='bbox 1378 983 1446 1023; x_wconf 85' lang='lat' dir='ltr'><strong>vis</strong></span> <span class='ocrx_word' id='word_1_144' title='bbox 1475 983 1606 1035; x_wconf 84' lang='lat' dir='ltr'><strong>scire,</strong></span> 
     </span>
     <span class='ocr_line' id='line_1_17' title="bbox 113 1038 1606 1094; baseline -0.001 -14"><span class='ocrx_word' id='word_1_145' title='bbox 113 1053 204 1094; x_wconf 86' lang='lat' dir='ltr'><strong>quo</strong></span> <span class='ocrx_word' id='word_1_146' title='bbox 242 1038 376 1081; x_wconf 91' lang='lat' dir='ltr'><strong>modo</strong></span> <span class='ocrx_word' id='word_1_147' title='bbox 416 1053 497 1093; x_wconf 85' lang='lat' dir='ltr'><strong>ego</strong></span> <span class='ocrx_word' id='word_1_148' title='bbox 526 1039 694 1090; x_wconf 71' lang='lat' dir='ltr'><strong>minus,</strong></span> <span class='ocrx_word' id='word_1_149' title='bbox 735 1051 866 1093; x_wconf 85' lang='lat' dir='ltr'><strong>quam</strong></span> <span class='ocrx_word' id='word_1_150' title='bbox 895 1039 1084 1090; x_wconf 79' lang='lat' dir='ltr'><strong>soleam,</strong></span> <span class='ocrx_word' id='word_1_151' title='bbox 1115 1039 1355 1092; x_wconf 80' lang='lat' dir='ltr'><strong>proeliatus</strong></span> <span class='ocrx_word' id='word_1_152' title='bbox 1385 1039 1495 1079; x_wconf 87' lang='lat' dir='ltr'><strong>sim:</strong></span> <span class='ocrx_word' id='word_1_153' title='bbox 1538 1052 1606 1079; x_wconf 89' lang='lat' dir='ltr'><strong>re-</strong></span> 
     </span>
     <span class='ocr_line' id='line_1_18' title="bbox 115 1092 1607 1149; baseline -0.001 -13"><span class='ocrx_word' id='word_1_154' title='bbox 115 1095 348 1149; x_wconf 83' lang='lat' dir='ltr'><strong>spondebo</strong></span> <span class='ocrx_word' id='word_1_155' title='bbox 377 1095 458 1136; x_wconf 83' lang='lat' dir='ltr'><strong>tibi</strong></span> <span class='ocrx_word' id='word_1_156' title='bbox 485 1092 649 1143; x_wconf 77' lang='grc' dir='ltr'><strong><em>ὕστερον</em></strong></span> <span class='ocrx_word' id='word_1_157' title='bbox 677 1095 881 1144; x_wconf 82' lang='grc' dir='ltr'><strong><em>πρότερον,</em></strong></span> <span class='ocrx_word' id='word_1_158' title='bbox 910 1092 1127 1143; x_wconf 82' lang='grc' dir='ltr'><strong><em>Ὁμηρικῶς.</em></strong></span> <span class='ocrx_word' id='word_1_159' title='bbox 1184 1094 1282 1147; x_wconf 87' lang='lat' dir='ltr'><strong>Ego</strong></span> <span class='ocrx_word' id='word_1_160' title='bbox 1313 1095 1446 1146; x_wconf 85' lang='lat' dir='ltr'><strong>enim,</strong></span> <span class='ocrx_word' id='word_1_161' title='bbox 1476 1107 1607 1148; x_wconf 82' lang='lat' dir='ltr'><strong>quam</strong></span> 
     </span>
     <span class='ocr_line' id='line_1_19' title="bbox 115 1149 1607 1202; baseline -0.001 -11"><span class='ocrx_word' id='word_1_162' title='bbox 115 1151 196 1192; x_wconf 87' lang='lat' dir='ltr'><strong>diu</strong></span> <span class='ocrx_word' id='word_1_163' title='bbox 227 1155 406 1193; x_wconf 82' lang='lat' dir='ltr'><strong>senatus</strong></span> <span class='ocrx_word' id='word_1_164' title='bbox 434 1150 674 1192; x_wconf 81' lang='lat' dir='ltr'><strong>auctoritas</strong></span> <span class='ocrx_word' id='word_1_165' title='bbox 702 1150 814 1191; x_wconf 88' lang='lat' dir='ltr'><strong>mihi</strong></span> <span class='ocrx_word' id='word_1_166' title='bbox 841 1149 1118 1192; x_wconf 79' lang='lat' dir='ltr'><strong>defendenda</strong></span> <span class='ocrx_word' id='word_1_167' title='bbox 1147 1149 1246 1202; x_wconf 85' lang='lat' dir='ltr'><strong>suit,</strong></span> <span class='ocrx_word' id='word_1_168' title='bbox 1278 1150 1344 1191; x_wconf 91' lang='lat' dir='ltr'><strong>sic</strong></span> <span class='ocrx_word' id='word_1_169' title='bbox 1373 1151 1537 1191; x_wconf 83' lang='lat' dir='ltr'><strong>acriter</strong></span> <span class='ocrx_word' id='word_1_170' title='bbox 1563 1153 1607 1190; x_wconf 87' lang='lat' dir='ltr'><strong>et</strong></span> 
     </span>
     <span class='ocr_line' id='line_1_20' title="bbox 114 1206 1607 1261; baseline -0.001 -12"><span class='ocrx_word' id='word_1_171' title='bbox 114 1206 401 1249; x_wconf 77' lang='lat' dir='ltr'><strong>vehementer</strong></span> <span class='ocrx_word' id='word_1_172' title='bbox 420 1206 658 1261; x_wconf 86' lang='lat' dir='ltr'><strong>proeliatus</strong></span> <span class='ocrx_word' id='word_1_173' title='bbox 679 1220 790 1259; x_wconf 85' lang='lat' dir='ltr'><strong>sum,</strong></span> <span class='ocrx_word' id='word_1_174' title='bbox 820 1210 866 1247; x_wconf 83' lang='lat' dir='ltr'><strong>ut</strong></span> <span class='ocrx_word' id='word_1_175' title='bbox 883 1207 1051 1248; x_wconf 86' lang='lat' dir='ltr'><strong>clamor</strong></span> <span class='ocrx_word' id='word_1_176' title='bbox 1078 1218 1400 1260; x_wconf 86' lang='lat' dir='ltr'><strong>concursusque</strong></span> <span class='ocrx_word' id='word_1_177' title='bbox 1414 1206 1607 1247; x_wconf 83' lang='lat' dir='ltr'><strong>maxima</strong></span> 
     </span>
     <span class='ocr_line' id='line_1_21' title="bbox 113 1261 1606 1316; baseline -0.001 -13"><span class='ocrx_word' id='word_1_178' title='bbox 113 1276 221 1304; x_wconf 83' lang='lat' dir='ltr'><strong>cum</strong></span> <span class='ocrx_word' id='word_1_179' title='bbox 249 1276 348 1303; x_wconf 83' lang='lat' dir='ltr'><strong>mea</strong></span> <span class='ocrx_word' id='word_1_180' title='bbox 375 1262 503 1303; x_wconf 84' lang='lat' dir='ltr'><strong>laude</strong></span> <span class='ocrx_word' id='word_1_181' title='bbox 531 1261 704 1304; x_wconf 84' lang='lat' dir='ltr'><strong>fierent.</strong></span> <span class='ocrx_word' id='word_1_182' title='bbox 777 1262 909 1312; x_wconf 81' lang='lat' dir='ltr'><strong>Quod</strong></span> <span class='ocrx_word' id='word_1_183' title='bbox 947 1263 986 1302; x_wconf 85' lang='lat' dir='ltr'><strong>si</strong></span> <span class='ocrx_word' id='word_1_184' title='bbox 1023 1261 1105 1301; x_wconf 81' lang='lat' dir='ltr'><strong>tibi</strong></span> <span class='ocrx_word' id='word_1_185' title='bbox 1132 1275 1320 1316; x_wconf 86' lang='lat' dir='ltr'><strong>unquam</strong></span> <span class='ocrx_word' id='word_1_186' title='bbox 1360 1274 1456 1302; x_wconf 80' lang='lat' dir='ltr'><strong>sum</strong></span> <span class='ocrx_word' id='word_1_187' title='bbox 1484 1262 1606 1303; x_wconf 81' lang='lat' dir='ltr'><strong>visus</strong></span> 
     </span>
     <span class='ocr_line' id='line_1_22' title="bbox 113 1316 1605 1373; baseline -0.001 -14"><span class='ocrx_word' id='word_1_188' title='bbox 113 1318 162 1359; x_wconf 87' lang='lat' dir='ltr'><strong>in</strong></span> <span class='ocrx_word' id='word_1_189' title='bbox 193 1331 242 1360; x_wconf 89' lang='lat' dir='ltr'><strong>re</strong></span> <span class='ocrx_word' id='word_1_190' title='bbox 268 1319 445 1373; x_wconf 86' lang='lat' dir='ltr'><strong>publica</strong></span> <span class='ocrx_word' id='word_1_191' title='bbox 474 1317 630 1368; x_wconf 79' lang='lat' dir='ltr'><strong>fortis,</strong></span> <span class='ocrx_word' id='word_1_192' title='bbox 675 1321 796 1360; x_wconf 83' lang='lat' dir='ltr'><strong>certe</strong></span> <span class='ocrx_word' id='word_1_193' title='bbox 824 1331 896 1359; x_wconf 88' lang='lat' dir='ltr'><strong>me</strong></span> <span class='ocrx_word' id='word_1_194' title='bbox 923 1318 970 1358; x_wconf 89' lang='lat' dir='ltr'><strong>in</strong></span> <span class='ocrx_word' id='word_1_195' title='bbox 998 1316 1076 1356; x_wconf 85' lang='lat' dir='ltr'><strong>illa</strong></span> <span class='ocrx_word' id='word_1_196' title='bbox 1105 1329 1237 1357; x_wconf 84' lang='lat' dir='ltr'><strong>causa</strong></span> <span class='ocrx_word' id='word_1_197' title='bbox 1266 1317 1508 1357; x_wconf 84' lang='lat' dir='ltr'><strong>admiratus</strong></span> <span class='ocrx_word' id='word_1_198' title='bbox 1539 1330 1605 1357; x_wconf 86' lang='lat' dir='ltr'><strong>es-</strong></span> 
     </span>
     <span class='ocr_line' id='line_1_23' title="bbox 111 1373 1605 1426; baseline -0.001 -12"><span class='ocrx_word' id='word_1_199' title='bbox 111 1387 204 1416; x_wconf 74' lang='lat' dir='ltr'><strong>ses.</strong></span> <span class='ocrx_word' id='word_1_200' title='bbox 273 1373 422 1424; x_wconf 82' lang='lat' dir='ltr'><strong>Quum</strong></span> <span class='ocrx_word' id='word_1_201' title='bbox 460 1373 578 1414; x_wconf 84' lang='lat' dir='ltr'><strong>enim</strong></span> <span class='ocrx_word' id='word_1_202' title='bbox 616 1373 695 1415; x_wconf 86' lang='lat' dir='ltr'><strong>ille</strong></span> <span class='ocrx_word' id='word_1_203' title='bbox 734 1374 790 1414; x_wconf 84' lang='lat' dir='ltr'><strong>ad</strong></span> <span class='ocrx_word' id='word_1_204' title='bbox 830 1373 1063 1415; x_wconf 87' lang='lat' dir='ltr'><strong>conciones</strong></span> <span class='ocrx_word' id='word_1_205' title='bbox 1093 1373 1364 1426; x_wconf 84' lang='lat' dir='ltr'><strong>confugisset</strong></span> <span class='ocrx_word' id='word_1_206' title='bbox 1390 1373 1436 1412; x_wconf 89' lang='lat' dir='ltr'><strong>in</strong></span> <span class='ocrx_word' id='word_1_207' title='bbox 1464 1373 1605 1426; x_wconf 87' lang='lat' dir='ltr'><strong>iisque</strong></span> 
     </span>
     <span class='ocr_line' id='line_1_24' title="bbox 113 1428 1604 1482; baseline -0.001 -12"><span class='ocrx_word' id='word_1_208' title='bbox 113 1443 219 1472; x_wconf 89' lang='lat' dir='ltr'><strong>meo</strong></span> <span class='ocrx_word' id='word_1_209' title='bbox 256 1430 433 1471; x_wconf 88' lang='lat' dir='ltr'><strong>nomine</strong></span> <span class='ocrx_word' id='word_1_210' title='bbox 475 1428 533 1470; x_wconf 84' lang='lat' dir='ltr'><strong>ad</strong></span> <span class='ocrx_word' id='word_1_211' title='bbox 570 1428 782 1470; x_wconf 86' lang='lat' dir='ltr'><strong>invidiam</strong></span> <span class='ocrx_word' id='word_1_212' title='bbox 811 1432 1021 1479; x_wconf 74' lang='lat' dir='ltr'><strong>uteretur,</strong></span> <span class='ocrx_word' id='word_1_213' title='bbox 1052 1428 1116 1469; x_wconf 87' lang='lat' dir='ltr'><strong>dii</strong></span> <span class='ocrx_word' id='word_1_214' title='bbox 1144 1428 1437 1469; x_wconf 82' lang='lat' dir='ltr'><strong>immortales!</strong></span> <span class='ocrx_word' id='word_1_215' title='bbox 1497 1441 1604 1482; x_wconf 85' lang='lat' dir='ltr'><strong>quas</strong></span> 
     </span>
     <span class='ocr_line' id='line_1_25' title="bbox 111 1483 1603 1542; baseline -0.001 -16"><span class='ocrx_word' id='word_1_216' title='bbox 111 1498 200 1541; x_wconf 79' lang='lat' dir='ltr'><strong>ego</strong></span> <span class='ocrx_word' id='word_1_217' title='bbox 229 1499 395 1542; x_wconf 82' lang='lat' dir='ltr'><strong>pugnas</strong></span> <span class='ocrx_word' id='word_1_218' title='bbox 425 1488 471 1528; x_wconf 81' lang='lat' dir='ltr'><strong>et</strong></span> <span class='ocrx_word' id='word_1_219' title='bbox 497 1487 681 1540; x_wconf 73' lang='lat' dir='ltr'><strong>quantas</strong></span> <span class='ocrx_word' id='word_1_220' title='bbox 711 1489 880 1541; x_wconf 83' lang='lat' dir='ltr'><strong>strages</strong></span> <span class='ocrx_word' id='word_1_221' title='bbox 909 1484 1050 1527; x_wconf 81' lang='lat' dir='ltr'><strong>edidi!</strong></span> <span class='ocrx_word' id='word_1_222' title='bbox 1105 1497 1213 1539; x_wconf 90' lang='lat' dir='ltr'><strong>quos</strong></span> <span class='ocrx_word' id='word_1_223' title='bbox 1242 1485 1430 1539; x_wconf 85' lang='lat' dir='ltr'><strong>impetus</strong></span> <span class='ocrx_word' id='word_1_224' title='bbox 1459 1483 1505 1525; x_wconf 88' lang='lat' dir='ltr'><strong>in</strong></span> <span class='ocrx_word' id='word_1_225' title='bbox 1523 1484 1603 1527; x_wconf 88' lang='lat' dir='ltr'><strong>Pi-</strong></span> 
     </span>
    </p>
   </div>
   <div class='ocr_carea' id='block_1_6' title="bbox 107 1638 1605 2793">
    <p class='ocr_par' dir='ltr' id='par_1_6' title="bbox 107 1638 1605 2793">
     <span class='ocr_line' id='line_1_26' title="bbox 215 1638 1605 1686; baseline 0.001 -10"><span class='ocrx_word' id='word_1_226' title='bbox 215 1643 248 1677; x_wconf 84' lang='grc'><strong>1.</strong></span> <span class='ocrx_word' id='word_1_227' title='bbox 288 1642 385 1686; x_wconf 78' lang='lat' dir='ltr'><strong>quod</strong></span> <span class='ocrx_word' id='word_1_228' title='bbox 409 1666 419 1674; x_wconf 90' lang='lat'><strong>.</strong></span> <span class='ocrx_word' id='word_1_229' title='bbox 447 1665 455 1674; x_wconf 92' lang='lat'><strong>.</strong></span> <span class='ocrx_word' id='word_1_230' title='bbox 482 1641 661 1683; x_wconf 77' lang='lat' dir='ltr'><strong>.sactum</strong></span> <span class='ocrx_word' id='word_1_231' title='bbox 683 1638 746 1681; x_wconf 73' lang='lat' dir='ltr'><strong>eit,</strong></span> <span class='ocrx_word' id='word_1_232' title='bbox 782 1638 967 1680; x_wconf 84' lang='lat' dir='ltr'><strong>evenerit,</strong></span> <span class='ocrx_word' id='word_1_233' title='bbox 1007 1638 1087 1672; x_wconf 81' lang='lat' dir='ltr'><strong>dass</strong></span> <span class='ocrx_word' id='word_1_234' title='bbox 1129 1639 1250 1674; x_wconf 85' lang='lat' dir='ltr'><strong>dieser</strong></span> <span class='ocrx_word' id='word_1_235' title='bbox 1287 1639 1605 1677; x_wconf 75' lang='lat' dir='ltr'><strong>Geriehtshandel</strong></span> 
     </span>
     <span class='ocr_line' id='line_1_27' title="bbox 109 1687 1605 1732; baseline -0.004 -8"><span class='ocrx_word' id='word_1_236' title='bbox 109 1688 316 1731; x_wconf 65' lang='lat' dir='ltr'><strong>(hudicium</strong></span> <span class='ocrx_word' id='word_1_237' title='bbox 351 1687 569 1726; x_wconf 78' lang='lat' dir='ltr'><strong>Clodianum</strong></span> <span class='ocrx_word' id='word_1_238' title='bbox 601 1688 648 1721; x_wconf 85' lang='lat' dir='ltr'><strong>de</strong></span> <span class='ocrx_word' id='word_1_239' title='bbox 678 1687 824 1721; x_wconf 84' lang='lat' dir='ltr'><strong>violatis</strong></span> <span class='ocrx_word' id='word_1_240' title='bbox 860 1687 1001 1729; x_wconf 77' lang='lat' dir='ltr'><strong>sacris)</strong></span> <span class='ocrx_word' id='word_1_241' title='bbox 1036 1687 1144 1720; x_wconf 84' lang='lat' dir='ltr'><strong>einen</strong></span> <span class='ocrx_word' id='word_1_242' title='bbox 1168 1688 1235 1722; x_wconf 87' lang='lat' dir='ltr'><strong>der</strong></span> <span class='ocrx_word' id='word_1_243' title='bbox 1260 1689 1503 1732; x_wconf 78' lang='lat' dir='ltr'><strong>allgemeinen</strong></span> <span class='ocrx_word' id='word_1_244' title='bbox 1528 1692 1605 1725; x_wconf 73' lang='lat' dir='ltr'><strong>Er..</strong></span> 
     </span>
     <span class='ocr_line' id='line_1_28' title="bbox 109 1735 1604 1783; baseline 0.001 -13"><span class='ocrx_word' id='word_1_245' title='bbox 109 1745 289 1783; x_wconf 75' lang='lat' dir='ltr'><strong>wartung</strong></span> <span class='ocrx_word' id='word_1_246' title='bbox 314 1749 355 1771; x_wconf 80' lang='lat' dir='ltr'><strong>so</strong></span> <span class='ocrx_word' id='word_1_247' title='bbox 381 1737 549 1771; x_wconf 82' lang='lat' dir='ltr'><strong>zuwider</strong></span> <span class='ocrx_word' id='word_1_248' title='bbox 572 1735 774 1769; x_wconf 80' lang='lat' dir='ltr'><strong>laufenden</strong></span> <span class='ocrx_word' id='word_1_249' title='bbox 800 1736 972 1779; x_wconf 75' lang='lat' dir='ltr'><strong>Ausgang</strong></span> <span class='ocrx_word' id='word_1_250' title='bbox 997 1745 1222 1779; x_wconf 87' lang='lat' dir='ltr'><strong>genommen</strong></span> <span class='ocrx_word' id='word_1_251' title='bbox 1250 1735 1323 1770; x_wconf 83' lang='lat' dir='ltr'><strong>hat.</strong></span> <span class='ocrx_word' id='word_1_252' title='bbox 1384 1739 1491 1771; x_wconf 87' lang='lat' dir='ltr'><strong>Denn</strong></span> <span class='ocrx_word' id='word_1_253' title='bbox 1523 1740 1604 1773; x_wconf 83' lang='lat' dir='ltr'><strong>Alle</strong></span> 
     </span>
     <span class='ocr_line' id='line_1_29' title="bbox 109 1783 1603 1831; baseline 0.002 -12"><span class='ocrx_word' id='word_1_254' title='bbox 109 1784 249 1821; x_wconf 75' lang='lat' dir='ltr'><strong>hatten</strong></span> <span class='ocrx_word' id='word_1_255' title='bbox 275 1791 470 1825; x_wconf 78' lang='lat' dir='ltr'><strong>erwartet,</strong></span> <span class='ocrx_word' id='word_1_256' title='bbox 521 1785 581 1818; x_wconf 90' lang='lat' dir='ltr'><strong>die</strong></span> <span class='ocrx_word' id='word_1_257' title='bbox 605 1783 762 1817; x_wconf 84' lang='lat' dir='ltr'><strong>Richter</strong></span> <span class='ocrx_word' id='word_1_258' title='bbox 787 1783 944 1816; x_wconf 72' lang='lat' dir='ltr'><strong>wurden</strong></span> <span class='ocrx_word' id='word_1_259' title='bbox 971 1783 1057 1816; x_wconf 86' lang='lat' dir='ltr'><strong>dem</strong></span> <span class='ocrx_word' id='word_1_260' title='bbox 1081 1783 1368 1818; x_wconf 79' lang='lat' dir='ltr'><strong>Rathsschlusse</strong></span> <span class='ocrx_word' id='word_1_261' title='bbox 1392 1785 1430 1818; x_wconf 87' lang='lat' dir='ltr'><strong>in</strong></span> <span class='ocrx_word' id='word_1_262' title='bbox 1456 1798 1515 1831; x_wconf 87' lang='lat' dir='ltr'><strong>ep.</strong></span> <span class='ocrx_word' id='word_1_263' title='bbox 1546 1789 1603 1822; x_wconf 81' lang='lat'><strong>19.</strong></span> 
     </span>
     <span class='ocr_line' id='line_1_30' title="bbox 108 1831 1601 1878; baseline 0 -10"><span class='ocrx_word' id='word_1_264' title='bbox 108 1837 267 1878; x_wconf 60' lang='lat' dir='ltr'><strong>ggemass</strong></span> <span class='ocrx_word' id='word_1_265' title='bbox 300 1845 386 1868; x_wconf 89' lang='lat' dir='ltr'><strong>vom</strong></span> <span class='ocrx_word' id='word_1_266' title='bbox 418 1834 553 1867; x_wconf 59' lang='lat' dir='ltr'><strong>Pri-{tor</strong></span> <span class='ocrx_word' id='word_1_267' title='bbox 586 1831 768 1877; x_wconf 70' lang='lat' dir='ltr'><strong>gew5h1t‚</strong></span> <span class='ocrx_word' id='word_1_268' title='bbox 812 1831 889 1864; x_wconf 87' lang='lat' dir='ltr'><strong>und</strong></span> <span class='ocrx_word' id='word_1_269' title='bbox 924 1842 964 1864; x_wconf 88' lang='lat' dir='ltr'><strong>so</strong></span> <span class='ocrx_word' id='word_1_270' title='bbox 997 1831 1145 1866; x_wconf 82' lang='lat' dir='ltr'><strong>Clodius</strong></span> <span class='ocrx_word' id='word_1_271' title='bbox 1184 1833 1404 1866; x_wconf 83' lang='lat' dir='ltr'><strong>verurtheilt</strong></span> <span class='ocrx_word' id='word_1_272' title='bbox 1437 1835 1601 1868; x_wconf 82' lang='lat' dir='ltr'><strong>werden.</strong></span> 
     </span>
     <span class='ocr_line' id='line_1_31' title="bbox 107 1879 1602 1926; baseline -0.005 -8"><span class='ocrx_word' id='word_1_273' title='bbox 107 1879 221 1921; x_wconf 73' lang='lat' dir='ltr'><strong>&#39;Uber</strong></span> <span class='ocrx_word' id='word_1_274' title='bbox 243 1886 395 1926; x_wconf 81' lang='lat' dir='ltr'><strong>praeter</strong></span> <span class='ocrx_word' id='word_1_275' title='bbox 419 1895 468 1914; x_wconf 73' lang='lat'><strong>:1</strong></span> <span class='ocrx_word' id='word_1_276' title='bbox 494 1882 623 1922; x_wconf 87' lang='lat' dir='ltr'><strong>wider,</strong></span> <span class='ocrx_word' id='word_1_277' title='bbox 649 1891 676 1912; x_wconf 87' lang='lat' dir='ltr'><strong>s.</strong></span> <span class='ocrx_word' id='word_1_278' title='bbox 694 1879 847 1913; x_wconf 81' lang='lat' dir='ltr'><strong>Ramsh.</strong></span> <span class='ocrx_word' id='word_1_279' title='bbox 875 1881 905 1923; x_wconf 60' lang='grc' dir='ltr'><strong>ξ.</strong></span> <span class='ocrx_word' id='word_1_280' title='bbox 934 1879 1012 1914; x_wconf 89' lang='lat'><strong>137.</strong></span> <span class='ocrx_word' id='word_1_281' title='bbox 1039 1881 1072 1915; x_wconf 87' lang='lat'><strong>5.</strong></span> <span class='ocrx_word' id='word_1_282' title='bbox 1123 1882 1259 1924; x_wconf 86' lang='lat' dir='ltr'><strong>Zumpt</strong></span> <span class='ocrx_word' id='word_1_283' title='bbox 1290 1884 1317 1925; x_wconf 67' lang='grc' dir='ltr'><strong>ξ).</strong></span> <span class='ocrx_word' id='word_1_284' title='bbox 1343 1883 1425 1916; x_wconf 80' lang='grc'><strong>302.</strong></span> <span class='ocrx_word' id='word_1_285' title='bbox 1451 1900 1495 1908; x_wconf 87' lang='lat'>-</span> <span class='ocrx_word' id='word_1_286' title='bbox 1536 1894 1602 1926; x_wconf 71' lang='lat' dir='ltr'><strong>quo</strong></span> 
     </span>
     <span class='ocr_line' id='line_1_32' title="bbox 114 1925 1601 1976; baseline -0.002 -10"><span class='ocrx_word' id='word_1_287' title='bbox 114 1933 222 1966; x_wconf 84' lang='lat' dir='ltr'><strong>modo</strong></span> <span class='ocrx_word' id='word_1_288' title='bbox 247 1931 407 1973; x_wconf 82' lang='lat' dir='ltr'><strong>(factum</strong></span> <span class='ocrx_word' id='word_1_289' title='bbox 420 1929 481 1971; x_wconf 88' lang='lat' dir='ltr'><strong>sit,</strong></span> <span class='ocrx_word' id='word_1_290' title='bbox 507 1937 548 1964; x_wconf 83' lang='lat' dir='ltr'><strong>ut</strong></span> <span class='ocrx_word' id='word_1_291' title='bbox 564 1928 768 1976; x_wconf 70' lang='lat' dir='ltr'><strong>proeliatus</strong></span> <span class='ocrx_word' id='word_1_292' title='bbox 783 1928 869 1968; x_wconf 84' lang='lat' dir='ltr'><strong>sim)</strong></span> <span class='ocrx_word' id='word_1_293' title='bbox 894 1940 944 1957; x_wconf 72' lang='grc' dir='ltr'>Ξ</span> <span class='ocrx_word' id='word_1_294' title='bbox 971 1939 1121 1963; x_wconf 84' lang='lat' dir='ltr'><strong>warum.</strong></span> <span class='ocrx_word' id='word_1_295' title='bbox 1139 1925 1285 1962; x_wconf 77' lang='grc' dir='ltr'>-ὕστ,</span> <span class='ocrx_word' id='word_1_296' title='bbox 1311 1925 1435 1975; x_wconf 78' lang='grc' dir='ltr'><strong><em>πρόῐ.</em></strong></span> <span class='ocrx_word' id='word_1_297' title='bbox 1461 1928 1601 1976; x_wconf 81' lang='grc' dir='ltr'><strong><em>Ὁμηρ.</em></strong></span> 
     </span>
     <span class='ocr_line' id='line_1_33' title="bbox 115 1974 1601 2024; baseline -0.002 -10"><span class='ocrx_word' id='word_1_298' title='bbox 115 1981 250 2016; x_wconf 85' lang='lat' dir='ltr'><strong>ordine</strong></span> <span class='ocrx_word' id='word_1_299' title='bbox 275 1984 529 2024; x_wconf 80' lang='lat' dir='ltr'><strong>praepostero,</strong></span> <span class='ocrx_word' id='word_1_300' title='bbox 555 1977 772 2018; x_wconf 86' lang='lat' dir='ltr'><strong>Homerice,</strong></span> <span class='ocrx_word' id='word_1_301' title='bbox 797 1975 864 2008; x_wconf 80' lang='lat' dir='ltr'><strong>auf</strong></span> <span class='ocrx_word' id='word_1_302' title='bbox 887 1974 946 2007; x_wconf 76' lang='lat' dir='ltr'><strong>die</strong></span> <span class='ocrx_word' id='word_1_303' title='bbox 971 1977 1102 2010; x_wconf 84' lang='lat' dir='ltr'><strong>zweite</strong></span> <span class='ocrx_word' id='word_1_304' title='bbox 1127 1979 1242 2023; x_wconf 77' lang='lat' dir='ltr'><strong>Frage</strong></span> <span class='ocrx_word' id='word_1_305' title='bbox 1277 1989 1343 2010; x_wconf 89' lang='lat' dir='ltr'><strong>vor</strong></span> <span class='ocrx_word' id='word_1_306' title='bbox 1369 1977 1437 2010; x_wconf 90' lang='lat' dir='ltr'><strong>der</strong></span> <span class='ocrx_word' id='word_1_307' title='bbox 1464 1985 1601 2020; x_wconf 86' lang='lat' dir='ltr'><strong>ersten,</strong></span> 
     </span>
     <span class='ocr_line' id='line_1_34' title="bbox 111 2023 1601 2063; baseline -0.002 0"><span class='ocrx_word' id='word_1_308' title='bbox 111 2029 211 2063; x_wconf 83' lang='lat' dir='ltr'><strong>nach</strong></span> <span class='ocrx_word' id='word_1_309' title='bbox 234 2025 506 2062; x_wconf 83' lang='lat' dir='ltr'><strong>Homerischer</strong></span> <span class='ocrx_word' id='word_1_310' title='bbox 530 2026 667 2061; x_wconf 85' lang='lat' dir='ltr'><strong>Weise.</strong></span> <span class='ocrx_word' id='word_1_311' title='bbox 714 2023 749 2057; x_wconf 90' lang='lat' dir='ltr'><strong>S.</strong></span> <span class='ocrx_word' id='word_1_312' title='bbox 776 2025 808 2058; x_wconf 88' lang='lat'><strong>2.</strong></span> <span class='ocrx_word' id='word_1_313' title='bbox 834 2041 880 2047; x_wconf 91' lang='lat'>—</span> <span class='ocrx_word' id='word_1_314' title='bbox 904 2028 1014 2057; x_wconf 80' lang='lat' dir='ltr'><strong>senae.</strong></span> <span class='ocrx_word' id='word_1_315' title='bbox 1041 2028 1135 2059; x_wconf 79' lang='lat' dir='ltr'><strong>auct.</strong></span> <span class='ocrx_word' id='word_1_316' title='bbox 1160 2032 1203 2058; x_wconf 90' lang='lat' dir='ltr'><strong>ut</strong></span> <span class='ocrx_word' id='word_1_317' title='bbox 1227 2025 1407 2058; x_wconf 82' lang='lat' dir='ltr'><strong>nimirum</strong></span> <span class='ocrx_word' id='word_1_318' title='bbox 1433 2037 1475 2058; x_wconf 88' lang='lat' dir='ltr'><strong>ex</strong></span> <span class='ocrx_word' id='word_1_319' title='bbox 1494 2038 1601 2060; x_wconf 79' lang='lat' dir='ltr'><strong>sena·</strong></span> 
     </span>
     <span class='ocr_line' id='line_1_35' title="bbox 111 2071 1600 2119; baseline -0.003 -8"><span class='ocrx_word' id='word_1_320' title='bbox 111 2084 172 2111; x_wconf 81' lang='lat' dir='ltr'><strong>tus</strong></span> <span class='ocrx_word' id='word_1_321' title='bbox 198 2076 368 2110; x_wconf 84' lang='lat' dir='ltr'><strong>consulto</strong></span> <span class='ocrx_word' id='word_1_322' title='bbox 393 2083 587 2119; x_wconf 85' lang='lat' dir='ltr'><strong>praetores</strong></span> <span class='ocrx_word' id='word_1_323' title='bbox 613 2073 686 2107; x_wconf 86' lang='lat' dir='ltr'><strong>sibi</strong></span> <span class='ocrx_word' id='word_1_324' title='bbox 710 2072 880 2117; x_wconf 83' lang='lat' dir='ltr'><strong>legerent</strong></span> <span class='ocrx_word' id='word_1_325' title='bbox 905 2071 1050 2105; x_wconf 84' lang='lat' dir='ltr'><strong>iudices</strong></span> <span class='ocrx_word' id='word_1_326' title='bbox 1076 2073 1112 2105; x_wconf 88' lang='lat' dir='ltr'><strong>in</strong></span> <span class='ocrx_word' id='word_1_327' title='bbox 1137 2073 1276 2106; x_wconf 87' lang='lat' dir='ltr'><strong>iudicio</strong></span> <span class='ocrx_word' id='word_1_328' title='bbox 1304 2073 1508 2115; x_wconf 69' lang='lat' dir='ltr'><strong>Clodiano,</strong></span> <span class='ocrx_word' id='word_1_329' title='bbox 1535 2086 1600 2107; x_wconf 80' lang='lat' dir='ltr'><strong>ea-</strong></span> 
     </span>
     <span class='ocr_line' id='line_1_36' title="bbox 112 2114 1599 2171; baseline -0.002 -12"><span class='ocrx_word' id='word_1_330' title='bbox 112 2137 186 2171; x_wconf 84' lang='lat' dir='ltr'><strong>que</strong></span> <span class='ocrx_word' id='word_1_331' title='bbox 212 2125 360 2168; x_wconf 84' lang='lat' dir='ltr'><strong>rogatio</strong></span> <span class='ocrx_word' id='word_1_332' title='bbox 387 2121 433 2154; x_wconf 77' lang='lat' dir='ltr'><strong>ad</strong></span> <span class='ocrx_word' id='word_1_333' title='bbox 459 2124 638 2170; x_wconf 84' lang='lat' dir='ltr'><strong>populum</strong></span> <span class='ocrx_word' id='word_1_334' title='bbox 658 2123 835 2155; x_wconf 81' lang='lat' dir='ltr'><strong>ferretur.</strong></span> <span class='ocrx_word' id='word_1_335' title='bbox 870 2114 1085 2154; x_wconf 83' lang='lat' dir='ltr'><strong>SGHUTZ.</strong></span> <span class='ocrx_word' id='word_1_336' title='bbox 1113 2141 1156 2145; x_wconf 97' lang='lat'><strong>—</strong></span> <span class='ocrx_word' id='word_1_337' title='bbox 1184 2132 1397 2162; x_wconf 80' lang='lat' dir='ltr'><strong>concursus,</strong></span> <span class='ocrx_word' id='word_1_338' title='bbox 1432 2121 1511 2155; x_wconf 79' lang='lat' dir='ltr'><strong>dass</strong></span> <span class='ocrx_word' id='word_1_339' title='bbox 1538 2123 1599 2156; x_wconf 86' lang='lat' dir='ltr'><strong>die</strong></span> 
     </span>
     <span class='ocr_line' id='line_1_37' title="bbox 111 2167 1600 2207; baseline -0.003 0"><span class='ocrx_word' id='word_1_340' title='bbox 111 2172 365 2207; x_wconf 77' lang='lat' dir='ltr'><strong>Anwesenden</strong></span> <span class='ocrx_word' id='word_1_341' title='bbox 400 2170 658 2206; x_wconf 81' lang='lat' dir='ltr'><strong>haufenweise</strong></span> <span class='ocrx_word' id='word_1_342' title='bbox 693 2175 801 2202; x_wconf 84' lang='lat' dir='ltr'><strong>unter</strong></span> <span class='ocrx_word' id='word_1_343' title='bbox 837 2167 922 2202; x_wconf 87' lang='lat' dir='ltr'><strong>dem</strong></span> <span class='ocrx_word' id='word_1_344' title='bbox 958 2168 1136 2202; x_wconf 76' lang='lat' dir='ltr'><strong>lautesten</strong></span> <span class='ocrx_word' id='word_1_345' title='bbox 1167 2170 1304 2202; x_wconf 77' lang='lat' dir='ltr'><strong>Beifan</strong></span> <span class='ocrx_word' id='word_1_346' title='bbox 1340 2170 1404 2202; x_wconf 77' lang='lat' dir='ltr'><strong>auf</strong></span> <span class='ocrx_word' id='word_1_347' title='bbox 1431 2170 1600 2204; x_wconf 83' lang='lat' dir='ltr'><strong>Cicero&#39;s</strong></span> 
     </span>
     <span class='ocr_line' id='line_1_38' title="bbox 112 2216 1599 2263; baseline -0.003 -7"><span class='ocrx_word' id='word_1_348' title='bbox 112 2222 214 2255; x_wconf 85' lang='lat' dir='ltr'><strong>Seite</strong></span> <span class='ocrx_word' id='word_1_349' title='bbox 240 2225 374 2253; x_wconf 84' lang='lat' dir='ltr'><strong>traten.</strong></span> <span class='ocrx_word' id='word_1_350' title='bbox 400 2236 444 2243; x_wconf 89' lang='lat'><em>-</em></span> <span class='ocrx_word' id='word_1_351' title='bbox 479 2221 518 2254; x_wconf 82' lang='lat' dir='ltr'><strong>in</strong></span> <span class='ocrx_word' id='word_1_352' title='bbox 545 2230 586 2252; x_wconf 87' lang='lat' dir='ltr'><strong>re</strong></span> <span class='ocrx_word' id='word_1_353' title='bbox 609 2229 664 2263; x_wconf 82' lang='lat' dir='ltr'><strong>p.,</strong></span> <span class='ocrx_word' id='word_1_354' title='bbox 699 2217 760 2250; x_wconf 88' lang='lat' dir='ltr'><strong>bei</strong></span> <span class='ocrx_word' id='word_1_355' title='bbox 786 2216 917 2261; x_wconf 84' lang='lat' dir='ltr'><strong>irgend</strong></span> <span class='ocrx_word' id='word_1_356' title='bbox 943 2217 1046 2250; x_wconf 80' lang='lat' dir='ltr'><strong>einer</strong></span> <span class='ocrx_word' id='word_1_357' title='bbox 1072 2217 1134 2250; x_wconf 75' lang='lat' dir='ltr'><strong>das</strong></span> <span class='ocrx_word' id='word_1_358' title='bbox 1161 2218 1274 2251; x_wconf 82' lang='lat' dir='ltr'><strong>Wohl</strong></span> <span class='ocrx_word' id='word_1_359' title='bbox 1299 2216 1362 2251; x_wconf 87' lang='lat' dir='ltr'><strong>des</strong></span> <span class='ocrx_word' id='word_1_360' title='bbox 1386 2217 1508 2250; x_wconf 72' lang='lat' dir='ltr'><strong>staats</strong></span> <span class='ocrx_word' id='word_1_361' title='bbox 1535 2219 1599 2251; x_wconf 85' lang='lat' dir='ltr'><strong>he—</strong></span> 
     </span>
     <span class='ocr_line' id='line_1_39' title="bbox 112 2265 1601 2308; baseline -0.002 -5"><span class='ocrx_word' id='word_1_362' title='bbox 112 2268 327 2303; x_wconf 82' lang='lat' dir='ltr'><strong>treffenden</strong></span> <span class='ocrx_word' id='word_1_363' title='bbox 361 2267 600 2302; x_wconf 80' lang='lat' dir='ltr'><strong>Streitsache.</strong></span> <span class='ocrx_word' id='word_1_364' title='bbox 640 2284 683 2291; x_wconf 89' lang='lat'><strong>—-</strong></span> <span class='ocrx_word' id='word_1_365' title='bbox 717 2265 765 2297; x_wconf 84' lang='lat' dir='ltr'><strong>ad</strong></span> <span class='ocrx_word' id='word_1_366' title='bbox 794 2275 891 2298; x_wconf 82' lang='lat' dir='ltr'><strong>conc.</strong></span> <span class='ocrx_word' id='word_1_367' title='bbox 927 2266 1025 2306; x_wconf 80' lang='lat' dir='ltr'><strong>conf.</strong></span> <span class='ocrx_word' id='word_1_368' title='bbox 1076 2265 1226 2299; x_wconf 89' lang='lat' dir='ltr'><strong>Clodius</strong></span> <span class='ocrx_word' id='word_1_369' title='bbox 1250 2265 1360 2308; x_wconf 83' lang='lat' dir='ltr'><strong>hielt,</strong></span> <span class='ocrx_word' id='word_1_370' title='bbox 1394 2265 1460 2298; x_wconf 75' lang='lat' dir='ltr'><strong>auf</strong></span> <span class='ocrx_word' id='word_1_371' title='bbox 1485 2267 1601 2300; x_wconf 86' lang='lat' dir='ltr'><strong>Piso&#39;s</strong></span> 
     </span>
     <span class='ocr_line' id='line_1_40' title="bbox 112 2312 1600 2352; baseline -0.003 -1"><span class='ocrx_word' id='word_1_372' title='bbox 112 2318 189 2352; x_wconf 78' lang='lat' dir='ltr'><strong>und</strong></span> <span class='ocrx_word' id='word_1_373' title='bbox 214 2316 368 2350; x_wconf 79' lang='lat' dir='ltr'><strong>anderer</strong></span> <span class='ocrx_word' id='word_1_374' title='bbox 394 2314 648 2350; x_wconf 84' lang='lat' dir='ltr'><strong>bedentender</strong></span> <span class='ocrx_word' id='word_1_375' title='bbox 673 2315 835 2348; x_wconf 66' lang='lat' dir='ltr'><strong>Miinner</strong></span> <span class='ocrx_word' id='word_1_376' title='bbox 859 2312 1069 2347; x_wconf 79' lang='lat' dir='ltr'><strong>Nachsicht</strong></span> <span class='ocrx_word' id='word_1_377' title='bbox 1094 2314 1169 2346; x_wconf 85' lang='lat' dir='ltr'><strong>und</strong></span> <span class='ocrx_word' id='word_1_378' title='bbox 1195 2313 1330 2346; x_wconf 85' lang='lat' dir='ltr'><strong>Schutz</strong></span> <span class='ocrx_word' id='word_1_379' title='bbox 1355 2313 1436 2346; x_wconf 83' lang='lat' dir='ltr'><strong>sich</strong></span> <span class='ocrx_word' id='word_1_380' title='bbox 1463 2314 1600 2347; x_wconf 76' lang='lat' dir='ltr'><strong>verlas-</strong></span> 
     </span>
     <span class='ocr_line' id='line_1_41' title="bbox 113 2361 1598 2406; baseline -0.003 -7"><span class='ocrx_word' id='word_1_381' title='bbox 113 2366 218 2406; x_wconf 72' lang='lat' dir='ltr'><strong>send,</strong></span> <span class='ocrx_word' id='word_1_382' title='bbox 247 2377 303 2398; x_wconf 88' lang='lat' dir='ltr'><strong>wo</strong></span> <span class='ocrx_word' id='word_1_383' title='bbox 329 2374 369 2396; x_wconf 83' lang='lat' dir='ltr'><strong>er</strong></span> <span class='ocrx_word' id='word_1_384' title='bbox 395 2366 479 2398; x_wconf 88' lang='lat' dir='ltr'><strong>eine</strong></span> <span class='ocrx_word' id='word_1_385' title='bbox 505 2367 642 2406; x_wconf 84' lang='lat' dir='ltr'><strong>Menge</strong></span> <span class='ocrx_word' id='word_1_386' title='bbox 669 2362 782 2394; x_wconf 84' lang='lat' dir='ltr'><strong>Volks</strong></span> <span class='ocrx_word' id='word_1_387' title='bbox 808 2373 854 2394; x_wconf 82' lang='lat' dir='ltr'><strong>an</strong></span> <span class='ocrx_word' id='word_1_388' title='bbox 883 2361 1007 2393; x_wconf 86' lang='lat' dir='ltr'><strong>einem</strong></span> <span class='ocrx_word' id='word_1_389' title='bbox 1031 2362 1248 2406; x_wconf 70' lang='lat' dir='ltr'><strong>R1arkttage</strong></span> <span class='ocrx_word' id='word_1_390' title='bbox 1279 2361 1368 2394; x_wconf 81' lang='lat' dir='ltr'><strong>oder</strong></span> <span class='ocrx_word' id='word_1_391' title='bbox 1394 2368 1495 2395; x_wconf 81' lang='lat' dir='ltr'><strong>sonst</strong></span> <span class='ocrx_word' id='word_1_392' title='bbox 1523 2363 1598 2395; x_wconf 82' lang='lat' dir='ltr'><strong>bei-</strong></span> 
     </span>
     <span class='ocr_line' id='line_1_42' title="bbox 113 2409 1597 2449; baseline -0.003 -2"><span class='ocrx_word' id='word_1_393' title='bbox 113 2424 279 2447; x_wconf 78' lang='lat' dir='ltr'><strong>sammen</strong></span> <span class='ocrx_word' id='word_1_394' title='bbox 305 2412 381 2449; x_wconf 77' lang='lat' dir='ltr'><strong>sah,</strong></span> <span class='ocrx_word' id='word_1_395' title='bbox 418 2413 509 2446; x_wconf 86' lang='lat' dir='ltr'><strong>oder</strong></span> <span class='ocrx_word' id='word_1_396' title='bbox 543 2412 660 2444; x_wconf 86' lang='lat' dir='ltr'><strong>selbst</strong></span> <span class='ocrx_word' id='word_1_397' title='bbox 685 2410 788 2442; x_wconf 76' lang='lat' dir='ltr'><strong>hatte</strong></span> <span class='ocrx_word' id='word_1_398' title='bbox 824 2420 1038 2442; x_wconf 77' lang='lat' dir='ltr'><strong>zusammen</strong></span> <span class='ocrx_word' id='word_1_399' title='bbox 1065 2410 1212 2442; x_wconf 81' lang='lat' dir='ltr'><strong>trciben</strong></span> <span class='ocrx_word' id='word_1_400' title='bbox 1238 2409 1378 2449; x_wconf 80' lang='lat' dir='ltr'><strong>lassen,</strong></span> <span class='ocrx_word' id='word_1_401' title='bbox 1420 2420 1480 2441; x_wconf 88' lang='lat' dir='ltr'><strong>um</strong></span> <span class='ocrx_word' id='word_1_402' title='bbox 1516 2410 1597 2443; x_wconf 86' lang='lat' dir='ltr'><strong>sich</strong></span> 
     </span>
     <span class='ocr_line' id='line_1_43' title="bbox 111 2457 1597 2498; baseline -0.003 -3"><span class='ocrx_word' id='word_1_403' title='bbox 111 2463 184 2495; x_wconf 84' lang='lat' dir='ltr'><strong>den</strong></span> <span class='ocrx_word' id='word_1_404' title='bbox 210 2461 351 2494; x_wconf 80' lang='lat' dir='ltr'><strong>Schutz</strong></span> <span class='ocrx_word' id='word_1_405' title='bbox 378 2459 443 2494; x_wconf 85' lang='lat' dir='ltr'><strong>des</strong></span> <span class='ocrx_word' id='word_1_406' title='bbox 469 2461 600 2494; x_wconf 76' lang='lat' dir='ltr'><strong>Pobels</strong></span> <span class='ocrx_word' id='word_1_407' title='bbox 626 2470 668 2491; x_wconf 87' lang='lat' dir='ltr'><strong>zu</strong></span> <span class='ocrx_word' id='word_1_408' title='bbox 693 2458 940 2498; x_wconf 76' lang='lat' dir='ltr'><strong>verschas-fen,</strong></span> <span class='ocrx_word' id='word_1_409' title='bbox 967 2457 1101 2490; x_wconf 87' lang='lat' dir='ltr'><strong>bittere</strong></span> <span class='ocrx_word' id='word_1_410' title='bbox 1127 2457 1429 2496; x_wconf 63' lang='lat' dir='ltr'><strong>Schmfihreden,</strong></span> <span class='ocrx_word' id='word_1_411' title='bbox 1466 2459 1597 2491; x_wconf 85' lang='lat' dir='ltr'><strong>beson-</strong></span> 
     </span>
     <span class='ocr_line' id='line_1_44' title="bbox 111 2504 1599 2549; baseline -0.003 -6"><span class='ocrx_word' id='word_1_412' title='bbox 111 2511 198 2543; x_wconf 80' lang='lat' dir='ltr'><strong>dcrs</strong></span> <span class='ocrx_word' id='word_1_413' title='bbox 223 2510 288 2542; x_wconf 77' lang='lat' dir='ltr'><strong>auf</strong></span> <span class='ocrx_word' id='word_1_414' title='bbox 314 2510 469 2548; x_wconf 78' lang='lat' dir='ltr'><strong>Cicero,</strong></span> <span class='ocrx_word' id='word_1_415' title='bbox 511 2509 563 2541; x_wconf 82' lang='lat' dir='ltr'><strong>als</strong></span> <span class='ocrx_word' id='word_1_416' title='bbox 591 2508 660 2540; x_wconf 84' lang='lat' dir='ltr'><strong>den</strong></span> <span class='ocrx_word' id='word_1_417' title='bbox 688 2508 825 2545; x_wconf 74' lang='lat' dir='ltr'><strong>Manu,</strong></span> <span class='ocrx_word' id='word_1_418' title='bbox 869 2505 935 2538; x_wconf 80' lang='lat' dir='ltr'><strong>der</strong></span> <span class='ocrx_word' id='word_1_419' title='bbox 960 2506 1103 2549; x_wconf 81' lang='lat' dir='ltr'><strong>Biirger</strong></span> <span class='ocrx_word' id='word_1_420' title='bbox 1130 2506 1255 2538; x_wconf 85' lang='lat' dir='ltr'><strong>hohen</strong></span> <span class='ocrx_word' id='word_1_421' title='bbox 1282 2504 1437 2538; x_wconf 74' lang='lat' dir='ltr'><strong>Standcs</strong></span> <span class='ocrx_word' id='word_1_422' title='bbox 1463 2518 1599 2539; x_wconf 82' lang='lat' dir='ltr'><strong>unver-</strong></span> 
     </span>
     <span class='ocr_line' id='line_1_45' title="bbox 110 2551 1598 2601; baseline -0.001 -13"><span class='ocrx_word' id='word_1_423' title='bbox 110 2557 268 2591; x_wconf 73' lang='lat' dir='ltr'><strong>urthcilt</strong></span> <span class='ocrx_word' id='word_1_424' title='bbox 296 2559 464 2601; x_wconf 66' lang='lat' dir='ltr'><strong>getiidtet</strong></span> <span class='ocrx_word' id='word_1_425' title='bbox 490 2557 568 2591; x_wconf 86' lang='lat' dir='ltr'><strong>und</strong></span> <span class='ocrx_word' id='word_1_426' title='bbox 595 2554 713 2588; x_wconf 82' lang='lat' dir='ltr'><strong>durch</strong></span> <span class='ocrx_word' id='word_1_427' title='bbox 742 2554 867 2588; x_wconf 82' lang='lat' dir='ltr'><strong>seinen</strong></span> <span class='ocrx_word' id='word_1_428' title='bbox 886 2553 1125 2587; x_wconf 76' lang='lat' dir='ltr'><strong>Widerstand</strong></span> <span class='ocrx_word' id='word_1_429' title='bbox 1152 2564 1270 2597; x_wconf 81' lang='lat' dir='ltr'><strong>gegen</strong></span> <span class='ocrx_word' id='word_1_430' title='bbox 1299 2553 1368 2585; x_wconf 79' lang='lat' dir='ltr'><strong>den</strong></span> <span class='ocrx_word' id='word_1_431' title='bbox 1387 2551 1598 2598; x_wconf 78' lang='lat' dir='ltr'><strong>Vorschlag</strong></span> 
     </span>
     <span class='ocr_line' id='line_1_46' title="bbox 111 2601 1596 2646; baseline -0.003 -8"><span class='ocrx_word' id='word_1_432' title='bbox 111 2607 175 2638; x_wconf 83' lang='lat' dir='ltr'><strong>des</strong></span> <span class='ocrx_word' id='word_1_433' title='bbox 209 2606 338 2638; x_wconf 78' lang='lat' dir='ltr'><strong>Rullus</strong></span> <span class='ocrx_word' id='word_1_434' title='bbox 372 2619 419 2639; x_wconf 83' lang='lat' dir='ltr'><strong>zu</strong></span> <span class='ocrx_word' id='word_1_435' title='bbox 460 2606 561 2637; x_wconf 77' lang='lat' dir='ltr'><strong>einer</strong></span> <span class='ocrx_word' id='word_1_436' title='bbox 596 2602 958 2645; x_wconf 61' lang='lat' dir='ltr'><strong>Aclterverthcilung</strong></span> <span class='ocrx_word' id='word_1_437' title='bbox 999 2603 1076 2643; x_wconf 84' lang='lat' dir='ltr'><strong>(lex</strong></span> <span class='ocrx_word' id='word_1_438' title='bbox 1110 2601 1278 2646; x_wconf 72' lang='lat' dir='ltr'><strong>agraria)</strong></span> <span class='ocrx_word' id='word_1_439' title='bbox 1317 2601 1400 2635; x_wconf 84' lang='lat' dir='ltr'><strong>dem</strong></span> <span class='ocrx_word' id='word_1_440' title='bbox 1435 2604 1596 2645; x_wconf 74' lang='lat' dir='ltr'><strong>Biirger-</strong></span> 
     </span>
     <span class='ocr_line' id='line_1_47' title="bbox 112 2648 1595 2697; baseline -0.002 -11"><span class='ocrx_word' id='word_1_441' title='bbox 112 2653 244 2686; x_wconf 72' lang='lat' dir='ltr'><strong>stando</strong></span> <span class='ocrx_word' id='word_1_442' title='bbox 273 2652 517 2695; x_wconf 78' lang='lat' dir='ltr'><strong>nnglanblich</strong></span> <span class='ocrx_word' id='word_1_443' title='bbox 543 2651 746 2697; x_wconf 74' lang='lat' dir='ltr'><strong>geschadet</strong></span> <span class='ocrx_word' id='word_1_444' title='bbox 771 2651 877 2684; x_wconf 77' lang='lat' dir='ltr'><strong>habe.</strong></span> <span class='ocrx_word' id='word_1_445' title='bbox 906 2669 948 2674; x_wconf 94' lang='lat'><em>-</em></span> <span class='ocrx_word' id='word_1_446' title='bbox 975 2650 1013 2683; x_wconf 77' lang='lat' dir='ltr'><strong>in</strong></span> <span class='ocrx_word' id='word_1_447' title='bbox 1037 2649 1174 2693; x_wconf 78' lang='lat' dir='ltr'><strong>iisque,</strong></span> <span class='ocrx_word' id='word_1_448' title='bbox 1202 2649 1308 2693; x_wconf 78' lang='lat' dir='ltr'><strong>einig.</strong></span> <span class='ocrx_word' id='word_1_449' title='bbox 1336 2649 1432 2696; x_wconf 85' lang='lat' dir='ltr'><strong>Agb.</strong></span> <span class='ocrx_word' id='word_1_450' title='bbox 1465 2648 1595 2692; x_wconf 78' lang='lat' dir='ltr'><strong>hisque.</strong></span> 
     </span>
     <span class='ocr_line' id='line_1_48' title="bbox 114 2697 1598 2741; baseline -0.003 -9"><span class='ocrx_word' id='word_1_451' title='bbox 114 2719 157 2726; x_wconf 92' lang='lat'>-</span> <span class='ocrx_word' id='word_1_452' title='bbox 186 2702 235 2733; x_wconf 79' lang='lat' dir='ltr'><strong>ad</strong></span> <span class='ocrx_word' id='word_1_453' title='bbox 259 2701 451 2740; x_wconf 73' lang='lat' dir='ltr'><strong>invidiam.</strong></span> <span class='ocrx_word' id='word_1_454' title='bbox 488 2713 552 2734; x_wconf 86' lang='lat' dir='ltr'><strong>um</strong></span> <span class='ocrx_word' id='word_1_455' title='bbox 580 2702 659 2734; x_wconf 65' lang='lat' dir='ltr'><strong>‘mir</strong></span> <span class='ocrx_word' id='word_1_456' title='bbox 685 2700 855 2731; x_wconf 76' lang='lat' dir='ltr'><strong>Schande</strong></span> <span class='ocrx_word' id='word_1_457' title='bbox 880 2698 1126 2740; x_wconf 60' lang='lat' dir='ltr'><strong>anzuhfingen</strong></span> <span class='ocrx_word' id='word_1_458' title='bbox 1161 2697 1237 2729; x_wconf 87' lang='lat' dir='ltr'><strong>und</strong></span> <span class='ocrx_word' id='word_1_459' title='bbox 1265 2698 1327 2729; x_wconf 74' lang='lat' dir='ltr'><strong>das</strong></span> <span class='ocrx_word' id='word_1_460' title='bbox 1356 2698 1451 2730; x_wconf 81' lang='lat' dir='ltr'><strong>volk</strong></span> <span class='ocrx_word' id='word_1_461' title='bbox 1479 2708 1598 2741; x_wconf 79' lang='lat' dir='ltr'><strong>gcgcn</strong></span> 
     </span>
     <span class='ocr_line' id='line_1_49' title="bbox 112 2745 1598 2793; baseline -0.003 -11"><span class='ocrx_word' id='word_1_462' title='bbox 112 2749 214 2782; x_wconf 76' lang='lat' dir='ltr'><strong>mich</strong></span> <span class='ocrx_word' id='word_1_463' title='bbox 241 2761 282 2782; x_wconf 76' lang='lat' dir='ltr'><strong>zu</strong></span> <span class='ocrx_word' id='word_1_464' title='bbox 309 2749 505 2783; x_wconf 75' lang='lat' dir='ltr'><strong>exbiuern.</strong></span> <span class='ocrx_word' id='word_1_465' title='bbox 522 2760 690 2793; x_wconf 81' lang='lat' dir='ltr'><strong>-quas..</strong></span> <span class='ocrx_word' id='word_1_466' title='bbox 715 2758 882 2790; x_wconf 78' lang='lat' dir='ltr'><strong>pugnas,</strong></span> <span class='ocrx_word' id='word_1_467' title='bbox 908 2747 945 2779; x_wconf 87' lang='lat' dir='ltr'><strong>in</strong></span> <span class='ocrx_word' id='word_1_468' title='bbox 971 2752 1101 2780; x_wconf 74' lang='lat' dir='ltr'><strong>senatu</strong></span> <span class='ocrx_word' id='word_1_469' title='bbox 1128 2746 1311 2779; x_wconf 77' lang='lat' dir='ltr'><strong>orationes</strong></span> <span class='ocrx_word' id='word_1_470' title='bbox 1338 2758 1454 2790; x_wconf 84' lang='lat' dir='ltr'><strong>quum</strong></span> <span class='ocrx_word' id='word_1_471' title='bbox 1482 2745 1598 2778; x_wconf 77' lang='lat' dir='ltr'><strong>habe·</strong></span> 
     </span>
    </p>
   </div>
   <div class='ocr_carea' id='block_1_7' title="bbox 1739 301 1742 455">
    <p class='ocr_par' dir='ltr' id='par_1_7' title="bbox 1739 301 1742 455">
     <span class='ocr_line' id='line_1_50' title="bbox 1739 301 1742 455; baseline 0 2551"><span class='ocrx_word' id='word_1_472' title='bbox 1739 301 1742 455; x_wconf 95' lang='lat' dir='ltr'><strong> </strong></span> 
     </span>
    </p>
   </div>
   <div class='ocr_carea' id='block_1_8' title="bbox 1712 719 1742 2316">
    <p class='ocr_par' dir='ltr' id='par_1_8' title="bbox 1712 719 1742 2316">
     <span class='ocr_line' id='line_1_51' title="bbox 1712 719 1742 2316; baseline 0 0"><span class='ocrx_word' id='word_1_473' title='bbox 1712 719 1742 2316; x_wconf 95' lang='lat' dir='ltr'><strong> </strong></span> 
     </span>
    </p>
   </div>
  </div>
 </body>
</html>
