1742 3006
109 83 203 133 524
392 83 458 126 M.
490 84 546 127 Τ.
579 79 922 125 CICERONIS
952 79 1328 147 EPISTQLAE.

109 211 274 254 genere
303 196 409 238 duci
439 200 486 238 et
530 195 753 237 delectari
791 194 986 236 videtur.
1046 194 1099 235 In
1130 208 1217 249 quo
1259 192 1471 248 quoniam
1509 193 1597 247 ipsi

108 268 283 310 quoque
314 253 493 304 fuimus,
522 252 747 305 patiamur
774 251 905 292 illum
935 251 1002 290 ire
1032 252 1200 291 nostris
1228 250 1492 299 itineribus3
1518 254 1596 289 'eo-

107 312 211 351 dem
240 310 358 352 enim
387 311 702 362 perventurum
733 320 830 348 esse
860 305 1142 348 confidimus.
1218 305 1308 347 Sed
1337 308 1516 358 tamen,
1556 305 1603 353 si

107 366 340 408 nobiscum
377 378 478 405 eum
518 377 594 404 rus
624 363 778 418 aliquo
808 361 1121 414 edum-imus,
1172 362 1218 402 in
1250 361 1369 403 hanc
1397 365 1596 403 nostram

109 423 328 464 rationem
358 419 812 473 consuetudinemque
842 418 1115 460 inducemus.
1174 418 1341 473 Magna
1370 418 1488 458 enim
1517 429 1595 456 no-

107 479 177 519 bis
207 491 232 519 a
262 480 306 517 te
335 477 568 531 proposita
597 488 768 516 merces
799 477 894 527 est,
943 486 1075 528 quam
1115 478 1237 515 certe
1276 477 1432 515 nostra
1463 473 1595 526 culpa

106 545 329 587 nunquam
357 532 503 573 minus
533 544 833 586 assequemur.
901 528 1075 578 Quibus
1105 531 1151 570 in
1182 530 1298 571 locis
1324 533 1369 570 et
1399 542 1487 584 qua
1516 541 1594 582 spe

108 589 386 635 hiematurus
416 589 494 641 sis,
525 587 583 628 ad
611 601 681 629 me
712 600 841 642 quam
863 585 1213 640 diligentissime
1243 586 1413 628 scribas
1441 585 1593 627 velim.

320 784 641 845 EPISTOLA
671 797 839 840 eLm.
899 798 976 851 (ad
1005 797 1060 848 Q.
1090 797 1167 840 Fr,
1197 796 1288 839 111.
1320 796 1382 847 4.)

355 876 436 913 scr.
464 877 526 912 1x.
552 875 631 910 Kal.
658 875 753 909 Nov.
781 875 822 908 A.
848 875 892 908 U.
922 876 960 910 c,
987 875 1067 910 700.
1118 874 1168 916 (a.
1198 874 1238 909 c.
1267 871 1342 917 54.)

100 948 159 979 De
186 945 353 979 Gabinio
380 952 536 991 propter
561 943 789 978 accusatoris
817 948 855 976 et
880 941 1178 987 subscriptorum
1205 939 1424 979 infantiam,
1457 938 1591 972 iudicii

101 994 230 1028 sordes
255 1001 293 1027 et
317 995 488 1040 Pompeii
515 993 797 1027 contentionem
822 991 993 1025 absoluto
1019 990 1163 1032 scribit,
1191 996 1240 1031 et,
1267 999 1380 1034 quare
1406 998 1492 1020 eum
1518 998 1588 1020 nec

101 1042 320 1076 defenderit
351 1054 419 1076 nec
452 1042 660 1082 accusarit,
701 1040 763 1073 sed
792 1046 941 1072 tantum
974 1038 1236 1072 testimonium
1263 1043 1394 1070 contra
1420 1047 1507 1070 eum
1533 1035 1589 1068 di-

98 1091 213 1133 xerit,
247 1091 420 1124 ostendit.
450 1091 550 1126 1-3.
595 1090 641 1121 de
665 1088 850 1127 versibus,
893 1098 984 1131 quos
1029 1087 1192 1132 Quintus
1230 1087 1364 1120 Cicero
1397 1096 1418 1118 a
1452 1086 1587 1118 Marco

99 1139 216 1173 scribi
241 1139 423 1174 voluerat.
450 1140 484 1175 4.
518 1138 563 1171 de
589 1137 822 1171 bibliotheca
849 1135 981 1181 Quinti
1008 1135 1170 1170 curanda
1196 1142 1234 1170 et
1259 1135 1304 1170 de
1329 1133 1413 1168 aliis
1437 1133 1588 1179 quibus-

614 1185 701 1218 dam
726 1184 955 1218 domesticis.
980 1184 1072 1220 5-6.

537 1274 739 1311 MARCUS
789 1274 837 1322 Q.
886 1272 1071 1309 FRATm
1120 1275 1155 1312 s,

211 1344 432 1389 Gabinius
471 1345 702 1386 absolutus
746 1347 826 1385 est.
909 1341 1105 1384 Omnino
1154 1341 1272 1383 nihil
1323 1343 1584 1384 accusatore

97 1403 296 1445 Lentulo
326 1401 792 1456 subscriptoribusque
824 1399 917 1440 eius
947 1397 1191 1450 infantius,
1221 1396 1332 1439 nihil
1363 1398 1447 1439 illo
1479 1411 1583 1438 con-

98 1460 205 1501 silio
234 1458 475 1500 sordidius.
534 1456 626 1499 Sed
655 1460 804 1497 tamen
833 1454 922 1497 nisi
965 1454 1251 1496 incredibilis
1281 1454 1509 1495 contentio
1539 1457 1585 1494 et

97 1528 254 1570 preces
283 1513 518 1569 Pompeii,
570 1512 823 1554 dictaturae
862 1512 999 1553 etiam
1028 1524 1182 1552 rumor
1209 1511 1367 1566 plenus
1406 1510 1584 1551 timoris

96 1571 271 1624 fuisset,
301 1570 390 1626 ipsi
418 1569 616 1611 Lentulo
647 1582 736 1610 non
765 1567 1086 1624 respondisset,
1116 1567 1192 1623 qui
1222 1571 1370 1608 tamen
1400 1566 1481 1607 illo
1511 1578 1582 1607 ac-

94 1716 215 1759 tisch,
264 1715 387 1749 stellte
419 1713 678 1761 Rediibungen
712 1714 784 1748 mit
818 1711 905 1746 dem
930 1712 1084 1748 Knaben
1112 1723 1181 1754 an3
1227 1713 1361 1746 Cicero
1387 1712 1581 1746 wiinschte

94 1765 191 1799 auch
216 1770 331 1797 etwas
355 1763 637 1797 theoretischen
665 1761 900 1797 Unterricht.
930 1780 973 1786 —
1012 1763 1059 1796 In
1084 1772 1151 1806 quo
1177 1785 1186 1794 .
1213 1786 1221 1795 .
1250 1786 1261 1797 .
1279 1761 1445 1804 fuimus,
1494 1760 1582 1795 weil

92 1813 156 1848 ich
182 1812 298 1846 selbst
321 1812 358 1845 in
386 1811 533 1844 meiner
557 1809 697 1855 Iugend
723 1810 839 1843 dieses
865 1810 994 1844 Sinnes
1029 1820 1201 1856 gewesen
1228 1809 1306 1842 bin.
1335 1828 1383 1834 —
1415 1820 1479 1843 rus
1510 1810 1580 1843 ali-

93 1872 173 1906 quo,
197 1861 236 1894 in
262 1860 429 1906 aliquam
453 1859 590 1892 villam.
620 1879 662 1884 -
690 1868 836 1900 merces,
862 1859 936 1892 wie
961 1870 1017 1904 ep.
1046 1858 1206 1900 CXLVI,
1233 1859 1253 1892 7
1280 1869 1338 1891 am
1364 1857 1483 1891 Ende.
1523 1858 1580 1893 Er

92 1910 251 1944 scherzt.
276 1927 323 1932 —
349 1918 454 1951 nunq.
480 1906 596 1940 minus
621 1916 862 1949 assequemur,
890 1906 985 1948 „der
1004 1906 1079 1939 mir
1097 1906 1322 1949 wenigstens
1340 1904 1462 1938 durch
1488 1907 1579 1939 mei-

92 1969 140 1991 ne
166 1956 308 1991 Schuld
333 1956 393 1989 nie
419 1955 490 1989 soll
516 1954 729 1998 abgekiirzt
755 1955 953 1995 werden;“
1000 1954 1069 1986 wie
1094 1965 1177 1985 man
1205 1953 1301 1986 denn
1328 1954 1431 1987 wohl
1457 1955 1578 1988 einen)

92 2007 239 2041 Rhetor
272 2005 349 2046 (als
375 2003 645 2047 vormahligem
671 2002 846 2044 Sklaven)
881 2002 945 2034 das
973 2001 1245 2035 Lehrhonorar
1277 2013 1343 2047 per
1368 2003 1424 2035 fas
1451 2010 1489 2036 et
1514 2014 1577 2035 ne-

91 2056 150 2089 fas
175 2053 443 2097 abzuknappen
470 2052 532 2085 hie
556 2050 634 2085 und
662 2050 708 2083 da
734 2050 827 2097 karg
854 2061 978 2098 genug
1003 2062 1091 2083 war.
1120 2069 1164 2074 —
1197 2060 1265 2094 qua
1292 2060 1353 2094 spe
1378 2051 1432 2084 tui
1457 2051 1576 2085 ditan—

93 2103 131 2137 di
156 2103 213 2136 vel
239 2113 282 2136 ex
308 2101 447 2147 praeda
473 2100 611 2134 bellica
639 2099 698 2132 vel
723 2110 743 2131 e
772 2099 938 2131 Caesaris
965 2098 1204 2135 liberalitate.
1230 2098 1435 2134 MANUT.
1473 2100 1579 2142 „mit

93 2152 260 2185 welchen
289 2147 557 2183 Anssichten.“
584 2147 706 2189 dilig„
733 2147 828 2180 auf's
854 2147 1190 2181 Umsta'ndlichste.

83 2252 92 2261 ,
190 2221 221 2253 1.
252 2217 340 2252 Gab.
367 2217 442 2250 abs.
471 2220 524 2248 est
549 2215 631 2248 scil.
658 2213 863 2246 maiestatis
891 2214 1060 2247 crimine.
1105 2213 1152 2247 So
1178 2214 1261 2247 rust
1287 2214 1422 2248 Cicero
1448 2215 1576 2260 gleich

91 2279 135 2301 zu
161 2268 328 2310 Anfange
355 2266 419 2297 des
447 2264 568 2297 Briefs
593 2263 714 2297 voller
740 2262 922 2295 Unwillen
948 2263 1018 2295 mit
1041 2262 1313 2307 Lebendigkeit
1338 2275 1414 2296 aus.
1442 2283 1483 2289 ——-
1520 2264 1576 2297 in-

86 2315 255 2360 famius,
292 2313 597 2357 unmiindigeres.
648 2311 682 2344 S.
710 2323 752 2343 zu
779 2323 836 2355 ep.
865 2311 1031 2351 CXLIX,
1066 2312 1088 2345 9
1115 2317 1282 2344 accusat.
1311 2312 1492 2345 ineredib.
1519 2313 1575 2345 in-

91 2365 224 2398 santia.
274 2381 321 2387 —
369 2361 440 2394 illo
466 2359 618 2394 consilio
645 2359 816 2392 iudicum
841 2359 1039 2398 sordidius,
1089 2360 1251 2392 maxime
1289 2360 1336 2392 ob
1372 2360 1574 2393 multorum

91 2412 300 2451 avaritiam,
328 2421 398 2455 qua
424 2419 462 2441 se
488 2409 678 2453 corrumpi
706 2408 802 2452 passi
827 2413 920 2440 sunt.
946 2406 1051 2440 SCH.
1102 2425 1151 2432 ·—
1200 2408 1397 2449 contentio,
1435 2408 1502 2441 wie
1528 2420 1573 2441 an

90 2462 129 2497 d.
158 2461 284 2503 anges.
316 2459 434 2492 Stelle
461 2456 626 2501 Pompeii
654 2456 749 2488 mira
775 2455 983 2491 contentio,
1010 2473 1053 2479 —-
1104 2455 1308 2489 dictaturae
1332 2467 1476 2497 rumor,
1512 2457 1575 2489 das

91 2508 279 2549 Gerttcffl,
307 2507 389 2540 dass
414 2506 618 2550 Pompeius
645 2505 819 2538 Dictator
844 2504 995 2536 werden
1024 2504 1165 2537 wiirde.
1214 2504 1248 2537 S.
1275 2515 1329 2549 ep.
1359 2505 1488 2546 CXIX,
1518 2508 1574 2540 ll.

93 2576 133 2582 —
154 2557 293 2598 suisset
319 2570 367 2587 z
393 2555 463 2587 nisi
489 2553 765 2586 incredibiliter
791 2552 903 2585 etiam
930 2552 1104 2596 precibus
1133 2553 1328 2596 Pompeius
1361 2553 1573 2586 contendis—

91 2611 148 2638 set
173 2611 212 2637 et
237 2604 446 2636 dictaturae
472 2601 653 2636 terribilis
679 2612 807 2633 rumor
841 2600 1071 2635 accessisset.
1125 2620 1168 2625 —
1220 2601 1293 2644 ipsi
1323 2600 1471 2634 Lentulo
1505 2612 1574 2635 non

93 2651 352 2696 respondisset,
404 2663 442 2685 so
471 2651 598 2684 wiirde
626 2649 809 2682 Gabinius
845 2647 925 2681 sich
952 2659 1062 2694 sogar
1088 2659 1210 2694 geg-en
1239 2649 1347 2681 ienen
1374 2650 1572 2682 erba'rmli-

92 2702 186 2733 rhen
219 2701 393 2733 Lentulus
427 2700 536 2733 nicht
572 2698 694 2732 haben
722 2703 1007 2731 -vcrantworten
1041 2697 1210 2737 konnen,
1263 2697 1297 2730 d.
1337 2698 1359 2730 i.
1395 2709 1437 2730 er
1470 2698 1572 2730 hatte

92 2750 199 2783 nicht
226 2759 346 2794 gegen
373 2748 439 2781 ihu
467 2748 711 2782 aufkommcn
734 2746 895 2780 kb'nncn.
924 2764 965 2770 —
993 2746 1051 2787 qui
1079 2756 1121 2774 4ss
1153 2756 1262 2789 quum
1291 2746 1319 2778 is
1344 2750 1471 2780 tamen.
1509 2745 1570 2780 Sic
