1742 3006
541 69 858 114 EPISTOLA
898 69 1049 116 XLV.
1455 69 1536 115 191

360 202 678 248 EPISTULA
710 200 858 244 XLV.
919 203 1029 252 (Mt.
1060 202 1119 244 ΙΙ.
1148 201 1237 250 19.)

214 281 296 316 Ser.
322 281 462 316 Romae
492 289 617 313 mense
647 278 807 320 Quintili
831 276 873 311 Α.
901 278 947 311 U.
974 279 1017 313 C.
1043 279 1125 313 695.
1174 279 1223 319 (a.
1249 276 1290 312 C.
1315 277 1391 319 59.)

66 348 206 383 Scribit
231 347 303 383 sibi
326 346 423 382 nihil
446 345 642 382 molestius
665 356 742 380 esse
767 355 881 389 quam
906 344 1066 378 Statium
1093 345 1382 387 manumissum3
1414 349 1541 378 cetera

69 399 231 439 maiora,
263 403 307 430 ut
337 396 530 442 pericula,
567 405 662 438 quae
696 393 767 427 sibi
799 405 818 426 a
858 393 993 428 Clodio
1025 392 1288 435 intendantur,
1322 391 1470 425 modice
1504 404 1542 424 se

68 453 225 492 tangere
252 447 281 480 1.
318 443 466 478 Statum
491 443 548 477 rei
572 441 747 487 publicae
772 441 944 476 omnibus
969 440 1189 485 displicere3
1216 441 1255 473 in
1281 439 1414 485 primis
1431 441 1540 474 Pom-

66 495 194 540 peium
219 492 305 526 odio
329 491 465 538 populi
488 491 675 526 laborare.
701 491 736 526 2.
761 491 796 525 3.
837 490 1011 524 Clodium
1046 488 1116 521 sibi
1153 488 1365 530 inimicari,
1398 498 1466 522 nec
1493 498 1543 527 se.

67 542 330 588 periculumne
363 539 529 573 declinet
567 549 616 572 an
647 538 851 584 pugnando
885 537 1100 583 propulset,
1142 541 1289 569 certum
1321 536 1474 570 habere.
1507 537 1541 569 4.

98 588 305 625 Caecilium
331 586 448 622 Attici
473 586 702 621 avunculum
729 597 765 619 se
790 587 926 620 colere.
975 584 1102 618 Bibuli
1127 583 1260 618 edictis
1292 584 1511 629 Pompeium

542 634 653 669 valde
701 634 841 668 iratum
885 643 972 668 esse.
1030 633 1065 667 5.

572 722 757 758 CICERO
781 720 966 755 ATTICO
1000 718 1037 754 S.

178 790 322 832 Multa
349 802 418 830 me
447 789 689 831 sollicitant
719 794 764 830 et
797 801 850 830 ex
878 788 943 829 rei
971 787 1173 843 publicae
1202 791 1323 829 tanto
1354 791 1474 828 motu
1504 790 1546 829 et

74 861 128 889 ex
158 847 212 889 iis
242 846 476 901 periculis,
515 858 626 899 quae
655 845 765 887 mihi
793 844 879 899 ipsi
906 844 1215 886 intenduntur:
1253 857 1305 885 ea
1341 847 1545 884 sexcenta

71 907 183 946 sunt.
241 902 330 945 Sed
358 901 468 942 mihi
497 900 607 942 nihil
635 905 703 942 est
731 900 990 953 molestius,
1018 914 1149 955 quam
1178 900 1369 941 Statium
1397 913 1546 941 manu-

71 961 277 1011 missum,

180 1014 276 1056 Nec
304 1027 446 1055 meum
477 1013 733 1068 imperium?
773 1025 826 1054 ac
851 1012 979 1053 mitto
998 1011 1256 1066 imperium,
1286 1025 1371 1053 non
1402 1011 1548 1052 simul-

945 1070 1080 1109 tatem
1108 1080 1252 1109 meam

179 1125 395 1167 Revereri
423 1125 603 1166 saltem?

73 1182 192 1234 Nec,
223 1182 328 1236 quid
359 1182 547 1231 faciam,
577 1180 693 1221 scio:
734 1193 874 1236 neque
892 1183 1062 1220 tantum
1093 1183 1160 1220 est
1187 1178 1234 1219 in
1263 1192 1336 1232 re,
1366 1182 1551 1234 quantus

71 1241 136 1279 est
165 1251 321 1286 sermo.
379 1238 478 1289 Ego
509 1240 655 1278 autem
682 1233 738 1278 ne
764 1236 901 1278 irasci
932 1249 1108 1289 possum
1127 1235 1306 1290 quidem
1335 1235 1416 1281 iis,
1444 1248 1551 1289 quos

72 1294 199 1335 valde
226 1307 353 1342 amo3
382 1297 551 1334 tantum
579 1293 736 1345 doleo,
767 1306 821 1333 ac
848 1291 1041 1332 mirifice
1070 1291 1259 1345 quidem.
1317 1291 1476 1331 Cetera
1505 1291 1550 1329 in

72 1349 241 1404 magnis
278 1350 431 1400 rebus,
470 1349 615 1389 minae
653 1347 802 1388 Clodii
841 1348 1253 1401 contentionesque,
1293 1359 1402 1400 quae
1441 1345 1550 1386 mihi

71 1408 393 1459 proponuntur,
422 1404 595 1445 modice
623 1417 693 1444 me
722 1406 917 1457 tangunt.
978 1402 1156 1443 Etenim
1195 1402 1263 1443 vel
1302 1402 1448 1442 subire
1477 1415 1550 1442 eas

73 1461 230 1501 videor
258 1460 367 1500 mihi
397 1473 566 1500 summa
595 1472 695 1498 cum
723 1459 938 1513 dignitate
958 1459 1027 1500 vel
1052 1458 1274 1499 declinare
1303 1459 1422 1498 nulla
1450 1471 1550 1498 cum

75 1516 277 1557 molestia
296 1529 438 1569 posse.
497 1515 635 1555 Dices
661 1515 872 1565 fortasse,
903 1514 1164 1568 „dignitatis
1194 1513 1297 1559 ἅλις,
1325 1518 1550 1568 tamquam

74 1575 209 1621 ὁρυόςε
240 1571 385 1622 saluti,
415 1571 543 1611 sime
564 1583 700 1622 amas,
731 1570 953 1612 consfflef‘
1007 1570 1085 1610 Me
1105 1571 1336 1611 miserum!
1368 1584 1447 1611 cur
1468 1584 1552 1611 non

169 1680 200 1712 l.
226 1678 477 1719 intenduntur,
511 1677 572 1711 die
599 1687 722 1724 gegen
747 1675 853 1710 mich
889 1679 1069 1724 angelegt
1101 1678 1265 1712 werden.
1314 1678 1388 1712 Ein
1425 1678 1554 1712 bildli-

73 1726 167 1761 cher
198 1725 416 1771 Ausdruck‚
450 1736 525 1760 von
557 1724 809 1759 Fallstricken
843 1737 880 1758 u.
916 1725 1146 1773 Schlingen,
1190 1726 1251 1760 die
1285 1737 1372 1759 man
1411 1726 1553 1759 wilden

72 1774 240 1809 Thieren
265 1786 304 1810 u.
330 1775 482 1822 Vogeln
507 1774 603 1821 leg-t,
629 1773 840 1821 unleugbax·
864 1772 1049 1807 entlehnt.
1099 1773 1148 1808 So
1174 1780 1253 1819 sagt
1285 1785 1372 1807 man
1397 1775 1553 1808 tendere

73 1823 244 1868 laqueos,
278 1822 428 1869 plagas,
462 1822 574 1864 retia,
606 1821 774 1857 insidias.
810 1840 853 1846 —-
895 1820 993 1855 Statt
1018 1832 1063 1854 ea:
1088 1822 1138 1855 iis
1176 1823 1258 1856 Md.
1285 1824 1369 1858 Asc.
1395 1822 1490 1855 Vict.
1520 1826 1548 1856 l.

73 1871 204 1905 Lamb.
231 1881 277 1902 ex
301 1869 367 1903 leis.
393 1888 436 1893 —
464 1881 507 1903 ea
532 1869 685 1914 quidem
710 1880 807 1902 sexc.
834 1873 927 1911 sunt,
956 1880 1051 1914 quae
1075 1882 1137 1904 me
1162 1871 1377 1905 sollicitant.
1418 1870 1553 1904 Durch

74 1919 135 1952 die
168 1918 381 1952 bestimmte
414 1918 510 1952 Zahl
545 1917 647 1952 wird
679 1918 763 1952 eine
797 1928 926 1964 grosse
957 1918 1098 1965 Menge
1135 1919 1369 1967 angedeutet.
1419 1921 1497 1952 Fiir
1522 1923 1553 1951 el

74 1966 226 2001 Ernesti
251 1977 463 2013 genauerer
487 1965 738 2014 Verbindung
763 1976 892 2013 wegen
917 1976 981 2006 ea,
1016 1977 1094 2000 was
1124 1966 1265 2002 Schutz
1290 1965 1483 2000 aufnahm.
1511 1987 1552 1991 —

75 2014 231 2049 Statium
255 2024 350 2047 man.
377 2024 454 2047 esse
480 2014 507 2050 i.
534 2025 564 2047 e.
590 2014 701 2047 Statii
726 2014 1071 2047 manumissionem.
1100 2013 1136 2050 S.
1155 2027 1204 2049 zu
1225 2026 1284 2060 ep.
1304 2014 1440 2055 XLIV,
1457 2017 1489 2049 4.
1510 2032 1553 2039 -

74 2063 153 2097 Nec
183 2072 298 2094 meum
327 2061 544 2105 imperium!
583 2062 710 2096 Wie?
750 2062 812 2096 ich
845 2062 918 2096 soll
947 2062 1084 2096 Nichts
1117 2075 1165 2095 zu
1197 2063 1371 2110 gebieten
1407 2062 1555 2096 haben?

74 2111 186 2145 Diese
217 2111 332 2143 Verse
368 2109 512 2154 spricht
541 2109 761 2155 Demiphon
793 2110 833 2142 in
866 2111 1021 2145 Terent.
1055 2111 1205 2147 Phorm.
1238 2111 1288 2152 11,
1322 2112 1356 2150 3,
1382 2113 1404 2146 2
1430 2111 1469 2145 ff.
1496 2111 1556 2145 ed.

6 2180 8 2199 2
74 2159 161 2205 Bip.
189 2176 234 2183 -—
259 2168 304 2190 ac
326 2158 430 2190 mitto
457 2157 541 2200 imp.
576 2157 674 2191 doch
709 2169 784 2192 von
817 2158 1003 2192 Gebieten
1036 2159 1118 2192 will
1148 2159 1213 2192 ich
1249 2158 1358 2193 nicht
1390 2159 1556 2193 einmahl

77 2207 205 2240 reden.
256 2207 334 2239 Fur
357 2216 400 2238 ac
425 2206 554 2240 Lamb.
579 2216 668 2248 age,
695 2207 766 2241 wie
793 2206 851 2240 die
871 2207 1030 2240 meisten
1050 2207 1140 2242 Cdd.
1159 2207 1198 2240 in
1223 2208 1374 2241 Terent.
1404 2207 1555 2240 Phorm.

78 2255 115 2296 2,
141 2256 176 2296 3,
202 2255 235 2288 2.
270 2272 315 2279 —
345 2264 417 2287 non
440 2254 578 2290 simult.
604 2265 649 2287 m.
681 2265 754 2287 rev.
788 2265 838 2296 8.,
871 2255 952 2288 dass
985 2265 1027 2287 er
1059 2254 1245 2294 (nsmlich
1277 2256 1378 2289 mein
1413 2256 1558 2289 Bruder

79 2301 262 2347 Quintus,
294 2302 367 2335 den
393 2301 457 2334 ich
484 2312 522 2335 so
548 2303 605 2336 oft
629 2308 801 2348 gewarnt
826 2302 942 2345 habe,
975 2302 1046 2336 den
1081 2301 1220 2337 Statius
1256 2303 1364 2337 nicht
1399 2304 1483 2348 frei·
1509 2314 1556 2335 zu

77 2351 212 2391 lassen)
237 2349 347 2383 nicht
371 2349 539 2383 einmahl
562 2361 633 2384 vor
657 2350 781 2384 einem
807 2350 936 2384 Bruch
962 2351 1033 2384 mit
1057 2351 1133 2384 mir
1157 2350 1238 2385 sich
1264 2351 1420 2385 scheut?
1456 2351 1558 2384 Uber

82 2397 154 2430 den
177 2398 320 2432 Infinit.
346 2397 569 2445 interrogat.
596 2411 622 2435 s.
649 2398 799 2433 Ramsh.
825 2398 853 2440 §.
881 2399 960 2436 168,
987 2400 1019 2434 6.
1048 2399 1196 2433 Grotef.
1219 2399 1248 2442 §.
1268 2401 1349 2440 311,
1375 2399 1483 2431 Anm.
1515 2416 1553 2423 -

81 2449 233 2487 quantus
270 2450 322 2479 est
353 2456 475 2479 sermo
511 2444 711 2480 hominum
747 2447 793 2479 de
826 2446 898 2480 hac
923 2447 1228 2483 manumissione.
1268 2448 1349 2479 vid.
1383 2457 1440 2490 ep.
1473 2446 1554 2478 Lll.

83 2493 228 2526 Manut.
250 2493 376 2527 Lamb.
406 2495 498 2529 1566
513 2493 651 2537 quidem
662 2495 831 2539 possum,
857 2494 894 2528 in
911 2506 1030 2541 marg.
1052 2496 1141 2530 1584
1156 2520 1167 2537 ,
1193 2501 1234 2528 ut
1252 2505 1329 2528 nos.
1361 2493 1554 2527 ORELLI.

86 2559 129 2564 —-
155 2541 395 2575 contentiones
421 2567 429 2574 .
457 2567 465 2574 .
491 2552 581 2584 quae
612 2553 657 2575 m.
685 2552 863 2586 propom,
904 2543 964 2577 die
997 2543 1176 2588 K'a‘mpfe‚
1209 2555 1256 2576 zu
1288 2541 1459 2575 welchen
1492 2541 1555 2576 ich

83 2586 416 2634 herausgefordert
431 2589 572 2624 werde.
602 2610 643 2617 —
672 2594 849 2633 tangunt,
875 2596 1059 2638 pungunt.
1088 2608 1130 2614 —
1157 2586 1259 2628 ἅλις
1286 2586 1441 2633 δρυός,
1468 2591 1554 2623 satis

84 2645 258 2679 quercus.
307 2636 551 2672 Proverbium
577 2643 630 2672 est
663 2638 708 2671 de
739 2639 871 2683 priscis
902 2638 1136 2680 hominibus,
1170 2638 1235 2681 qui
1269 2643 1351 2682 post
1385 2638 1555 2672 inventas

85 2683 215 2727 fruges
239 2682 391 2729 glandes
415 2685 659 2733 negligebant
685 2687 936 2734 (vid.‘Virgil.
964 2687 1104 2732 Georg.
1132 2688 1164 2723 l,
1186 2691 1220 2719 ὅ.
1246 2686 1378 2733 Eclog.
1401 2687 1553 2728 1x‚13.)

85 2729 218 2774 ltaque
243 2741 367 2765 sensus
391 2738 463 2766 est:
496 2733 717 2780 „dig-nitatis
742 2735 811 2768 tibi
839 2736 926 2767 natis
951 2740 1020 2774 est,
1054 2740 1094 2765 ut
1128 2743 1200 2765 non
1237 2743 1329 2777 opus
1361 2736 1406 2767 sit
1441 2735 1485 2767 de
1512 2744 1552 2765 ea
