<?xml version="1.0" encoding="UTF-8"?>
<!DOCTYPE html PUBLIC "-//W3C//DTD XHTML 1.0 Transitional//EN"
    "http://www.w3.org/TR/xhtml1/DTD/xhtml1-transitional.dtd">
<html xmlns="http://www.w3.org/1999/xhtml" xml:lang="en" lang="en">
 <head>
  <title>
</title>
<meta http-equiv="Content-Type" content="text/html;charset=utf-8" />
  <meta name='ocr-system' content='tesseract 3.04.00' />
  <meta name='ocr-capabilities' content='ocr_page ocr_carea ocr_par ocr_line ocrx_word'/>
</head>
<body>
  <div class='ocr_page' id='page_1' title='image "./epistolaeadattic00ciceuoft_0127.png"; bbox 0 0 1742 3006; ppageno 0'>
   <div class='ocr_carea' id='block_1_1' title="bbox 516 67 1545 117">
    <p class='ocr_par' dir='ltr' id='par_1_1' title="bbox 516 67 1545 117">
     <span class='ocr_line' id='line_1_1' title="bbox 516 67 1545 117; baseline 0.003 -3"><span class='ocrx_word' id='word_1_1' title='bbox 516 67 833 114; x_wconf 87' lang='lat' dir='ltr'>EPISTOLA</span> <span class='ocrx_word' id='word_1_2' title='bbox 873 67 1058 114; x_wconf 86' lang='lat' dir='ltr'><strong>XXVI.</strong></span> <span class='ocrx_word' id='word_1_3' title='bbox 1460 71 1479 116; x_wconf 90' lang='lat' dir='ltr'>l</span> <span class='ocrx_word' id='word_1_4' title='bbox 1492 71 1545 117; x_wconf 84' lang='lat' dir='ltr'>ll</span> 
     </span>
    </p>
   </div>
   <div class='ocr_carea' id='block_1_2' title="bbox 0 182 1559 1194">
    <p class='ocr_par' dir='ltr' id='par_1_2' title="bbox 52 182 1548 241">
     <span class='ocr_line' id='line_1_2' title="bbox 52 182 1548 241; baseline -0.001 -12"><span class='ocrx_word' id='word_1_5' title='bbox 52 187 292 241; x_wconf 83' lang='lat' dir='ltr'>attingere,</span> <span class='ocrx_word' id='word_1_6' title='bbox 322 185 361 227; x_wconf 89' lang='lat' dir='ltr'>si</span> <span class='ocrx_word' id='word_1_7' title='bbox 392 183 525 224; x_wconf 89' lang='lat' dir='ltr'>mulli</span> <span class='ocrx_word' id='word_1_8' title='bbox 549 182 730 225; x_wconf 65' lang='lat' dir='ltr'>‘barbati</span> <span class='ocrx_word' id='word_1_9' title='bbox 760 183 808 224; x_wconf 92' lang='lat' dir='ltr'>in</span> <span class='ocrx_word' id='word_1_10' title='bbox 838 183 1025 237; x_wconf 85' lang='lat' dir='ltr'>piscinis</span> <span class='ocrx_word' id='word_1_11' title='bbox 1055 183 1159 235; x_wconf 82' lang='lat' dir='ltr'>sint,</span> <span class='ocrx_word' id='word_1_12' title='bbox 1190 182 1266 238; x_wconf 90' lang='lat' dir='ltr'>qui</span> <span class='ocrx_word' id='word_1_13' title='bbox 1287 183 1345 224; x_wconf 86' lang='lat' dir='ltr'>ad</span> <span class='ocrx_word' id='word_1_14' title='bbox 1370 195 1548 227; x_wconf 87' lang='lat' dir='ltr'>manum</span> 
     </span>
    </p>

    <p class='ocr_par' dir='ltr' id='par_1_3' title="bbox 3 239 1550 353">
     <span class='ocr_line' id='line_1_3' title="bbox 52 239 1549 294; baseline -0.003 -8"><span class='ocrx_word' id='word_1_15' title='bbox 52 244 296 293; x_wconf 80' lang='lat' dir='ltr'>accedant3</span> <span class='ocrx_word' id='word_1_16' title='bbox 327 241 420 285; x_wconf 83' lang='lat' dir='ltr'>alia</span> <span class='ocrx_word' id='word_1_17' title='bbox 446 243 594 280; x_wconf 87' lang='lat' dir='ltr'>autem</span> <span class='ocrx_word' id='word_1_18' title='bbox 624 240 883 294; x_wconf 77' lang='lat' dir='ltr'>negligant:</span> <span class='ocrx_word' id='word_1_19' title='bbox 912 253 1058 280; x_wconf 91' lang='lat' dir='ltr'>nonne</span> <span class='ocrx_word' id='word_1_20' title='bbox 1087 239 1171 280; x_wconf 87' lang='lat' dir='ltr'>tibi</span> <span class='ocrx_word' id='word_1_21' title='bbox 1200 239 1311 281; x_wconf 85' lang='lat' dir='ltr'>satis</span> <span class='ocrx_word' id='word_1_22' title='bbox 1334 241 1549 294; x_wconf 80' lang='lat' dir='ltr'><strong>prodesse</strong></span> 
     </span>
     <span class='ocr_line' id='line_1_4' title="bbox 3 295 1550 353; baseline -0.001 -12"><span class='ocrx_word' id='word_1_23' title='bbox 3 303 6 307; x_wconf 84' lang='lat'>&#39;</span> <span class='ocrx_word' id='word_1_24' title='bbox 52 301 239 352; x_wconf 83' lang='lat' dir='ltr'>videor,</span> <span class='ocrx_word' id='word_1_25' title='bbox 280 299 318 340; x_wconf 89' lang='lat' dir='ltr'>si</span> <span class='ocrx_word' id='word_1_26' title='bbox 346 295 564 353; x_wconf 85' lang='lat' dir='ltr'>perficio,</span> <span class='ocrx_word' id='word_1_27' title='bbox 595 301 646 336; x_wconf 89' lang='lat' dir='ltr'>ut</span> <span class='ocrx_word' id='word_1_28' title='bbox 675 296 825 337; x_wconf 83' lang='lat' dir='ltr'>nolint</span> <span class='ocrx_word' id='word_1_29' title='bbox 853 296 1024 347; x_wconf 84' lang='lat' dir='ltr'>obesse,</span> <span class='ocrx_word' id='word_1_30' title='bbox 1056 296 1132 349; x_wconf 90' lang='lat' dir='ltr'>qui</span> <span class='ocrx_word' id='word_1_31' title='bbox 1162 296 1376 350; x_wconf 70' lang='lat' dir='ltr'>possunt?</span> <span class='ocrx_word' id='word_1_32' title='bbox 1431 296 1550 339; x_wconf 86' lang='lat' dir='ltr'>Nam</span> 
     </span>
    </p>

    <p class='ocr_par' dir='ltr' id='par_1_4' title="bbox 0 352 1559 1194">
     <span class='ocr_line' id='line_1_5' title="bbox 54 352 1552 409; baseline -0.003 -11"><span class='ocrx_word' id='word_1_33' title='bbox 54 357 273 398; x_wconf 85' lang='lat' dir='ltr'>Catonem</span> <span class='ocrx_word' id='word_1_34' title='bbox 311 355 510 395; x_wconf 85' lang='lat' dir='ltr'>nostrum</span> <span class='ocrx_word' id='word_1_35' title='bbox 547 366 637 393; x_wconf 89' lang='lat' dir='ltr'>non</span> <span class='ocrx_word' id='word_1_36' title='bbox 676 355 726 393; x_wconf 86' lang='lat' dir='ltr'>tu</span> <span class='ocrx_word' id='word_1_37' title='bbox 766 352 1034 409; x_wconf 15' lang='lat' dir='ltr'>amasyplus⁹</span> <span class='ocrx_word' id='word_1_38' title='bbox 1065 364 1196 405; x_wconf 88' lang='lat' dir='ltr'>quam</span> <span class='ocrx_word' id='word_1_39' title='bbox 1225 365 1331 407; x_wconf 84' lang='lat' dir='ltr'>ego:</span> <span class='ocrx_word' id='word_1_40' title='bbox 1371 353 1451 393; x_wconf 87' lang='lat' dir='ltr'>sed</span> <span class='ocrx_word' id='word_1_41' title='bbox 1480 358 1552 394; x_wconf 84' lang='lat' dir='ltr'>ta·-</span> 
     </span>
     <span class='ocr_line' id='line_1_6' title="bbox 0 407 1546 464; baseline -0.003 -10"><span class='ocrx_word' id='word_1_42' title='bbox 0 459 1 463; x_wconf 11' lang='grc' dir='ltr'><strong>Ἰ</strong></span> <span class='ocrx_word' id='word_1_43' title='bbox 54 427 155 454; x_wconf 90' lang='lat' dir='ltr'>men</span> <span class='ocrx_word' id='word_1_44' title='bbox 196 412 302 461; x_wconf 84' lang='lat' dir='ltr'>ille,</span> <span class='ocrx_word' id='word_1_45' title='bbox 352 409 522 464; x_wconf 90' lang='lat' dir='ltr'>optimo</span> <span class='ocrx_word' id='word_1_46' title='bbox 552 409 702 449; x_wconf 88' lang='lat' dir='ltr'>animo</span> <span class='ocrx_word' id='word_1_47' title='bbox 732 411 862 449; x_wconf 89' lang='lat' dir='ltr'>utens</span> <span class='ocrx_word' id='word_1_48' title='bbox 893 412 939 448; x_wconf 85' lang='lat' dir='ltr'>et&#39;</span> <span class='ocrx_word' id='word_1_49' title='bbox 965 420 1136 448; x_wconf 86' lang='lat' dir='ltr'>summa</span> <span class='ocrx_word' id='word_1_50' title='bbox 1165 407 1272 461; x_wconf 76' lang='lat' dir='ltr'>fide,</span> <span class='ocrx_word' id='word_1_51' title='bbox 1316 412 1450 450; x_wconf 90' lang='lat' dir='ltr'>nocet</span> <span class='ocrx_word' id='word_1_52' title='bbox 1480 409 1546 449; x_wconf 87' lang='lat' dir='ltr'>in-</span> 
     </span>
     <span class='ocr_line' id='line_1_7' title="bbox 0 464 1558 520; baseline -0.002 -11"><span class='ocrx_word' id='word_1_53' title='bbox 0 469 1 509; x_wconf 50' lang='lat' dir='ltr'>l</span> <span class='ocrx_word' id='word_1_54' title='bbox 56 468 231 510; x_wconf 87' lang='lat' dir='ltr'>terdum</span> <span class='ocrx_word' id='word_1_55' title='bbox 272 465 339 506; x_wconf 85' lang='lat' dir='ltr'>rei</span> <span class='ocrx_word' id='word_1_56' title='bbox 380 465 600 520; x_wconf 83' lang='lat' dir='ltr'>publicae.</span> <span class='ocrx_word' id='word_1_57' title='bbox 672 465 806 505; x_wconf 80' lang='lat' dir='ltr'>Dicit</span> <span class='ocrx_word' id='word_1_58' title='bbox 847 464 968 504; x_wconf 87' lang='lat' dir='ltr'>enim</span> <span class='ocrx_word' id='word_1_59' title='bbox 1008 466 1235 517; x_wconf 86' lang='lat' dir='ltr'>tamquam</span> <span class='ocrx_word' id='word_1_60' title='bbox 1264 465 1311 504; x_wconf 93' lang='lat' dir='ltr'>in</span> <span class='ocrx_word' id='word_1_61' title='bbox 1340 464 1558 506; x_wconf 81' lang='lat' dir='ltr'>Platonis·</span> 
     </span>
     <span class='ocr_line' id='line_1_8' title="bbox 0 512 1559 586; baseline -0.001 -23"><span class='ocrx_word' id='word_1_62' title='bbox 0 512 3 586; x_wconf 62' lang='lat' dir='ltr'>l</span> <span class='ocrx_word' id='word_1_63' title='bbox 54 525 244 575; x_wconf 75' lang='grc' dir='ltr'><em>πολιτείᾳ,</em></span> <span class='ocrx_word' id='word_1_64' title='bbox 273 534 361 562; x_wconf 92' lang='lat' dir='ltr'>non</span> <span class='ocrx_word' id='word_1_65' title='bbox 389 526 617 575; x_wconf 82' lang='lat' dir='ltr'><strong>tamquam</strong></span> <span class='ocrx_word' id='word_1_66' title='bbox 648 521 694 561; x_wconf 93' lang='lat' dir='ltr'>in</span> <span class='ocrx_word' id='word_1_67' title='bbox 716 519 902 561; x_wconf 89' lang='lat' dir='ltr'>Romuli</span> <span class='ocrx_word' id='word_1_68' title='bbox 933 519 1058 560; x_wconf 85' lang='lat' dir='ltr'>faece</span> <span class='ocrx_word' id='word_1_69' title='bbox 1088 520 1369 561; x_wconf 87' lang='lat' dir='ltr'>sententiam.</span> <span class='ocrx_word' id='word_1_70' title='bbox 1428 520 1559 571; x_wconf 82' lang='lat' dir='ltr'>Quid.</span> 
     </span>
     <span class='ocr_line' id='line_1_9' title="bbox 0 575 1551 632; baseline -0.003 -11"><span class='ocrx_word' id='word_1_71' title='bbox 0 604 3 632; x_wconf 68' lang='lat'><strong>¹</strong></span> <span class='ocrx_word' id='word_1_72' title='bbox 55 580 222 630; x_wconf 87' lang='lat' dir='ltr'>verius,</span> <span class='ocrx_word' id='word_1_73' title='bbox 253 590 385 632; x_wconf 87' lang='lat' dir='ltr'>quam</span> <span class='ocrx_word' id='word_1_74' title='bbox 415 578 462 616; x_wconf 93' lang='lat' dir='ltr'>in</span> <span class='ocrx_word' id='word_1_75' title='bbox 493 577 710 618; x_wconf 87' lang='lat' dir='ltr'>iudicium</span> <span class='ocrx_word' id='word_1_76' title='bbox 739 578 911 627; x_wconf 78' lang='lat' dir='ltr'>venire,</span> <span class='ocrx_word' id='word_1_77' title='bbox 941 576 1019 630; x_wconf 91' lang='lat' dir='ltr'>qui</span> <span class='ocrx_word' id='word_1_78' title='bbox 1050 575 1106 616; x_wconf 92' lang='lat' dir='ltr'>ob</span> <span class='ocrx_word' id='word_1_79' title='bbox 1137 589 1231 616; x_wconf 89' lang='lat' dir='ltr'>rem</span> <span class='ocrx_word' id='word_1_80' title='bbox 1260 576 1551 618; x_wconf 88' lang='lat' dir='ltr'>iudicandam</span> 
     </span>
     <span class='ocr_line' id='line_1_10' title="bbox 0 631 1549 690; baseline -0.001 -15"><span class='ocrx_word' id='word_1_81' title='bbox 0 633 4 686; x_wconf 67' lang='grc' dir='ltr'>ξ’</span> <span class='ocrx_word' id='word_1_82' title='bbox 56 635 289 690; x_wconf 87' lang='lat' dir='ltr'>pecuniam</span> <span class='ocrx_word' id='word_1_83' title='bbox 320 633 573 687; x_wconf 72' lang='lat' dir='ltr'>acceperit?</span> <span class='ocrx_word' id='word_1_84' title='bbox 632 633 820 674; x_wconf 80' lang='lat' dir='ltr'>Censuit</span> <span class='ocrx_word' id='word_1_85' title='bbox 848 631 937 673; x_wconf 88' lang='lat' dir='ltr'>hoc</span> <span class='ocrx_word' id='word_1_86' title='bbox 966 632 1105 672; x_wconf 86' lang='lat' dir='ltr'>Cato:</span> <span class='ocrx_word' id='word_1_87' title='bbox 1135 633 1327 673; x_wconf 76' lang='lat' dir='ltr'>assensit</span> <span class='ocrx_word' id='word_1_88' title='bbox 1357 637 1549 674; x_wconf 85' lang='lat' dir='ltr'>senatus.</span> 
     </span>
     <span class='ocr_line' id='line_1_11' title="bbox 0 687 1550 745; baseline -0.002 -13"><span class='ocrx_word' id='word_1_89' title='bbox 0 688 5 740; x_wconf 55' lang='grc' dir='ltr'><strong>ζ</strong></span> <span class='ocrx_word' id='word_1_90' title='bbox 56 691 248 745; x_wconf 84' lang='lat' dir='ltr'>Equites</span> <span class='ocrx_word' id='word_1_91' title='bbox 288 690 439 731; x_wconf 88' lang='lat' dir='ltr'>curiae</span> <span class='ocrx_word' id='word_1_92' title='bbox 479 690 675 741; x_wconf 82' lang='lat' dir='ltr'>bellum,</span> <span class='ocrx_word' id='word_1_93' title='bbox 729 702 818 729; x_wconf 91' lang='lat' dir='ltr'>non</span> <span class='ocrx_word' id='word_1_94' title='bbox 858 687 997 729; x_wconf 89' lang='lat' dir='ltr'>mihi:</span> <span class='ocrx_word' id='word_1_95' title='bbox 1056 701 1157 728; x_wconf 88' lang='lat' dir='ltr'>nam</span> <span class='ocrx_word' id='word_1_96' title='bbox 1206 702 1290 743; x_wconf 80' lang='lat' dir='ltr'>ego</span> <span class='ocrx_word' id='word_1_97' title='bbox 1339 689 1550 730; x_wconf 85' lang='lat' dir='ltr'>dissensi.</span> 
     </span>
     <span class='ocr_line' id='line_1_12' title="bbox 0 744 1553 800; baseline -0.001 -13"><span class='ocrx_word' id='word_1_98' title='bbox 0 752 5 797; x_wconf 61' lang='grc' dir='ltr'>ἶ</span> <span class='ocrx_word' id='word_1_99' title='bbox 55 746 180 797; x_wconf 82' lang='lat' dir='ltr'>Quid</span> <span class='ocrx_word' id='word_1_100' title='bbox 210 745 515 800; x_wconf 88' lang='lat' dir='ltr'>impudentius</span> <span class='ocrx_word' id='word_1_101' title='bbox 545 746 800 799; x_wconf 83' lang='lat' dir='ltr'>publicanis</span> <span class='ocrx_word' id='word_1_102' title='bbox 832 744 1217 786; x_wconf 77' lang='lat' dir='ltr'>renuntiantibus?</span> <span class='ocrx_word' id='word_1_103' title='bbox 1275 745 1382 786; x_wconf 87' lang='lat' dir='ltr'>Fuit</span> <span class='ocrx_word' id='word_1_104' title='bbox 1403 750 1553 786; x_wconf 83' lang='lat' dir='ltr'>tamen</span> 
     </span>
     <span class='ocr_line' id='line_1_13' title="bbox 55 800 1553 857; baseline -0.001 -14.034"><span class='ocrx_word' id='word_1_105' title='bbox 55 802 280 843; x_wconf 87' lang='lat' dir='ltr'>retinendi</span> <span class='ocrx_word' id='word_1_106' title='bbox 311 802 486 842; x_wconf 81' lang='lat' dir='ltr'>ordinis</span> <span class='ocrx_word' id='word_1_107' title='bbox 517 815 653 842; x_wconf 84' lang='lat' dir='ltr'>causa</span> <span class='ocrx_word' id='word_1_108' title='bbox 682 801 892 842; x_wconf 83' lang='lat' dir='ltr'>facienda</span> <span class='ocrx_word' id='word_1_109' title='bbox 922 802 1111 842; x_wconf 85' lang='lat' dir='ltr'>iactura.</span> <span class='ocrx_word' id='word_1_110' title='bbox 1172 800 1367 842; x_wconf 85' lang='lat' dir='ltr'>Restitit</span> <span class='ocrx_word' id='word_1_111' title='bbox 1386 806 1432 842; x_wconf 86' lang='lat' dir='ltr'>et</span> <span class='ocrx_word' id='word_1_112' title='bbox 1453 815 1553 857; x_wconf 77' lang='lat' dir='ltr'>per-</span> 
     </span>
     <span class='ocr_line' id='line_1_14' title="bbox 1 857 1556 911; baseline -0.001 -11"><span class='ocrx_word' id='word_1_113' title='bbox 1 869 7 904; x_wconf 59' lang='grc' dir='ltr'>ἢ</span> <span class='ocrx_word' id='word_1_114' title='bbox 54 860 168 900; x_wconf 85' lang='lat' dir='ltr'>vicit</span> <span class='ocrx_word' id='word_1_115' title='bbox 197 858 324 898; x_wconf 80' lang='lat' dir='ltr'>Cato.</span> <span class='ocrx_word' id='word_1_116' title='bbox 382 858 541 911; x_wconf 86' lang='lat' dir='ltr'>Itaque</span> <span class='ocrx_word' id='word_1_117' title='bbox 572 871 703 910; x_wconf 72' lang='lat' dir='ltr'>nunc,</span> <span class='ocrx_word' id='word_1_118' title='bbox 735 857 918 898; x_wconf 89' lang='lat' dir='ltr'>consule</span> <span class='ocrx_word' id='word_1_119' title='bbox 949 857 995 896; x_wconf 91' lang='lat' dir='ltr'>in</span> <span class='ocrx_word' id='word_1_120' title='bbox 1027 870 1210 898; x_wconf 87' lang='lat' dir='ltr'>carcere</span> <span class='ocrx_word' id='word_1_121' title='bbox 1233 857 1425 909; x_wconf 83' lang='lat' dir='ltr'>incluso,</span> <span class='ocrx_word' id='word_1_122' title='bbox 1455 871 1556 898; x_wconf 87' lang='lat' dir='ltr'>sae-</span> 
     </span>
     <span class='ocr_line' id='line_1_15' title="bbox 0 913 1555 971; baseline -0.001 -16"><span class='ocrx_word' id='word_1_123' title='bbox 0 940 5 971; x_wconf 29' lang='grc' dir='ltr'>κ]</span> <span class='ocrx_word' id='word_1_124' title='bbox 55 929 109 969; x_wconf 87' lang='lat' dir='ltr'>pe</span> <span class='ocrx_word' id='word_1_125' title='bbox 140 916 248 955; x_wconf 87' lang='lat' dir='ltr'>item</span> <span class='ocrx_word' id='word_1_126' title='bbox 279 913 503 954; x_wconf 86' lang='lat' dir='ltr'>seditione</span> <span class='ocrx_word' id='word_1_127' title='bbox 534 916 782 967; x_wconf 75' lang='lat' dir='ltr'>commota,</span> <span class='ocrx_word' id='word_1_128' title='bbox 825 914 1046 968; x_wconf 84' lang='lat' dir='ltr'>aspiravit</span> <span class='ocrx_word' id='word_1_129' title='bbox 1075 927 1205 954; x_wconf 91' lang='lat' dir='ltr'>nemo</span> <span class='ocrx_word' id='word_1_130' title='bbox 1235 926 1415 966; x_wconf 78' lang='lat' dir='ltr'>eorum,</span> <span class='ocrx_word' id='word_1_131' title='bbox 1446 927 1555 967; x_wconf 90' lang='lat' dir='ltr'>quo-</span> 
     </span>
     <span class='ocr_line' id='line_1_16' title="bbox 4 968 1555 1025; baseline -0.001 -14"><span class='ocrx_word' id='word_1_132' title='bbox 4 980 5 983; x_wconf 75' lang='grc'>’</span> <span class='ocrx_word' id='word_1_133' title='bbox 57 985 154 1011; x_wconf 85' lang='lat' dir='ltr'>rum</span> <span class='ocrx_word' id='word_1_134' title='bbox 184 984 267 1025; x_wconf 84' lang='lat' dir='ltr'>ego</span> <span class='ocrx_word' id='word_1_135' title='bbox 298 983 517 1010; x_wconf 86' lang='lat' dir='ltr'>concursu</span> <span class='ocrx_word' id='word_1_136' title='bbox 546 971 744 1024; x_wconf 86' lang='lat' dir='ltr'>itemque</span> <span class='ocrx_word' id='word_1_137' title='bbox 775 970 810 1010; x_wconf 92' lang='lat' dir='ltr'>ii</span> <span class='ocrx_word' id='word_1_138' title='bbox 842 969 1071 1020; x_wconf 79' lang='lat' dir='ltr'>consules,</span> <span class='ocrx_word' id='word_1_139' title='bbox 1118 970 1194 1023; x_wconf 88' lang='lat' dir='ltr'>qui</span> <span class='ocrx_word' id='word_1_140' title='bbox 1226 972 1328 1024; x_wconf 89' lang='lat' dir='ltr'>post</span> <span class='ocrx_word' id='word_1_141' title='bbox 1356 983 1426 1010; x_wconf 91' lang='lat' dir='ltr'>me</span> <span class='ocrx_word' id='word_1_142' title='bbox 1458 968 1555 1010; x_wconf 87' lang='lat' dir='ltr'>fue-</span> 
     </span>
     <span class='ocr_line' id='line_1_17' title="bbox 57 1025 1554 1080; baseline -0.001 -13"><span class='ocrx_word' id='word_1_143' title='bbox 57 1031 175 1078; x_wconf 80' lang='lat' dir='ltr'>runt,</span> <span class='ocrx_word' id='word_1_144' title='bbox 206 1040 300 1066; x_wconf 88' lang='lat' dir='ltr'>rem</span> <span class='ocrx_word' id='word_1_145' title='bbox 322 1027 546 1080; x_wconf 86' lang='lat' dir='ltr'>publicam</span> <span class='ocrx_word' id='word_1_146' title='bbox 569 1026 814 1067; x_wconf 82' lang='lat' dir='ltr'>defendere</span> <span class='ocrx_word' id='word_1_147' title='bbox 835 1026 1054 1067; x_wconf 84' lang='lat' dir='ltr'>solebant.</span> <span class='ocrx_word' id='word_1_148' title='bbox 1116 1025 1240 1075; x_wconf 79' lang='lat' dir='ltr'>Quid</span> <span class='ocrx_word' id='word_1_149' title='bbox 1262 1026 1395 1079; x_wconf 74' lang='lat' dir='ltr'>ergo?</span> <span class='ocrx_word' id='word_1_150' title='bbox 1425 1025 1554 1077; x_wconf 81' lang='lat' dir='ltr'>istos,</span> 
     </span>
     <span class='ocr_line' id='line_1_18' title="bbox 6 1081 1554 1137; baseline -0.001 -15"><span class='ocrx_word' id='word_1_151' title='bbox 6 1089 11 1132; x_wconf 60' lang='grc' dir='ltr'>ζ</span> <span class='ocrx_word' id='word_1_152' title='bbox 57 1083 248 1137; x_wconf 74' lang='lat' dir='ltr'>inquies,</span> <span class='ocrx_word' id='word_1_153' title='bbox 278 1081 485 1123; x_wconf 87' lang='lat' dir='ltr'>mercede</span> <span class='ocrx_word' id='word_1_154' title='bbox 527 1083 776 1123; x_wconf 83' lang='lat' dir='ltr'>conductos</span> <span class='ocrx_word' id='word_1_155' title='bbox 804 1081 1093 1123; x_wconf 63' lang='lat' dir='ltr'>habebimus?</span> <span class='ocrx_word' id='word_1_156' title='bbox 1153 1081 1278 1131; x_wconf 83' lang='lat' dir='ltr'>Quid</span> <span class='ocrx_word' id='word_1_157' title='bbox 1317 1081 1554 1133; x_wconf 73' lang='lat' dir='ltr'>faciemus,</span> 
     </span>
     <span class='ocr_line' id='line_1_19' title="bbox 8 1138 1554 1194; baseline -0.001 -15"><span class='ocrx_word' id='word_1_158' title='bbox 8 1184 12 1194; x_wconf 73' lang='lat'>‚</span> <span class='ocrx_word' id='word_1_159' title='bbox 55 1140 93 1179; x_wconf 89' lang='lat' dir='ltr'>si</span> <span class='ocrx_word' id='word_1_160' title='bbox 124 1139 260 1179; x_wconf 86' lang='lat' dir='ltr'>aliter</span> <span class='ocrx_word' id='word_1_161' title='bbox 289 1152 378 1179; x_wconf 92' lang='lat' dir='ltr'>non</span> <span class='ocrx_word' id='word_1_162' title='bbox 407 1138 665 1193; x_wconf 65' lang='lat' dir='ltr'>possumus?</span> <span class='ocrx_word' id='word_1_163' title='bbox 717 1151 773 1179; x_wconf 88' lang='lat' dir='ltr'>an</span> <span class='ocrx_word' id='word_1_164' title='bbox 814 1139 1039 1179; x_wconf 84' lang='lat' dir='ltr'>libertinis</span> <span class='ocrx_word' id='word_1_165' title='bbox 1069 1140 1203 1192; x_wconf 89' lang='lat' dir='ltr'>atque</span> <span class='ocrx_word' id='word_1_166' title='bbox 1243 1138 1382 1179; x_wconf 87' lang='lat' dir='ltr'>etiam</span> <span class='ocrx_word' id='word_1_167' title='bbox 1412 1138 1554 1180; x_wconf 81' lang='lat' dir='ltr'>servis</span> 
     </span>
    </p>
   </div>
   <div class='ocr_carea' id='block_1_3' title="bbox 9 1230 1564 2440">
    <p class='ocr_par' dir='ltr' id='par_1_5' title="bbox 9 1230 1552 1276">
     <span class='ocr_line' id='line_1_20' title="bbox 9 1230 1552 1276; baseline -0.001 -12"><span class='ocrx_word' id='word_1_168' title='bbox 9 1267 13 1276; x_wconf 39' lang='grc'><strong>,</strong></span> <span class='ocrx_word' id='word_1_169' title='bbox 55 1231 490 1273; x_wconf 79' lang='lat' dir='ltr'>Lucullus‚H0rtensius.</span> <span class='ocrx_word' id='word_1_170' title='bbox 515 1231 547 1264; x_wconf 87' lang='lat' dir='ltr'>S.</span> <span class='ocrx_word' id='word_1_171' title='bbox 563 1244 620 1276; x_wconf 86' lang='lat' dir='ltr'>ep.</span> <span class='ocrx_word' id='word_1_172' title='bbox 634 1232 797 1273; x_wconf 77' lang='lat' dir='ltr'>XX111‚6</span> <span class='ocrx_word' id='word_1_173' title='bbox 808 1243 869 1264; x_wconf 84' lang='lat' dir='ltr'>am</span> <span class='ocrx_word' id='word_1_174' title='bbox 882 1230 1166 1265; x_wconf 79' lang='lat' dir='ltr'>Ende.—-mulli</span> <span class='ocrx_word' id='word_1_175' title='bbox 1183 1230 1552 1273; x_wconf 57' lang='lat' dir='ltr'>barbati,Meerbar&gt;</span> 
     </span>
    </p>

    <p class='ocr_par' dir='ltr' id='par_1_6' title="bbox 10 1278 1557 1372">
     <span class='ocr_line' id='line_1_21' title="bbox 10 1278 1557 1323; baseline -0.001 -11"><span class='ocrx_word' id='word_1_176' title='bbox 10 1297 12 1316; x_wconf 43' lang='grc' dir='ltr'><em>ῃ</em></span> <span class='ocrx_word' id='word_1_177' title='bbox 56 1279 143 1321; x_wconf 88' lang='lat' dir='ltr'>ben,</span> <span class='ocrx_word' id='word_1_178' title='bbox 171 1280 399 1313; x_wconf 71' lang='lat' dir='ltr'>Rothbarte.</span> <span class='ocrx_word' id='word_1_179' title='bbox 457 1280 491 1312; x_wconf 82' lang='lat' dir='ltr'>S.</span> <span class='ocrx_word' id='word_1_180' title='bbox 525 1291 571 1312; x_wconf 91' lang='lat' dir='ltr'>zu</span> <span class='ocrx_word' id='word_1_181' title='bbox 596 1280 728 1314; x_wconf 81' lang='lat' dir='ltr'>Parad.</span> <span class='ocrx_word' id='word_1_182' title='bbox 766 1281 812 1322; x_wconf 89' lang='lat' dir='ltr'>V,</span> <span class='ocrx_word' id='word_1_183' title='bbox 847 1281 905 1322; x_wconf 83' lang='lat'>11,</span> <span class='ocrx_word' id='word_1_184' title='bbox 939 1281 984 1314; x_wconf 79' lang='lat'>38</span> <span class='ocrx_word' id='word_1_185' title='bbox 1011 1279 1157 1312; x_wconf 87' lang='lat' dir='ltr'>meiner</span> <span class='ocrx_word' id='word_1_186' title='bbox 1182 1278 1402 1323; x_wconf 79' lang='lat' dir='ltr'>Schulausg.</span> <span class='ocrx_word' id='word_1_187' title='bbox 1434 1297 1477 1303; x_wconf 94' lang='lat'><strong>—</strong></span> <span class='ocrx_word' id='word_1_188' title='bbox 1516 1278 1557 1311; x_wconf 76' lang='lat' dir='ltr'>in</span> 
     </span>
     <span class='ocr_line' id='line_1_22' title="bbox 10 1327 1554 1372; baseline -0.001 -12"><span class='ocrx_word' id='word_1_189' title='bbox 10 1351 14 1370; x_wconf 72' lang='lat'>=</span> <span class='ocrx_word' id='word_1_190' title='bbox 55 1327 145 1370; x_wconf 78' lang='lat' dir='ltr'>pise.</span> <span class='ocrx_word' id='word_1_191' title='bbox 173 1328 260 1361; x_wconf 81' lang='lat' dir='ltr'>sint.</span> <span class='ocrx_word' id='word_1_192' title='bbox 311 1328 372 1361; x_wconf 84' lang='lat' dir='ltr'>Sic</span> <span class='ocrx_word' id='word_1_193' title='bbox 401 1328 520 1362; x_wconf 82' lang='lat' dir='ltr'>Oxou.</span> <span class='ocrx_word' id='word_1_194' title='bbox 548 1330 582 1363; x_wconf 83' lang='lat'>2.</span> <span class='ocrx_word' id='word_1_195' title='bbox 647 1329 740 1361; x_wconf 84' lang='lat' dir='ltr'>Edd.</span> <span class='ocrx_word' id='word_1_196' title='bbox 767 1334 917 1372; x_wconf 85' lang='lat' dir='ltr'>praeter</span> <span class='ocrx_word' id='word_1_197' title='bbox 944 1328 1043 1361; x_wconf 91' lang='lat' dir='ltr'>Vict.</span> <span class='ocrx_word' id='word_1_198' title='bbox 1071 1328 1104 1361; x_wconf 86' lang='lat'>2.</span> <span class='ocrx_word' id='word_1_199' title='bbox 1132 1331 1213 1360; x_wconf 79' lang='lat' dir='ltr'>sunt</span> <span class='ocrx_word' id='word_1_200' title='bbox 1237 1328 1342 1361; x_wconf 81' lang='lat' dir='ltr'>Med.</span> <span class='ocrx_word' id='word_1_201' title='bbox 1371 1328 1492 1361; x_wconf 79' lang='lat' dir='ltr'>Oxon.</span> <span class='ocrx_word' id='word_1_202' title='bbox 1523 1329 1554 1360; x_wconf 88' lang='lat'>1.</span> 
     </span>
    </p>

    <p class='ocr_par' dir='ltr' id='par_1_7' title="bbox 14 1374 1562 1567">
     <span class='ocr_line' id='line_1_23' title="bbox 60 1374 1562 1419; baseline 0 -11"><span class='ocrx_word' id='word_1_203' title='bbox 60 1375 153 1408; x_wconf 90' lang='lat' dir='ltr'>Vict.</span> <span class='ocrx_word' id='word_1_204' title='bbox 184 1378 214 1409; x_wconf 94' lang='lat' dir='ltr'>l.</span> <span class='ocrx_word' id='word_1_205' title='bbox 245 1375 442 1409; x_wconf 82' lang='lat' dir='ltr'>ORELLI.</span> <span class='ocrx_word' id='word_1_206' title='bbox 471 1394 513 1400; x_wconf 89' lang='lat'>-—</span> <span class='ocrx_word' id='word_1_207' title='bbox 560 1376 619 1419; x_wconf 72' lang='lat' dir='ltr'>qui</span> <span class='ocrx_word' id='word_1_208' title='bbox 645 1377 693 1408; x_wconf 82' lang='lat' dir='ltr'>ad</span> <span class='ocrx_word' id='word_1_209' title='bbox 716 1386 815 1411; x_wconf 68' lang='lat' dir='ltr'>man.</span> <span class='ocrx_word' id='word_1_210' title='bbox 842 1376 963 1409; x_wconf 79' lang='lat' dir='ltr'>acced.</span> <span class='ocrx_word' id='word_1_211' title='bbox 1000 1376 1022 1408; x_wconf 84' lang='lat' dir='ltr'>i.</span> <span class='ocrx_word' id='word_1_212' title='bbox 1052 1386 1082 1408; x_wconf 86' lang='lat' dir='ltr'>e.</span> <span class='ocrx_word' id='word_1_213' title='bbox 1112 1375 1237 1408; x_wconf 75' lang='lat' dir='ltr'>vocati</span> <span class='ocrx_word' id='word_1_214' title='bbox 1262 1388 1283 1409; x_wconf 81' lang='lat' dir='ltr'>a</span> <span class='ocrx_word' id='word_1_215' title='bbox 1309 1375 1464 1409; x_wconf 82' lang='lat' dir='ltr'>domino</span> <span class='ocrx_word' id='word_1_216' title='bbox 1490 1374 1562 1408; x_wconf 80' lang='lat' dir='ltr'>ad—</span> 
     </span>
     <span class='ocr_line' id='line_1_24' title="bbox 59 1423 1562 1466; baseline 0.001 -11"><span class='ocrx_word' id='word_1_217' title='bbox 59 1430 210 1465; x_wconf 85' lang='lat' dir='ltr'>natent,</span> <span class='ocrx_word' id='word_1_218' title='bbox 243 1435 263 1455; x_wconf 86' lang='lat' dir='ltr'>e</span> <span class='ocrx_word' id='word_1_219' title='bbox 289 1435 402 1456; x_wconf 87' lang='lat' dir='ltr'>manu</span> <span class='ocrx_word' id='word_1_220' title='bbox 429 1423 554 1462; x_wconf 81' lang='lat' dir='ltr'>edant,</span> <span class='ocrx_word' id='word_1_221' title='bbox 581 1430 622 1456; x_wconf 82' lang='lat' dir='ltr'>ut</span> <span class='ocrx_word' id='word_1_222' title='bbox 646 1423 817 1458; x_wconf 80' lang='lat' dir='ltr'>Nlartial.</span> <span class='ocrx_word' id='word_1_223' title='bbox 853 1425 919 1466; x_wconf 91' lang='lat' dir='ltr'>IV,</span> <span class='ocrx_word' id='word_1_224' title='bbox 956 1424 1012 1458; x_wconf 89' lang='grc'>30.</span> <span class='ocrx_word' id='word_1_225' title='bbox 1039 1423 1152 1457; x_wconf 78' lang='lat' dir='ltr'>habet</span> <span class='ocrx_word' id='word_1_226' title='bbox 1179 1435 1263 1457; x_wconf 88' lang='lat' dir='ltr'>cum</span> <span class='ocrx_word' id='word_1_227' title='bbox 1290 1424 1386 1461; x_wconf 81' lang='lat' dir='ltr'>aliis.</span> <span class='ocrx_word' id='word_1_228' title='bbox 1438 1423 1562 1460; x_wconf 81' lang='lat' dir='ltr'>ERN.</span> 
     </span>
     <span class='ocr_line' id='line_1_25' title="bbox 14 1471 1561 1518; baseline -0.001 -13"><span class='ocrx_word' id='word_1_229' title='bbox 14 1473 17 1510; x_wconf 76' lang='grc' dir='ltr'>Ξ</span> <span class='ocrx_word' id='word_1_230' title='bbox 59 1490 103 1495; x_wconf 92' lang='grc'><strong>-</strong></span> <span class='ocrx_word' id='word_1_231' title='bbox 130 1472 219 1512; x_wconf 80' lang='lat' dir='ltr'>alia,</span> <span class='ocrx_word' id='word_1_232' title='bbox 243 1483 324 1504; x_wconf 89' lang='lat' dir='ltr'>rem</span> <span class='ocrx_word' id='word_1_233' title='bbox 349 1471 556 1517; x_wconf 85' lang='lat' dir='ltr'>publicam.</span> <span class='ocrx_word' id='word_1_234' title='bbox 585 1491 630 1496; x_wconf 90' lang='lat'>—</span> <span class='ocrx_word' id='word_1_235' title='bbox 656 1473 791 1514; x_wconf 80' lang='lat' dir='ltr'>obesse,</span> <span class='ocrx_word' id='word_1_236' title='bbox 825 1473 880 1505; x_wconf 85' lang='lat' dir='ltr'>rei</span> <span class='ocrx_word' id='word_1_237' title='bbox 906 1472 1089 1518; x_wconf 83' lang='lat' dir='ltr'>publicae.</span> <span class='ocrx_word' id='word_1_238' title='bbox 1146 1472 1255 1506; x_wconf 84' lang='lat' dir='ltr'>Diess</span> <span class='ocrx_word' id='word_1_239' title='bbox 1290 1472 1441 1506; x_wconf 86' lang='lat' dir='ltr'>bezieht</span> <span class='ocrx_word' id='word_1_240' title='bbox 1473 1471 1561 1505; x_wconf 87' lang='lat' dir='ltr'>sich</span> 
     </span>
     <span class='ocr_line' id='line_1_26' title="bbox 14 1518 816 1567; baseline 0.002 -15"><span class='ocrx_word' id='word_1_241' title='bbox 14 1518 17 1525; x_wconf 83' lang='lat'><em>&#39;</em></span> <span class='ocrx_word' id='word_1_242' title='bbox 58 1520 282 1567; x_wconf 77' lang='lat' dir='ltr'>vorziiglich</span> <span class='ocrx_word' id='word_1_243' title='bbox 309 1520 377 1553; x_wconf 82' lang='lat' dir='ltr'>auf</span> <span class='ocrx_word' id='word_1_244' title='bbox 400 1520 598 1565; x_wconf 84' lang='lat' dir='ltr'>Pompeius</span> <span class='ocrx_word' id='word_1_245' title='bbox 626 1532 661 1553; x_wconf 87' lang='lat' dir='ltr'>u.</span> <span class='ocrx_word' id='word_1_246' title='bbox 690 1522 816 1555; x_wconf 73' lang='lat' dir='ltr'>Ca&#39;sar.</span> 
     </span>
    </p>

    <p class='ocr_par' dir='ltr' id='par_1_8' title="bbox 15 1567 1564 2440">
     <span class='ocr_line' id='line_1_27' title="bbox 15 1567 1564 1615; baseline 0 -13"><span class='ocrx_word' id='word_1_247' title='bbox 15 1567 18 1614; x_wconf 53' lang='lat' dir='ltr'>f</span> <span class='ocrx_word' id='word_1_248' title='bbox 156 1569 187 1603; x_wconf 81' lang='lat'>8.</span> <span class='ocrx_word' id='word_1_249' title='bbox 211 1569 304 1602; x_wconf 82' lang='lat' dir='ltr'>Nam</span> <span class='ocrx_word' id='word_1_250' title='bbox 330 1568 643 1611; x_wconf 84' lang='lat' dir='ltr'>bedeutungsvoll</span> <span class='ocrx_word' id='word_1_251' title='bbox 670 1569 745 1601; x_wconf 86' lang='lat' dir='ltr'>und</span> <span class='ocrx_word' id='word_1_252' title='bbox 772 1569 861 1603; x_wconf 85' lang='lat' dir='ltr'>kurz</span> <span class='ocrx_word' id='word_1_253' title='bbox 888 1575 979 1603; x_wconf 83' lang='lat' dir='ltr'>statt</span> <span class='ocrx_word' id='word_1_254' title='bbox 1006 1568 1108 1615; x_wconf 88' lang='lat' dir='ltr'>quod</span> <span class='ocrx_word' id='word_1_255' title='bbox 1136 1569 1276 1603; x_wconf 82' lang='lat' dir='ltr'>attinet</span> <span class='ocrx_word' id='word_1_256' title='bbox 1301 1569 1347 1603; x_wconf 84' lang='lat' dir='ltr'>ad</span> <span class='ocrx_word' id='word_1_257' title='bbox 1363 1570 1564 1611; x_wconf 46' lang='lat' dir='ltr'>catonem.</span> 
     </span>
     <span class='ocr_line' id='line_1_28' title="bbox 17 1616 1560 1662; baseline 0.001 -15"><span class='ocrx_word' id='word_1_258' title='bbox 17 1621 19 1628; x_wconf 78' lang='lat'><em>&#39;</em></span> <span class='ocrx_word' id='word_1_259' title='bbox 59 1626 169 1661; x_wconf 89' lang='lat' dir='ltr'>quem</span> <span class='ocrx_word' id='word_1_260' title='bbox 203 1627 277 1650; x_wconf 88' lang='lat' dir='ltr'>non</span> <span class='ocrx_word' id='word_1_261' title='bbox 316 1622 358 1649; x_wconf 90' lang='lat' dir='ltr'>tu</span> <span class='ocrx_word' id='word_1_262' title='bbox 391 1623 464 1651; x_wconf 86' lang='lat' dir='ltr'>cet.</span> <span class='ocrx_word' id='word_1_263' title='bbox 515 1616 605 1650; x_wconf 81' lang='lat' dir='ltr'>VVas</span> <span class='ocrx_word' id='word_1_264' title='bbox 637 1617 821 1662; x_wconf 79' lang='lat' dir='ltr'>hingegen</span> <span class='ocrx_word' id='word_1_265' title='bbox 857 1618 928 1650; x_wconf 88' lang='lat' dir='ltr'>den</span> <span class='ocrx_word' id='word_1_266' title='bbox 965 1620 1020 1652; x_wconf 89' lang='lat' dir='ltr'>M.</span> <span class='ocrx_word' id='word_1_267' title='bbox 1057 1620 1151 1651; x_wconf 81' lang='lat' dir='ltr'>Cato</span> <span class='ocrx_word' id='word_1_268' title='bbox 1179 1618 1367 1652; x_wconf 86' lang='lat' dir='ltr'>Uticensis</span> <span class='ocrx_word' id='word_1_269' title='bbox 1392 1619 1560 1657; x_wconf 50' lang='lat' dir='ltr'>betrifft.</span> 
     </span>
     <span class='ocr_line' id='line_1_29' title="bbox 59 1663 1561 1711; baseline 0.001 -14"><span class='ocrx_word' id='word_1_270' title='bbox 59 1667 131 1697; x_wconf 83' lang='lat' dir='ltr'>den</span> <span class='ocrx_word' id='word_1_271' title='bbox 164 1665 223 1697; x_wconf 86' lang='lat' dir='ltr'>Du</span> <span class='ocrx_word' id='word_1_272' title='bbox 255 1677 288 1699; x_wconf 87' lang='lat' dir='ltr'>u.</span> <span class='ocrx_word' id='word_1_273' title='bbox 325 1676 356 1700; x_wconf 75' lang='lat' dir='ltr'>s.</span> <span class='ocrx_word' id='word_1_274' title='bbox 391 1676 433 1698; x_wconf 87' lang='lat' dir='ltr'>w.</span> <span class='ocrx_word' id='word_1_275' title='bbox 485 1663 520 1698; x_wconf 85' lang='lat' dir='ltr'>S.</span> <span class='ocrx_word' id='word_1_276' title='bbox 549 1665 708 1702; x_wconf 77' lang='lat' dir='ltr'>Ramsh.</span> <span class='ocrx_word' id='word_1_277' title='bbox 738 1666 773 1709; x_wconf 71' lang='lat'>§-</span> <span class='ocrx_word' id='word_1_278' title='bbox 807 1667 885 1703; x_wconf 78' lang='lat'>187.</span> <span class='ocrx_word' id='word_1_279' title='bbox 910 1667 938 1705; x_wconf 82' lang='lat' dir='ltr'>I,</span> <span class='ocrx_word' id='word_1_280' title='bbox 969 1669 997 1700; x_wconf 92' lang='lat' dir='ltr'>l.</span> <span class='ocrx_word' id='word_1_281' title='bbox 1050 1665 1200 1700; x_wconf 89' lang='lat' dir='ltr'>Grotef.</span> <span class='ocrx_word' id='word_1_282' title='bbox 1228 1668 1258 1711; x_wconf 61' lang='grc' dir='ltr'>ἓ.</span> <span class='ocrx_word' id='word_1_283' title='bbox 1283 1667 1366 1701; x_wconf 79' lang='grc'><strong>368.</strong></span> <span class='ocrx_word' id='word_1_284' title='bbox 1420 1667 1561 1711; x_wconf 84' lang='lat' dir='ltr'>Zumpt</span> 
     </span>
     <span class='ocr_line' id='line_1_30' title="bbox 58 1713 1561 1759; baseline 0.001 -14"><span class='ocrx_word' id='word_1_285' title='bbox 58 1713 92 1757; x_wconf 79' lang='lat'>§.</span> <span class='ocrx_word' id='word_1_286' title='bbox 118 1713 188 1748; x_wconf 71' lang='grc'>345</span> <span class='ocrx_word' id='word_1_287' title='bbox 214 1724 247 1746; x_wconf 88' lang='lat' dir='ltr'>u.</span> <span class='ocrx_word' id='word_1_288' title='bbox 275 1715 354 1748; x_wconf 83' lang='lat'>736.</span> <span class='ocrx_word' id='word_1_289' title='bbox 407 1732 450 1738; x_wconf 89' lang='lat'>—-</span> <span class='ocrx_word' id='word_1_290' title='bbox 501 1717 606 1746; x_wconf 81' lang='lat' dir='ltr'>utens</span> <span class='ocrx_word' id='word_1_291' title='bbox 630 1727 680 1746; x_wconf 72' lang='lat' dir='ltr'>:z</span> <span class='ocrx_word' id='word_1_292' title='bbox 706 1715 874 1759; x_wconf 82' lang='lat' dir='ltr'>quamvis</span> <span class='ocrx_word' id='word_1_293' title='bbox 900 1721 1040 1757; x_wconf 84' lang='lat' dir='ltr'>utatur,</span> <span class='ocrx_word' id='word_1_294' title='bbox 1067 1715 1215 1748; x_wconf 76' lang='lat' dir='ltr'>worauf</span> <span class='ocrx_word' id='word_1_295' title='bbox 1240 1714 1322 1748; x_wconf 82' lang='lat' dir='ltr'>sich</span> <span class='ocrx_word' id='word_1_296' title='bbox 1349 1718 1468 1748; x_wconf 76' lang='lat' dir='ltr'>lamen</span> <span class='ocrx_word' id='word_1_297' title='bbox 1492 1715 1561 1748; x_wconf 51' lang='lat' dir='ltr'>be*</span> 
     </span>
     <span class='ocr_line' id='line_1_31' title="bbox 58 1761 1561 1807; baseline 0.002 -14"><span class='ocrx_word' id='word_1_298' title='bbox 58 1761 167 1794; x_wconf 86' lang='lat' dir='ltr'>zieht.</span> <span class='ocrx_word' id='word_1_299' title='bbox 195 1780 239 1786; x_wconf 87' lang='lat'>-—</span> <span class='ocrx_word' id='word_1_300' title='bbox 266 1761 503 1807; x_wconf 75' lang='grc' dir='ltr'><em>πολιτείᾳ,</em></span> <span class='ocrx_word' id='word_1_301' title='bbox 530 1762 742 1807; x_wconf 84' lang='lat' dir='ltr'>republica,</span> <span class='ocrx_word' id='word_1_302' title='bbox 769 1763 806 1796; x_wconf 83' lang='lat' dir='ltr'>in</span> <span class='ocrx_word' id='word_1_303' title='bbox 834 1764 996 1797; x_wconf 72' lang='lat' dir='ltr'>Platon’s</span> <span class='ocrx_word' id='word_1_304' title='bbox 1023 1763 1269 1797; x_wconf 85' lang='lat' dir='ltr'>idealischem</span> <span class='ocrx_word' id='word_1_305' title='bbox 1295 1761 1442 1806; x_wconf 65' lang='lat' dir='ltr'>Stante,</span> <span class='ocrx_word' id='word_1_306' title='bbox 1477 1763 1561 1796; x_wconf 71' lang='lat' dir='ltr'>scil.</span> 
     </span>
     <span class='ocr_line' id='line_1_32' title="bbox 60 1806 1561 1858; baseline 0.003 -17"><span class='ocrx_word' id='word_1_307' title='bbox 60 1806 107 1842; x_wconf 74' lang='grc' dir='ltr'>ὤν</span> <span class='ocrx_word' id='word_1_308' title='bbox 143 1823 192 1841; x_wconf 71' lang='grc' dir='ltr'>Ξ</span> <span class='ocrx_word' id='word_1_309' title='bbox 226 1811 332 1855; x_wconf 82' lang='lat' dir='ltr'>quasi</span> <span class='ocrx_word' id='word_1_310' title='bbox 366 1810 507 1843; x_wconf 89' lang='lat' dir='ltr'>viveret</span> <span class='ocrx_word' id='word_1_311' title='bbox 540 1811 580 1843; x_wconf 91' lang='lat' dir='ltr'>in</span> <span class='ocrx_word' id='word_1_312' title='bbox 613 1816 682 1844; x_wconf 86' lang='lat' dir='ltr'>cet.</span> <span class='ocrx_word' id='word_1_313' title='bbox 719 1830 764 1836; x_wconf 94' lang='lat'>—</span> <span class='ocrx_word' id='word_1_314' title='bbox 814 1811 934 1845; x_wconf 62' lang='lat' dir='ltr'>verius</span> <span class='ocrx_word' id='word_1_315' title='bbox 967 1826 1017 1843; x_wconf 70' lang='lat' dir='ltr'><em>z</em></span> <span class='ocrx_word' id='word_1_316' title='bbox 1052 1813 1224 1858; x_wconf 73' lang='lat' dir='ltr'>aequiuS‚</span> <span class='ocrx_word' id='word_1_317' title='bbox 1253 1817 1293 1845; x_wconf 86' lang='lat' dir='ltr'>ut</span> <span class='ocrx_word' id='word_1_318' title='bbox 1320 1812 1561 1845; x_wconf 79' lang='lat' dir='ltr'>Graecorum</span> 
     </span>
     <span class='ocr_line' id='line_1_33' title="bbox 59 1854 1559 1903; baseline 0.001 -12"><span class='ocrx_word' id='word_1_319' title='bbox 59 1854 198 1900; x_wconf 76' lang='grc' dir='ltr'><strong><em>ἀληθὲς</em></strong></span> <span class='ocrx_word' id='word_1_320' title='bbox 221 1870 291 1903; x_wconf 88' lang='lat' dir='ltr'>pro</span> <span class='ocrx_word' id='word_1_321' title='bbox 317 1855 459 1892; x_wconf 79' lang='grc' dir='ltr'><em>δίκαιον</em></span> <span class='ocrx_word' id='word_1_322' title='bbox 492 1864 530 1892; x_wconf 86' lang='lat' dir='ltr'>et</span> <span class='ocrx_word' id='word_1_323' title='bbox 565 1859 635 1894; x_wconf 84' lang='lat' dir='ltr'>vic.</span> <span class='ocrx_word' id='word_1_324' title='bbox 670 1870 785 1893; x_wconf 84' lang='lat' dir='ltr'>versa.</span> <span class='ocrx_word' id='word_1_325' title='bbox 839 1879 883 1884; x_wconf 86' lang='lat'>—</span> <span class='ocrx_word' id='word_1_326' title='bbox 932 1860 971 1894; x_wconf 77' lang='lat' dir='ltr'>in</span> <span class='ocrx_word' id='word_1_327' title='bbox 1005 1861 1115 1894; x_wconf 66' lang='lat' dir='ltr'>indic.</span> <span class='ocrx_word' id='word_1_328' title='bbox 1144 1860 1270 1894; x_wconf 75' lang='lat' dir='ltr'>venire</span> <span class='ocrx_word' id='word_1_329' title='bbox 1303 1873 1352 1891; x_wconf 69' lang='grc' dir='ltr'>Ξ</span> <span class='ocrx_word' id='word_1_330' title='bbox 1386 1860 1559 1893; x_wconf 79' lang='lat' dir='ltr'>accusari</span> 
     </span>
     <span class='ocr_line' id='line_1_34' title="bbox 60 1907 1563 1952; baseline 0.001 -13"><span class='ocrx_word' id='word_1_331' title='bbox 60 1907 156 1952; x_wconf 88' lang='lat' dir='ltr'>apud</span> <span class='ocrx_word' id='word_1_332' title='bbox 181 1907 336 1941; x_wconf 87' lang='lat' dir='ltr'>iudices.</span> <span class='ocrx_word' id='word_1_333' title='bbox 387 1907 468 1940; x_wconf 79' lang='lat' dir='ltr'>vid.</span> <span class='ocrx_word' id='word_1_334' title='bbox 499 1918 557 1952; x_wconf 89' lang='lat' dir='ltr'>ep.</span> <span class='ocrx_word' id='word_1_335' title='bbox 585 1908 683 1948; x_wconf 88' lang='lat' dir='ltr'><strong>XXI,</strong></span> <span class='ocrx_word' id='word_1_336' title='bbox 711 1909 743 1943; x_wconf 85' lang='lat'>6.</span> <span class='ocrx_word' id='word_1_337' title='bbox 794 1908 912 1951; x_wconf 82' lang='lat' dir='ltr'>XXII,</span> <span class='ocrx_word' id='word_1_338' title='bbox 940 1910 972 1944; x_wconf 82' lang='lat'>8.</span> <span class='ocrx_word' id='word_1_339' title='bbox 998 1910 1031 1944; x_wconf 89' lang='grc'>9.</span> <span class='ocrx_word' id='word_1_340' title='bbox 1082 1909 1218 1950; x_wconf 89' lang='lat' dir='ltr'>XXIII,</span> <span class='ocrx_word' id='word_1_341' title='bbox 1245 1911 1281 1945; x_wconf 75' lang='lat'>7.</span> <span class='ocrx_word' id='word_1_342' title='bbox 1332 1927 1377 1933; x_wconf 93' lang='lat'>--</span> <span class='ocrx_word' id='word_1_343' title='bbox 1427 1909 1563 1942; x_wconf 80' lang='lat' dir='ltr'>bellum</span> 
     </span>
     <span class='ocr_line' id='line_1_35' title="bbox 61 1954 1561 2002; baseline 0.001 -15"><span class='ocrx_word' id='word_1_344' title='bbox 61 1954 273 1988; x_wconf 86' lang='lat' dir='ltr'>indixerunt</span> <span class='ocrx_word' id='word_1_345' title='bbox 300 1955 435 1998; x_wconf 77' lang='lat' dir='ltr'>curiae,</span> <span class='ocrx_word' id='word_1_346' title='bbox 461 1956 615 1990; x_wconf 84' lang='lat' dir='ltr'>senatui.</span> <span class='ocrx_word' id='word_1_347' title='bbox 667 1957 874 1991; x_wconf 80' lang='lat' dir='ltr'>continens</span> <span class='ocrx_word' id='word_1_348' title='bbox 911 1969 978 2002; x_wconf 87' lang='lat' dir='ltr'>pro</span> <span class='ocrx_word' id='word_1_349' title='bbox 1005 1958 1207 1992; x_wconf 86' lang='lat' dir='ltr'>Contento.</span> <span class='ocrx_word' id='word_1_350' title='bbox 1260 1976 1305 1981; x_wconf 89' lang='lat'><em>-</em></span> <span class='ocrx_word' id='word_1_351' title='bbox 1352 1956 1561 2000; x_wconf 82' lang='lat' dir='ltr'>publicanis</span> 
     </span>
     <span class='ocr_line' id='line_1_36' title="bbox 61 2004 1560 2045; baseline 0.001 -9"><span class='ocrx_word' id='word_1_352' title='bbox 61 2004 350 2037; x_wconf 82' lang='lat' dir='ltr'>conductionem</span> <span class='ocrx_word' id='word_1_353' title='bbox 379 2004 687 2045; x_wconf 77' lang='lat' dir='ltr'>renuntiantibus,</span> <span class='ocrx_word' id='word_1_354' title='bbox 715 2006 786 2038; x_wconf 88' lang='lat' dir='ltr'>wie</span> <span class='ocrx_word' id='word_1_355' title='bbox 818 2007 952 2040; x_wconf 86' lang='lat' dir='ltr'>Lamb.</span> <span class='ocrx_word' id='word_1_356' title='bbox 987 2006 1094 2040; x_wconf 85' lang='lat' dir='ltr'>lies’t.</span> <span class='ocrx_word' id='word_1_357' title='bbox 1153 2005 1266 2040; x_wconf 87' lang='lat' dir='ltr'>Sinn:</span> <span class='ocrx_word' id='word_1_358' title='bbox 1308 2005 1412 2038; x_wconf 84' lang='lat' dir='ltr'>kann</span> <span class='ocrx_word' id='word_1_359' title='bbox 1438 2006 1560 2039; x_wconf 80' lang='lat' dir='ltr'>Etwas</span> 
     </span>
     <span class='ocr_line' id='line_1_37' title="bbox 60 2052 1561 2100; baseline 0.001 -16"><span class='ocrx_word' id='word_1_360' title='bbox 60 2052 404 2085; x_wconf 76' lang='lat' dir='ltr'>nnverscha’mteres</span> <span class='ocrx_word' id='word_1_361' title='bbox 431 2052 523 2095; x_wconf 84' lang='lat' dir='ltr'>sein,</span> <span class='ocrx_word' id='word_1_362' title='bbox 550 2053 601 2086; x_wconf 89' lang='lat' dir='ltr'>als</span> <span class='ocrx_word' id='word_1_363' title='bbox 626 2052 688 2085; x_wconf 88' lang='lat' dir='ltr'>die</span> <span class='ocrx_word' id='word_1_364' title='bbox 715 2054 944 2089; x_wconf 77' lang='lat' dir='ltr'>Asiatischen</span> <span class='ocrx_word' id='word_1_365' title='bbox 960 2054 1217 2100; x_wconf 64' lang='lat' dir='ltr'>Zollpachter‚</span> <span class='ocrx_word' id='word_1_366' title='bbox 1244 2053 1306 2086; x_wconf 86' lang='lat' dir='ltr'>die</span> <span class='ocrx_word' id='word_1_367' title='bbox 1330 2054 1442 2087; x_wconf 83' lang='lat' dir='ltr'>ihren</span> <span class='ocrx_word' id='word_1_368' title='bbox 1459 2055 1561 2088; x_wconf 87' lang='lat' dir='ltr'>Con-</span> 
     </span>
     <span class='ocr_line' id='line_1_38' title="bbox 25 2099 1560 2150; baseline 0.001 -17"><span class='ocrx_word' id='word_1_369' title='bbox 25 2121 28 2150; x_wconf 68' lang='lat'>3</span> <span class='ocrx_word' id='word_1_370' title='bbox 60 2107 162 2133; x_wconf 86' lang='lat' dir='ltr'>tract</span> <span class='ocrx_word' id='word_1_371' title='bbox 195 2100 417 2146; x_wconf 81' lang='lat' dir='ltr'>aussagten‘?</span> <span class='ocrx_word' id='word_1_372' title='bbox 468 2099 506 2139; x_wconf 73' lang='lat' dir='ltr'>S.</span> <span class='ocrx_word' id='word_1_373' title='bbox 540 2103 613 2146; x_wconf 77' lang='lat' dir='ltr'>Ep.</span> <span class='ocrx_word' id='word_1_374' title='bbox 654 2103 777 2145; x_wconf 86' lang='lat' dir='ltr'>XXII,</span> <span class='ocrx_word' id='word_1_375' title='bbox 803 2105 838 2138; x_wconf 81' lang='lat'>9.</span> <span class='ocrx_word' id='word_1_376' title='bbox 889 2122 934 2129; x_wconf 88' lang='lat'><em>-</em></span> <span class='ocrx_word' id='word_1_377' title='bbox 986 2108 1049 2137; x_wconf 79' lang='lat' dir='ltr'>ret.</span> <span class='ocrx_word' id='word_1_378' title='bbox 1078 2103 1220 2137; x_wconf 78' lang='lat' dir='ltr'>ordinis</span> <span class='ocrx_word' id='word_1_379' title='bbox 1243 2112 1368 2145; x_wconf 82' lang='lat' dir='ltr'>causa,</span> <span class='ocrx_word' id='word_1_380' title='bbox 1393 2113 1439 2135; x_wconf 86' lang='lat' dir='ltr'>ne</span> <span class='ocrx_word' id='word_1_381' title='bbox 1466 2102 1560 2136; x_wconf 88' lang='lat' dir='ltr'>ordo</span> 
     </span>
     <span class='ocr_line' id='line_1_39' title="bbox 26 2149 1562 2198; baseline 0.001 -17"><span class='ocrx_word' id='word_1_382' title='bbox 26 2153 29 2171; x_wconf 72' lang='lat'>³</span> <span class='ocrx_word' id='word_1_383' title='bbox 63 2154 235 2194; x_wconf 82' lang='lat' dir='ltr'>equester</span> <span class='ocrx_word' id='word_1_384' title='bbox 261 2149 489 2187; x_wconf 77' lang='lat' dir='ltr'>alienaretur</span> <span class='ocrx_word' id='word_1_385' title='bbox 516 2161 535 2182; x_wconf 88' lang='lat' dir='ltr'>a</span> <span class='ocrx_word' id='word_1_386' title='bbox 561 2158 709 2190; x_wconf 59' lang='lat' dir='ltr'>senatum</span> <span class='ocrx_word' id='word_1_387' title='bbox 736 2151 931 2197; x_wconf 86' lang='lat' dir='ltr'>publicani</span> <span class='ocrx_word' id='word_1_388' title='bbox 957 2152 1058 2185; x_wconf 88' lang='lat' dir='ltr'>enim</span> <span class='ocrx_word' id='word_1_389' title='bbox 1087 2152 1232 2198; x_wconf 85' lang='lat' dir='ltr'>equites</span> <span class='ocrx_word' id='word_1_390' title='bbox 1248 2151 1415 2184; x_wconf 79' lang='lat' dir='ltr'>Romani</span> <span class='ocrx_word' id='word_1_391' title='bbox 1442 2151 1562 2184; x_wconf 76' lang='lat' dir='ltr'>fuere.</span> 
     </span>
     <span class='ocr_line' id='line_1_40' title="bbox 26 2173 1560 2243; baseline 0.001 -13"><span class='ocrx_word' id='word_1_392' title='bbox 26 2173 30 2243; x_wconf 51' lang='grc' dir='ltr'>Ι,</span> <span class='ocrx_word' id='word_1_393' title='bbox 61 2195 266 2231; x_wconf 79' lang='lat' dir='ltr'>MANUT.</span> <span class='ocrx_word' id='word_1_394' title='bbox 308 2217 351 2222; x_wconf 93' lang='grc'>--</span> <span class='ocrx_word' id='word_1_395' title='bbox 400 2198 550 2232; x_wconf 79' lang='lat' dir='ltr'>iactura</span> <span class='ocrx_word' id='word_1_396' title='bbox 577 2200 723 2233; x_wconf 83' lang='lat' dir='ltr'>aerarii.</span> <span class='ocrx_word' id='word_1_397' title='bbox 749 2219 794 2224; x_wconf 95' lang='lat'>—</span> <span class='ocrx_word' id='word_1_398' title='bbox 821 2211 919 2234; x_wconf 79' lang='lat' dir='ltr'>cons.</span> <span class='ocrx_word' id='word_1_399' title='bbox 946 2201 983 2235; x_wconf 86' lang='lat' dir='ltr'>in</span> <span class='ocrx_word' id='word_1_400' title='bbox 1011 2211 1043 2235; x_wconf 85' lang='lat' dir='ltr'>c.</span> <span class='ocrx_word' id='word_1_401' title='bbox 1069 2200 1153 2234; x_wconf 75' lang='lat' dir='ltr'>incl.</span> <span class='ocrx_word' id='word_1_402' title='bbox 1202 2201 1280 2233; x_wconf 88' lang='lat' dir='ltr'>Der</span> <span class='ocrx_word' id='word_1_403' title='bbox 1305 2200 1560 2234; x_wconf 86' lang='lat' dir='ltr'>Volkstribun</span> 
     </span>
     <span class='ocr_line' id='line_1_41' title="bbox 27 2244 1561 2294; baseline 0.002 -17"><span class='ocrx_word' id='word_1_404' title='bbox 27 2244 31 2290; x_wconf 74' lang='lat' dir='ltr'>j</span> <span class='ocrx_word' id='word_1_405' title='bbox 63 2246 104 2278; x_wconf 87' lang='lat' dir='ltr'>L.</span> <span class='ocrx_word' id='word_1_406' title='bbox 129 2245 279 2279; x_wconf 87' lang='lat' dir='ltr'>Flavius</span> <span class='ocrx_word' id='word_1_407' title='bbox 313 2247 398 2279; x_wconf 88' lang='lat' dir='ltr'>liess</span> <span class='ocrx_word' id='word_1_408' title='bbox 433 2247 505 2279; x_wconf 85' lang='lat' dir='ltr'>den</span> <span class='ocrx_word' id='word_1_409' title='bbox 534 2247 671 2281; x_wconf 89' lang='lat' dir='ltr'>Consul</span> <span class='ocrx_word' id='word_1_410' title='bbox 697 2248 872 2282; x_wconf 88' lang='lat' dir='ltr'>Metellus</span> <span class='ocrx_word' id='word_1_411' title='bbox 897 2249 934 2282; x_wconf 87' lang='lat' dir='ltr'>in</span> <span class='ocrx_word' id='word_1_412' title='bbox 960 2249 1089 2282; x_wconf 87' lang='lat' dir='ltr'>Arrest</span> <span class='ocrx_word' id='word_1_413' title='bbox 1112 2249 1288 2294; x_wconf 85' lang='lat' dir='ltr'>bringen,</span> <span class='ocrx_word' id='word_1_414' title='bbox 1325 2248 1410 2282; x_wconf 84' lang='lat' dir='ltr'>weil</span> <span class='ocrx_word' id='word_1_415' title='bbox 1436 2248 1561 2281; x_wconf 87' lang='lat' dir='ltr'>dieser</span> 
     </span>
     <span class='ocr_line' id='line_1_42' title="bbox 28 2293 1562 2339; baseline 0.002 -13"><span class='ocrx_word' id='word_1_416' title='bbox 28 2295 30 2333; x_wconf 64' lang='lat' dir='ltr'>j</span> <span class='ocrx_word' id='word_1_417' title='bbox 63 2293 144 2327; x_wconf 82' lang='lat' dir='ltr'>sich</span> <span class='ocrx_word' id='word_1_418' title='bbox 182 2293 248 2327; x_wconf 89' lang='lat' dir='ltr'>der</span> <span class='ocrx_word' id='word_1_419' title='bbox 285 2295 344 2328; x_wconf 83' lang='lat' dir='ltr'>lex</span> <span class='ocrx_word' id='word_1_420' title='bbox 387 2295 535 2339; x_wconf 77' lang='lat' dir='ltr'>agraria</span> <span class='ocrx_word' id='word_1_421' title='bbox 570 2296 818 2331; x_wconf 83' lang='lat' dir='ltr'>widersetzte.</span> <span class='ocrx_word' id='word_1_422' title='bbox 904 2299 963 2332; x_wconf 78' lang='lat' dir='ltr'>Da</span> <span class='ocrx_word' id='word_1_423' title='bbox 998 2297 1134 2331; x_wconf 82' lang='lat' dir='ltr'>iedoch</span> <span class='ocrx_word' id='word_1_424' title='bbox 1174 2298 1233 2331; x_wconf 91' lang='lat' dir='ltr'>die</span> <span class='ocrx_word' id='word_1_425' title='bbox 1268 2297 1433 2330; x_wconf 82' lang='lat' dir='ltr'>anderen</span> <span class='ocrx_word' id='word_1_426' title='bbox 1473 2296 1562 2329; x_wconf 88' lang='lat' dir='ltr'>Tri-</span> 
     </span>
     <span class='ocr_line' id='line_1_43' title="bbox 28 2341 1560 2391; baseline 0.001 -17"><span class='ocrx_word' id='word_1_427' title='bbox 28 2343 32 2375; x_wconf 75' lang='grc' dir='ltr'>ἱ</span> <span class='ocrx_word' id='word_1_428' title='bbox 62 2342 189 2375; x_wconf 86' lang='lat' dir='ltr'>bunen</span> <span class='ocrx_word' id='word_1_429' title='bbox 247 2341 329 2376; x_wconf 87' lang='lat' dir='ltr'>ihm</span> <span class='ocrx_word' id='word_1_430' title='bbox 378 2344 619 2387; x_wconf 83' lang='lat' dir='ltr'>beistanden‚</span> <span class='ocrx_word' id='word_1_431' title='bbox 690 2345 889 2391; x_wconf 87' lang='lat' dir='ltr'>Pompeius</span> <span class='ocrx_word' id='word_1_432' title='bbox 949 2346 1197 2391; x_wconf 80' lang='lat' dir='ltr'>einwilligte,</span> <span class='ocrx_word' id='word_1_433' title='bbox 1260 2357 1302 2379; x_wconf 87' lang='lat' dir='ltr'>so</span> <span class='ocrx_word' id='word_1_434' title='bbox 1360 2344 1462 2379; x_wconf 84' lang='lat' dir='ltr'>ward</span> <span class='ocrx_word' id='word_1_435' title='bbox 1518 2355 1560 2377; x_wconf 85' lang='lat' dir='ltr'>er</span> 
     </span>
     <span class='ocr_line' id='line_1_44' title="bbox 29 2390 1560 2440; baseline 0.003 -18"><span class='ocrx_word' id='word_1_436' title='bbox 29 2391 33 2421; x_wconf 82' lang='lat' dir='ltr'>i</span> <span class='ocrx_word' id='word_1_437' title='bbox 63 2390 161 2423; x_wconf 86' lang='lat' dir='ltr'>nach</span> <span class='ocrx_word' id='word_1_438' title='bbox 189 2391 341 2438; x_wconf 85' lang='lat' dir='ltr'>einigen</span> <span class='ocrx_word' id='word_1_439' title='bbox 368 2392 538 2426; x_wconf 86' lang='lat' dir='ltr'>Stunden</span> <span class='ocrx_word' id='word_1_440' title='bbox 565 2393 702 2427; x_wconf 89' lang='lat' dir='ltr'>wieder</span> <span class='ocrx_word' id='word_1_441' title='bbox 728 2394 765 2427; x_wconf 88' lang='lat' dir='ltr'>in</span> <span class='ocrx_word' id='word_1_442' title='bbox 792 2395 957 2428; x_wconf 84' lang='lat' dir='ltr'>Freiheit</span> <span class='ocrx_word' id='word_1_443' title='bbox 982 2402 1141 2440; x_wconf 84' lang='lat' dir='ltr'>gesetzt.</span> <span class='ocrx_word' id='word_1_444' title='bbox 1200 2395 1234 2429; x_wconf 88' lang='lat' dir='ltr'>S.</span> <span class='ocrx_word' id='word_1_445' title='bbox 1260 2394 1335 2427; x_wconf 89' lang='lat' dir='ltr'>Dio</span> <span class='ocrx_word' id='word_1_446' title='bbox 1369 2393 1560 2435; x_wconf 84' lang='lat' dir='ltr'>XXXVII,</span> 
     </span>
    </p>
   </div>
   <div class='ocr_carea' id='block_1_4' title="bbox 0 946 41 3006">
    <p class='ocr_par' dir='ltr' id='par_1_9' title="bbox 0 946 41 3006">
     <span class='ocr_line' id='line_1_45' title="bbox 0 946 29 2362; baseline 0 -84"><span class='ocrx_word' id='word_1_447' title='bbox 0 946 29 2362; x_wconf 95' lang='lat' dir='ltr'>    </span> 
     </span>
     <span class='ocr_line' id='line_1_46' title="bbox 8 2362 28 2516; baseline 0 0"><span class='ocrx_word' id='word_1_448' title='bbox 8 2362 28 2516; x_wconf 95' lang='lat' dir='ltr'>   </span> 
     </span>
     <span class='ocr_line' id='line_1_47' title="bbox 11 2516 33 2756; baseline 0 -149"><span class='ocrx_word' id='word_1_449' title='bbox 11 2516 33 2756; x_wconf 95' lang='lat' dir='ltr'>   </span> 
     </span>
     <span class='ocr_line' id='line_1_48' title="bbox 14 2756 41 3006; baseline 0 0"><span class='ocrx_word' id='word_1_450' title='bbox 14 2756 41 3006; x_wconf 95' lang='lat' dir='ltr'>  </span> 
     </span>
    </p>
   </div>
   <div class='ocr_carea' id='block_1_5' title="bbox 31 2432 1559 2807">
    <p class='ocr_par' dir='ltr' id='par_1_10' title="bbox 31 2432 1559 2807">
     <span class='ocr_line' id='line_1_49' title="bbox 31 2432 1559 2489; baseline 0.001 -17"><span class='ocrx_word' id='word_1_451' title='bbox 31 2432 34 2483; x_wconf 59' lang='lat' dir='ltr'>l</span> <span class='ocrx_word' id='word_1_452' title='bbox 66 2449 100 2473; x_wconf 83' lang='lat' dir='ltr'>c.</span> <span class='ocrx_word' id='word_1_453' title='bbox 128 2440 184 2472; x_wconf 84' lang='lat'>5⁰.</span> <span class='ocrx_word' id='word_1_454' title='bbox 212 2457 256 2463; x_wconf 83' lang='lat'>—</span> <span class='ocrx_word' id='word_1_455' title='bbox 291 2440 470 2483; x_wconf 71' lang='lat' dir='ltr'>aspiravit</span> <span class='ocrx_word' id='word_1_456' title='bbox 496 2451 596 2475; x_wconf 74' lang='lat' dir='ltr'>nemo</span> <span class='ocrx_word' id='word_1_457' title='bbox 632 2442 798 2488; x_wconf 86' lang='lat' dir='ltr'>equitum</span> <span class='ocrx_word' id='word_1_458' title='bbox 834 2443 859 2476; x_wconf 89' lang='lat' dir='ltr'>i.</span> <span class='ocrx_word' id='word_1_459' title='bbox 887 2454 923 2481; x_wconf 78' lang='lat' dir='ltr'>e,</span> <span class='ocrx_word' id='word_1_460' title='bbox 956 2444 1101 2489; x_wconf 85' lang='lat' dir='ltr'>equites</span> <span class='ocrx_word' id='word_1_461' title='bbox 1134 2455 1180 2477; x_wconf 86' lang='lat' dir='ltr'>ne</span> <span class='ocrx_word' id='word_1_462' title='bbox 1220 2442 1369 2477; x_wconf 80' lang='lat' dir='ltr'>iuvandi</span> <span class='ocrx_word' id='word_1_463' title='bbox 1404 2441 1559 2486; x_wconf 88' lang='lat' dir='ltr'>quidem</span> 
     </span>
     <span class='ocr_line' id='line_1_50' title="bbox 32 2485 1559 2534; baseline 0.003 -16"><span class='ocrx_word' id='word_1_464' title='bbox 32 2496 35 2525; x_wconf 66' lang='grc' dir='ltr'><strong>ξ</strong></span> <span class='ocrx_word' id='word_1_465' title='bbox 65 2485 294 2521; x_wconf 79' lang='lat' dir='ltr'>voluntatem</span> <span class='ocrx_word' id='word_1_466' title='bbox 323 2489 582 2525; x_wconf 86' lang='lat' dir='ltr'>ostenderunt.</span> <span class='ocrx_word' id='word_1_467' title='bbox 635 2493 694 2525; x_wconf 86' lang='lat' dir='ltr'>Sie</span> <span class='ocrx_word' id='word_1_468' title='bbox 718 2492 852 2524; x_wconf 84' lang='lat' dir='ltr'>kamen</span> <span class='ocrx_word' id='word_1_469' title='bbox 878 2492 955 2525; x_wconf 84' lang='lat' dir='ltr'>also</span> <span class='ocrx_word' id='word_1_470' title='bbox 984 2494 1069 2525; x_wconf 88' lang='lat' dir='ltr'>dem</span> <span class='ocrx_word' id='word_1_471' title='bbox 1094 2492 1230 2527; x_wconf 83' lang='lat' dir='ltr'>Metell</span> <span class='ocrx_word' id='word_1_472' title='bbox 1256 2503 1296 2524; x_wconf 87' lang='lat' dir='ltr'>so</span> <span class='ocrx_word' id='word_1_473' title='bbox 1323 2490 1471 2534; x_wconf 76' lang='lat' dir='ltr'>wenig,</span> <span class='ocrx_word' id='word_1_474' title='bbox 1505 2489 1559 2522; x_wconf 83' lang='lat' dir='ltr'>als</span> 
     </span>
     <span class='ocr_line' id='line_1_51' title="bbox 32 2534 1557 2583; baseline 0.003 -18"><span class='ocrx_word' id='word_1_475' title='bbox 32 2536 36 2573; x_wconf 65' lang='grc' dir='ltr'><strong>ξ</strong></span> <span class='ocrx_word' id='word_1_476' title='bbox 64 2534 135 2566; x_wconf 86' lang='lat' dir='ltr'>den</span> <span class='ocrx_word' id='word_1_477' title='bbox 163 2536 320 2569; x_wconf 80' lang='lat' dir='ltr'>anderen</span> <span class='ocrx_word' id='word_1_478' title='bbox 346 2538 587 2583; x_wconf 81' lang='lat' dir='ltr'>Optimaten,</span> <span class='ocrx_word' id='word_1_479' title='bbox 627 2539 688 2572; x_wconf 92' lang='lat' dir='ltr'>bei</span> <span class='ocrx_word' id='word_1_480' title='bbox 715 2540 786 2573; x_wconf 86' lang='lat' dir='ltr'>den</span> <span class='ocrx_word' id='word_1_481' title='bbox 816 2542 998 2575; x_wconf 84' lang='lat' dir='ltr'>Unruhen</span> <span class='ocrx_word' id='word_1_482' title='bbox 1025 2552 1071 2575; x_wconf 84' lang='lat' dir='ltr'>zu</span> <span class='ocrx_word' id='word_1_483' title='bbox 1096 2541 1221 2574; x_wconf 80' lang='lat' dir='ltr'>Hiilse.</span> <span class='ocrx_word' id='word_1_484' title='bbox 1250 2558 1290 2563; x_wconf 93' lang='lat'>—</span> <span class='ocrx_word' id='word_1_485' title='bbox 1319 2538 1351 2571; x_wconf 81' lang='lat' dir='ltr'>ii</span> <span class='ocrx_word' id='word_1_486' title='bbox 1376 2538 1557 2571; x_wconf 81' lang='lat' dir='ltr'>consules.</span> 
     </span>
     <span class='ocr_line' id='line_1_52' title="bbox 34 2580 1558 2623; baseline 0.005 -11"><span class='ocrx_word' id='word_1_487' title='bbox 34 2594 36 2612; x_wconf 57' lang='grc' dir='ltr'><strong>ε</strong></span> <span class='ocrx_word' id='word_1_488' title='bbox 65 2580 127 2615; x_wconf 91' lang='lat' dir='ltr'>Sic</span> <span class='ocrx_word' id='word_1_489' title='bbox 161 2583 268 2619; x_wconf 89' lang='lat' dir='ltr'>Med.</span> <span class='ocrx_word' id='word_1_490' title='bbox 304 2595 323 2616; x_wconf 82' lang='lat' dir='ltr'>a</span> <span class='ocrx_word' id='word_1_491' title='bbox 359 2597 430 2619; x_wconf 92' lang='lat' dir='ltr'>sec.</span> <span class='ocrx_word' id='word_1_492' title='bbox 466 2598 563 2620; x_wconf 75' lang='lat' dir='ltr'>man.</span> <span class='ocrx_word' id='word_1_493' title='bbox 601 2588 718 2623; x_wconf 83' lang='lat' dir='ltr'>Oxon.</span> <span class='ocrx_word' id='word_1_494' title='bbox 767 2591 798 2622; x_wconf 95' lang='lat' dir='ltr'>l.</span> <span class='ocrx_word' id='word_1_495' title='bbox 836 2591 934 2622; x_wconf 85' lang='lat' dir='ltr'>Crat.</span> <span class='ocrx_word' id='word_1_496' title='bbox 972 2589 1103 2622; x_wconf 80' lang='lat' dir='ltr'>Lamb.</span> <span class='ocrx_word' id='word_1_497' title='bbox 1139 2590 1235 2623; x_wconf 76' lang='lat' dir='ltr'>cett.</span> <span class='ocrx_word' id='word_1_498' title='bbox 1275 2587 1305 2620; x_wconf 76' lang='lat' dir='ltr'>ii</span> <span class='ocrx_word' id='word_1_499' title='bbox 1340 2586 1558 2620; x_wconf 79' lang='lat' dir='ltr'>omiserunt.</span> 
     </span>
     <span class='ocr_line' id='line_1_53' title="bbox 34 2622 1558 2681; baseline 0.002 -17"><span class='ocrx_word' id='word_1_500' title='bbox 34 2622 37 2661; x_wconf 76' lang='lat'>¹:</span> <span class='ocrx_word' id='word_1_501' title='bbox 66 2630 263 2665; x_wconf 82' lang='lat' dir='ltr'><em>ORELLI.</em></span> <span class='ocrx_word' id='word_1_502' title='bbox 291 2650 335 2656; x_wconf 87' lang='lat'><strong>—</strong></span> <span class='ocrx_word' id='word_1_503' title='bbox 359 2635 522 2668; x_wconf 76' lang='lat' dir='ltr'>mercede</span> <span class='ocrx_word' id='word_1_504' title='bbox 548 2635 634 2677; x_wconf 85' lang='lat' dir='ltr'>hac,</span> <span class='ocrx_word' id='word_1_505' title='bbox 662 2644 706 2671; x_wconf 85' lang='lat' dir='ltr'>ut</span> <span class='ocrx_word' id='word_1_506' title='bbox 733 2647 795 2671; x_wconf 88' lang='lat' dir='ltr'>eos</span> <span class='ocrx_word' id='word_1_507' title='bbox 820 2638 868 2671; x_wconf 90' lang='lat' dir='ltr'>ob</span> <span class='ocrx_word' id='word_1_508' title='bbox 895 2637 1142 2671; x_wconf 82' lang='lat' dir='ltr'>iudicandum</span> <span class='ocrx_word' id='word_1_509' title='bbox 1168 2635 1368 2680; x_wconf 82' lang='lat' dir='ltr'>pecuniam</span> <span class='ocrx_word' id='word_1_510' title='bbox 1382 2635 1558 2681; x_wconf 85' lang='lat' dir='ltr'>accipere</span> 
     </span>
     <span class='ocr_line' id='line_1_54' title="bbox 36 2678 1554 2730; baseline 0.003 -20"><span class='ocrx_word' id='word_1_511' title='bbox 36 2687 39 2719; x_wconf 70' lang='grc' dir='ltr'>ι</span> <span class='ocrx_word' id='word_1_512' title='bbox 64 2678 225 2712; x_wconf 84' lang='lat' dir='ltr'>sinamus</span> <span class='ocrx_word' id='word_1_513' title='bbox 252 2685 287 2712; x_wconf 86' lang='lat' dir='ltr'>et</span> <span class='ocrx_word' id='word_1_514' title='bbox 307 2681 352 2713; x_wconf 86' lang='lat' dir='ltr'>de</span> <span class='ocrx_word' id='word_1_515' title='bbox 377 2683 564 2716; x_wconf 83' lang='lat' dir='ltr'>locatione</span> <span class='ocrx_word' id='word_1_516' title='bbox 591 2686 835 2730; x_wconf 87' lang='lat' dir='ltr'>vectigalium</span> <span class='ocrx_word' id='word_1_517' title='bbox 862 2686 907 2719; x_wconf 83' lang='lat' dir='ltr'>iis</span> <span class='ocrx_word' id='word_1_518' title='bbox 934 2683 1192 2720; x_wconf 77' lang='lat' dir='ltr'>remittamus?</span> <span class='ocrx_word' id='word_1_519' title='bbox 1219 2702 1262 2707; x_wconf 93' lang='lat'><em>-</em></span> <span class='ocrx_word' id='word_1_520' title='bbox 1291 2695 1319 2716; x_wconf 87' lang='lat' dir='ltr'>c.</span> <span class='ocrx_word' id='word_1_521' title='bbox 1334 2683 1554 2721; x_wconf 75' lang='lat' dir='ltr'>habebimus,</span> 
     </span>
     <span class='ocr_line' id='line_1_55' title="bbox 36 2726 1554 2807; baseline 0.005 -49"><span class='ocrx_word' id='word_1_522' title='bbox 36 2726 41 2807; x_wconf 56' lang='grc' dir='ltr'><strong>ι</strong></span> <span class='ocrx_word' id='word_1_523' title='bbox 65 2727 171 2760; x_wconf 78' lang='lat' dir='ltr'>nobis</span> <span class='ocrx_word' id='word_1_524' title='bbox 197 2727 465 2773; x_wconf 78' lang='lat' dir='ltr'>adiungemus?</span> <span class='ocrx_word' id='word_1_525' title='bbox 492 2751 534 2757; x_wconf 87' lang='lat'>-</span> <span class='ocrx_word' id='word_1_526' title='bbox 587 2733 648 2766; x_wconf 78' lang='lat' dir='ltr'>lib.</span> <span class='ocrx_word' id='word_1_527' title='bbox 676 2739 746 2777; x_wconf 78' lang='lat' dir='ltr'>atq.</span> <span class='ocrx_word' id='word_1_528' title='bbox 774 2738 808 2766; x_wconf 76' lang='lat' dir='ltr'>ct</span> <span class='ocrx_word' id='word_1_529' title='bbox 833 2745 925 2767; x_wconf 66' lang='lat' dir='ltr'>serv.</span> <span class='ocrx_word' id='word_1_530' title='bbox 952 2731 1175 2767; x_wconf 71' lang='lat' dir='ltr'>serriemus!</span> <span class='ocrx_word' id='word_1_531' title='bbox 1210 2743 1256 2765; x_wconf 81' lang='lat' dir='ltr'>an</span> <span class='ocrx_word' id='word_1_532' title='bbox 1290 2733 1554 2765; x_wconf 80' lang='lat' dir='ltr'>libertinorum</span> 
     </span>
    </p>
   </div>
   <div class='ocr_carea' id='block_1_6' title="bbox 39 2780 1558 2825">
    <p class='ocr_par' dir='ltr' id='par_1_11' title="bbox 39 2780 1558 2825">
     <span class='ocr_line' id='line_1_56' title="bbox 39 2780 1558 2825; baseline 0.005 -19"><span class='ocrx_word' id='word_1_533' title='bbox 39 2781 103 2814; x_wconf 22' lang='lat' dir='ltr'>*et</span> <span class='ocrx_word' id='word_1_534' title='bbox 136 2787 328 2810; x_wconf 82' lang='lat' dir='ltr'>servorum</span> <span class='ocrx_word' id='word_1_535' title='bbox 365 2790 476 2823; x_wconf 77' lang='lat' dir='ltr'>opera</span> <span class='ocrx_word' id='word_1_536' title='bbox 509 2787 657 2815; x_wconf 85' lang='lat' dir='ltr'>utemur</span> <span class='ocrx_word' id='word_1_537' title='bbox 695 2782 818 2825; x_wconf 85' lang='lat' dir='ltr'>potius</span> <span class='ocrx_word' id='word_1_538' title='bbox 851 2783 896 2815; x_wconf 82' lang='lat' dir='ltr'>ad</span> <span class='ocrx_word' id='word_1_539' title='bbox 931 2794 1009 2815; x_wconf 81' lang='lat' dir='ltr'>rem</span> <span class='ocrx_word' id='word_1_540' title='bbox 1046 2781 1237 2825; x_wconf 82' lang='lat' dir='ltr'>publicam</span> <span class='ocrx_word' id='word_1_541' title='bbox 1278 2780 1558 2815; x_wconf 78' lang='lat' dir='ltr'>defendendam</span> 
     </span>
    </p>
   </div>
  </div>
 </body>
</html>
