1742 3006
566 46 881 90 EPISTOLA
913 46 1044 88 xlv.
1487 40 1546 87 37

56 162 225 202 iurasse
254 159 426 202 iuravit.
508 159 608 200 Hac
637 165 817 212 accepta
846 162 935 199 tam
966 156 1127 212 insigni
1159 157 1348 206 iniuria⁷
1396 160 1543 207 tamen

56 218 134 258 illo
164 218 260 270 ipso
288 216 360 257 die
389 215 489 256 misi
519 215 576 255 ad
605 215 832 255 Metellum
857 228 1110 256 communes
1131 214 1316 264 amicos,
1346 213 1418 266 qui
1444 225 1543 264 age-

56 277 152 313 rent
191 286 290 312 cum
321 286 397 324 eo,
439 275 486 312 ut
515 270 569 311 de
600 271 678 311 illa
706 274 852 311 mente
883 270 1137 318 desisteret3
1189 269 1344 324 quibus
1376 268 1446 306 ille
1478 280 1543 306 re-

55 329 231 383 spondit
259 328 343 368 sibi
372 338 459 367 non
489 340 583 368 esse
610 328 857 380 integrum:
889 326 1047 366 etenim
1079 326 1224 378 paullo
1254 329 1353 364 ante
1373 324 1418 363 in
1440 336 1544 362 con-

55 385 181 426 cione
209 384 383 424 dixerat
411 384 475 435 ei,
518 383 592 436 qui
621 384 666 422 in
696 383 805 423 alios
836 381 1219 422 animadvertisset
1248 381 1414 420 indicta
1444 392 1539 418 cau-

54 454 117 493 sa,
148 439 324 480 dicendi
352 439 438 492 ipsi
467 442 728 492 potestatem
759 438 857 479 fieri
896 452 981 479 non
1012 441 1228 490 oportere.
1308 436 1542 476 Hominem

52 509 232 550 gravem
270 499 313 535 et
343 497 482 535 civem
520 495 770 548 egregium!
814 494 912 548 qui,
951 507 1036 547 qua
1066 505 1206 547 poena
1235 497 1408 532 senatus
1439 504 1542 531 con-

53 566 184 593 sensu
213 551 428 592 bonorum
458 552 651 590 omnium
675 564 749 591 eos
771 551 1000 601 affecerat,
1030 550 1104 603 qui
1130 549 1283 588 urbem
1306 548 1542 587 incendere

53 612 97 648 et
136 607 421 660 magistratus
462 620 514 646 ac
552 610 749 646 senatum
790 606 1042 656 trucidare,
1100 605 1263 644 bellum
1303 604 1542 642 maximum

51 663 246 704 conflare
275 663 531 713 voluissent,
563 662 718 703 eadem
749 661 929 716 dignum
959 661 1175 701 iudicaret
1204 674 1325 710 eum,
1365 660 1440 713 qui
1469 672 1542 698 cu-

52 720 163 760 riam
193 718 341 769 caede,
372 719 524 759 urbem
553 718 782 769 incendiis,
813 718 988 759 Italiam
1019 717 1130 757 bello
1155 717 1395 756 liberasset.
1452 715 1542 754 'lta-

50 789 134 829 que
175 788 257 829 ego
298 775 507 826 Metelle,
548 774 681 815 fratri
711 778 811 826 tuo,
862 774 1083 828 praesenti
1115 773 1269 813 restiti.
1337 770 1453 810 Nam
1496 772 1540 810 in

49 836 202 872 senatu
240 830 340 871 Kal.
381 832 475 872 Ian.
519 831 585 870 sic
623 844 722 870 cum
752 844 805 872 eo
835 829 890 871 de
920 844 968 871 re
999 830 1171 883 publica
1201 828 1448 881 disputavi,
1495 831 1542 866 ut

49 887 235 928 sentiret
263 887 348 928 sibi
377 901 476 927 cum
507 887 603 928 viro
634 886 742 926 forti
783 889 828 926 et
857 886 1077 926 constanti
1117 899 1214 926 esse
1245 882 1540 937 pugnanduln

50 944 101 984 Α.
134 943 173 982 d.
204 944 381 983 tertium
413 943 527 983 Non.
559 943 732 982 Ianuar.
763 956 894 996 quum
938 955 1071 996 agere
1113 940 1355 994 coepisset,
1409 938 1541 978 tertio

47 1012 220 1054 quoque
250 1000 384 1039 verbo
416 998 630 1040 orationis
660 1012 764 1038 suae
795 1012 865 1038 me
894 998 1165 1052 appellabat,
1208 995 1316 1035 mihi
1348 994 1541 1035 minaba-

47 1060 144 1096 tur:
174 1068 313 1109 neque
344 1054 409 1094 illi
439 1054 677 1109 quidquam
707 1054 991 1095 deliberatius
1023 1054 1129 1101 fuit,
1162 1064 1291 1106 quam
1321 1064 1404 1101 me,
1437 1062 1541 1103 qua-2

46 1124 215 1165 cunque
254 1111 425 1151 ratione
463 1115 636 1164 posset,
683 1124 770 1151 non
820 1109 987 1151 iudicio
1027 1123 1168 1164 neque
1206 1107 1540 1160 disceptatione,

44 1167 126 1208 sed
155 1167 199 1207 vi
229 1170 358 1221 atque
387 1167 680 1221 impressione
709 1170 917 1208 evertere.
992 1165 1136 1206 Huius
1177 1178 1259 1216 ego
1300 1162 1539 1203 temeritati

44 1223 86 1263 si
120 1223 281 1264 virtute
319 1227 448 1277 atque
487 1223 633 1264 animo
674 1236 759 1263 non
801 1223 1088 1263 restitissem:
1149 1222 1246 1275 quis
1277 1224 1420 1270 esset9
1466 1220 1541 1271 qui

45 1293 115 1319 me
143 1280 190 1319 in
219 1279 446 1320 consulatu
484 1292 570 1319 non
608 1292 712 1319 casu
751 1279 895 1332 potius
934 1279 1211 1318 existimaret
1239 1288 1368 1328 quam
1399 1275 1540 1314 consi<

43 1335 107 1375 lio
136 1335 297 1375 fortem
328 1334 491 1375 fuisse?
549 1334 676 1374 Haec
714 1335 751 1373 si
787 1338 834 1373 tu
875 1333 1101 1374 Metellum
1143 1332 1339 1385 cogitare
1385 1330 1440 1369 de
1471 1344 1540 1370 me

47 1391 251 1442 nescisti,
302 1389 430 1431 debes
471 1390 725 1431 existimare
764 1392 808 1429 te
848 1391 1053 1429 maximis
1095 1389 1150 1428 de
1183 1388 1310 1427 rebus
1341 1400 1367 1426 a
1397 1387 1537 1425 fratre

50 1460 144 1486 esse
174 1447 385 1487 celatum:
438 1447 507 1486 sin
538 1451 685 1486 autem
716 1445 881 1499 aliquid
913 1445 1153 1499 impertivit
1183 1444 1263 1483 tibi
1295 1443 1362 1482 sui
1392 1444 1537 1481 consi-

46 1502 111 1552 lii,
141 1502 250 1543 lenis
280 1516 306 1542 a
331 1506 375 1543 te
405 1505 449 1543 et
478 1502 624 1543 facilis
654 1502 899 1542 existimari
929 1501 1096 1555 debeo,
1148 1500 1225 1555 qui
1255 1498 1363 1539 nihil
1394 1502 1538 1538 tecum

140 1648 173 1680 8.
209 1645 289 1678 misi
314 1645 462 1687 amicos,
490 1646 548 1689 qui
574 1649 738 1687 agerent.
791 1646 825 1679 S.
853 1644 1004 1678 Ramsh.
1032 1644 1063 1686 §-
1094 1644 1173 1678 193.
1208 1645 1259 1682 Π,
1296 1644 1370 1677 und
1398 1645 1536 1687 Zumpt

45 1697 75 1738 ξ.
109 1696 189 1729 567.
225 1715 265 1719 -
302 1694 345 1727 de
370 1695 456 1732 illa,
500 1695 602 1728 Crat.
636 1695 784 1727 Ernest.
817 1694 862 1725 ab
895 1694 978 1729 illa,
1009 1692 1279 1735 -1‘12tc›grmn‚
1308 1694 1403 1725 diess
1431 1692 1537 1724 steht:

44 1742 150 1775 nicht
182 1742 288 1775 mehr
320 1743 357 1775 in
391 1743 510 1776 seiner
542 1743 689 1775 Macht.
742 1741 791 1775 So
816 1741 967 1774 'fuscat
1001 1740 1069 1785 Qq.
1107 1742 1148 1782 V,
1178 1743 1241 1776 21:
1277 1741 1462 1786 Dionysio
1490 1752 1537 1770 ne

42 1790 227 1832 integrum
259 1791 410 1835 quidem
443 1798 546 1833 erat,
573 1798 614 1824 ut
639 1791 683 1824 ad
709 1790 891 1823 iustitiam
917 1789 1142 1832 remigraret
1169 1797 1240 1823 cet.
1300 1791 1370 1822 Ein
1398 1788 1538 1821 inrisu*-

43 1838 156 1871 scher
182 1840 385 1879 Ausdruck‚
411 1839 482 1873 wie
508 1851 566 1872 res
591 1840 629 1871 in
657 1840 807 1884 integro
836 1845 910 1880 e5t5
938 1840 976 1870 in
1003 1837 1191 1881 integrum
1220 1838 1421 1871 restituere
1448 1849 1481 1870 u.
1510 1848 1537 1868 5.

42 1887 71 1920 f.
100 1907 142 1912 —
169 1887 207 1918 in
234 1898 333 1920 conc.
359 1888 434 1921 dix.
490 1888 594 1920 Nacli
624 1887 713 1920 Cod.
740 1887 842 1921 Med.
884 1897 1064 1929 wogegen
1092 1886 1240 1919 Andere
1266 1886 1340 1919 dix.
1375 1887 1413 1918 in
1440 1894 1537 1917 conc.

46 1952 85 1958 —-
121 1934 259 1968 indicta
293 1947 322 1970 c.
356 1935 606 1970 unverhorter
637 1936 767 1969 Sache.
794 1954 842 1960 —
871 1935 1034 1975 dicendi,
1068 1937 1166 1966 Crat.
1195 1936 1244 1967 ad
1267 1935 1466 1967 (licendum.
1494 1952 1537 1958 —-

45 1982 141 2015 Ante
186 1983 279 2016 diem
319 1985 466 2017 tertium
510 1986 649 2026 (ante)
690 1984 818 2018 Nonas
868 1983 1084 2024 Ianuarias,
1135 1995 1196 2015 am
1234 1984 1267 2016 3.
1303 1983 1451 2016 Ianuar.
1504 1983 1537 2013 S.

42 2030 196 2063 Ramsh.
230 2033 257 2075 §.
294 2034 380 2073 137,
419 2034 465 2074 2)
497 2034 584 2065 Not.
618 2051 659 2056 -
697 2043 833 2074 agere,
876 2031 939 2063 das
975 2031 1069 2063 Volk
1106 2031 1223 2063 durch
1253 2030 1334 2062 eine
1360 2030 1467 2063 Rede
1496 2041 1539 2061 zu

44 2078 289 2124 Ausfiibrung
321 2081 445 2112 seiner
479 2081 687 2124 Anschliige
720 2079 953 2113 bearbeiten,
990 2097 1030 2102 ——-
1067 2083 1148 2112 lert.
1176 2089 1310 2123 quoque
1335 2079 1451 2111 verbo.
1503 2078 1534 2109 S.

47 2127 202 2161 Ranish.
230 2130 257 2171 §.
287 2129 364 2163 156.
395 2131 423 2162 1.
440 2140 473 2160 a.
502 2147 548 2154 —-
574 2139 684 2172 neque
711 2154 718 2161 .
747 2155 754 2161 .
783 2154 791 2160 .
819 2128 965 2161 deliber.
985 2127 1079 2168 suit,
1108 2127 1180 2159 und
1207 2138 1248 2161 er
1274 2127 1379 2159 hatte
1402 2126 1539 2159 Niclm

43 2177 158 2207 {ester
191 2174 445 2209 beschlossen.
478 2195 523 2202 —
566 2177 830 2219 disceptatione
872 2175 1031 2213 sorensi,
1074 2175 1325 2220 gericlntliche
1361 2177 1534 2209 Untersu-

45 2223 177 2267 chung.
211 2243 247 2248 —-
274 2224 531 2268 impressione,
575 2225 695 2257 durch
729 2224 897 2268 Angriff,
924 2223 1070 2265 Anfall,
1099 2224 1166 2256 wie
1194 2225 1298 2256 Orat.
1325 2236 1382 2268 pr.
1409 2223 1539 2255 Flacc.

42 2272 108 2311 31,
149 2273 277 2315 gleich
312 2273 474 2305 anderen
506 2273 748 2307 iux-istisehen
776 2271 1041 2313 Ausdrnckeu‚
1080 2284 1165 2306 vom
1192 2274 1327 2316 Kriege
1354 2271 1537 2304 eutlehut.

43 2321 77 2352 S.
105 2320 184 2353 Liv.
210 2322 273 2356 lv.
299 2322 356 2356 28.
385 2323 485 2363 VIII,
512 2324 544 2356 6.
606 2322 702 2355 Hirt.
738 2322 771 2354 b.
801 2321 897 2353 Gall.
927 2321 1033 2361 Vlll,
1061 2323 1093 2355 6.
1121 2340 1165 2346 --
1193 2320 1409 2353 restitissem
1435 2330 1539 2350 accr-

44 2368 140 2399 rime
179 2368 415 2413 disputando.
474 2371 525 2402 Er
563 2371 714 2402 schrieb
756 2380 866 2414 sogal·
908 2379 1027 2414 gegen
1061 2369 1212 2402 Metelis
1246 2368 1357 2402 Rode.
1416 2369 1451 2400 S.
1494 2366 1540 2398 ud

42 2415 156 2448 Attio.
187 2419 214 2450 1.
243 2429 299 2461 ep.
328 2420 382 2452 13.
410 2418 505 2450 Gell.
532 2419 668 2459 XVIII,
697 2421 731 2452 7.

139 2466 174 2497 9.
214 2465 246 2497 si
272 2470 323 2508 lu,
351 2467 454 2502 Crat.
482 2470 519 2498 lu
545 2466 590 2508 si,
616 2468 749 2500 Lanib.
777 2466 876 2499 ohne
903 2469 951 2497 tu.
1001 2465 1035 2497 S.
1063 2464 1200 2497 iedoch
1228 2462 1383 2497 Ramsh.
1410 2462 1538 2505 §.153

48 2529 89 2536 -
127 2515 160 2542 {e
191 2523 236 2546 m.
271 2514 313 2546 de
347 2515 421 2548 rel).
456 2526 478 2546 α
505 2516 565 2557 fr.
600 2525 676 2548 esse
712 2514 878 2554 celatum,
913 2513 996 2546 dass
1029 2524 1069 2545 er
1104 2514 1174 2545 Dir
1208 2513 1269 2544 die
1304 2511 1539 2555 wichtigsten

46 2560 190 2591 §achon
224 2563 495 2596 verheimlicht
528 2562 604 2595 hat.
664 2564 770 2594 Denn
804 2574 890 2595 man
928 2569 1006 2605 sugt
1033 2562 1154 2593 celare
1180 2561 1337 2603 aliquem
1365 2569 1440 2590 rem
1466 2558 1539 2590 und

48 2608 89 2640 de
114 2618 164 2640 re.
219 2610 266 2640 50
297 2610 343 2642 ad
377 2610 463 2643 Div.
493 2613 576 2651 VII,
617 2613 664 2646 20
689 2611 810 2654 (756):
864 2612 992 2643 Bassus
1025 2620 1084 2642 me
1111 2609 1153 2641 cle
1179 2607 1245 2640 lzoc
1270 2607 1366 2641 libro
1393 2606 1525 2639 celavit

49 2657 153 2688 Orat.
181 2656 305 2690 Deiot.
333 2659 374 2692 6:
401 2659 443 2691 de
469 2659 617 2692 insidiis
643 2660 766 2691 celare
794 2666 829 2691 te
855 2659 995 2698 noluit3
1031 2657 1124 2689 ancli
1152 2656 1308 2701 passive,
1336 2655 1404 2687 wie
1431 2654 1524 2687 Orat

49 2703 197 2737 (Πυθίη.
225 2706 287 2741 66:
315 2717 389 2738 non
416 2711 465 2740 est
492 2710 668 2752 profecto
695 2708 736 2740 de
764 2707 830 2741 illo
858 2717 988 2739 renem)
1005 2706 1131 2737 *celata
1158 2711 1286 2736 mater.
1339 2703 1526 2737 §.Rmush

51 2751 83 2795 §.
113 2753 190 2789 131.
221 2753 250 2787 1.
301 2755 453 2800 Zumpt.
479 2758 509 2800 ξ.
535 2758 619 2792 391.
661 2757 764 2789 Amn.
795 2757 827 2789 1.
855 2771 898 2781 --
926 2754 986 2797 qm'
1013 2767 1060 2786 :2
1088 2764 1192 2798 quum
1218 2763 1287 2795 ego
1390 2756 1543 2795 apost,
