1742 3006
109 156 118 167 ,
174 102 267 152 306
445 106 509 150 Μ.
540 105 593 147 Τ.
628 103 969 151 CICERONIS
1002 105 1382 153 EPISTOLAE.

176 218 316 262 centis
346 217 661 273 quinquaginta
689 217 895 260 millibus.
964 217 1090 269 Quae
1118 219 1371 263 aestimatio
1412 232 1501 262 non
1529 222 1662 265 modo

174 275 454 317 vehementer
491 274 545 315 ab
574 274 740 329 optimo
769 287 968 330 quoque,
1020 274 1099 316 sed
1139 276 1273 318 etiam
1301 289 1330 318 a
1357 276 1484 332 plebe
1513 289 1663 333 repre-

176 330 398 373 henditur.
473 329 635 385 Dices,
686 330 793 385 quid
831 331 972 386 igitur
1010 343 1169 374 causae
1209 332 1321 374 fuit?
1387 332 1556 374 Dicunt
1594 333 1664 376 ill-i

175 387 366 442 quidem,
396 385 609 440 pudorem
638 399 806 437 meum3
853 384 971 442 quod
1007 400 1146 443 neque
1182 388 1384 444 negarim
1410 402 1552 445 neque
1590 402 1666 431 ve-

174 443 421 492 hementius
450 442 723 496 postularim.
802 441 891 484 Sed
918 455 1005 483 non
1035 448 1101 485 est
1128 443 1198 486 id:
1239 458 1343 486 nam
1370 444 1457 487 hoc
1485 444 1666 501 quidem

176 499 307 540 etiam
335 498 587 553 profuisset.
659 498 832 540 Verum
859 496 1013 550 iidem,
1043 499 1105 541 mi
1134 500 1193 542 T.
1223 501 1468 556 Pomponi,
1511 499 1665 553 iidem,

176 556 366 609 inquam,
395 555 477 606 illi,
506 567 615 610 quos
643 568 698 596 ne
726 558 773 595 tu
802 553 979 609 quidem
1007 555 1212 610 ignoras,
1263 558 1339 613 qui
1368 557 1480 598 mihi
1508 557 1664 612 pinnas

175 610 443 661 inciderant,
485 612 637 653 nolunt
666 610 844 652 easdem
875 612 1060 654 renasci.
1127 611 1243 664 Sed⁷
1290 617 1341 655 ut
1368 626 1525 668 spero,
1574 613 1667 654 iam

176 670 478 707 renascuntur.
537 667 610 708 Tu
639 667 772 708 modo
803 665 858 707 ad
888 679 968 708 nos
996 667 1118 709 veni:
1158 668 1278 723 quod
1305 682 1465 711 vereor
1492 683 1548 710 ne
1575 672 1667 710 tar-

178 722 275 763 dius
314 723 563 764 interventu
592 722 814 764 Varronis
852 723 918 763 tui
947 724 1174 778 nostrique
1204 723 1360 767 facias.
1427 724 1667 777 Quoniam,

179 781 278 819 acta
307 791 418 834 quae
451 778 565 832 sint,
596 777 758 820 habes:
810 778 866 819 de
907 780 1075 834 reliqua
1103 783 1258 821 nostra
1286 780 1556 834 cogitatione
1593 794 1669 822 co-

177 848 350 889 gnosce.
409 834 509 888 Ego
529 847 601 876 me
623 847 648 875 a
669 834 888 889 Pompeio
917 835 1057 889 legari
1085 835 1149 876 ita
1177 849 1274 877 sum
1303 850 1474 892 passus,
1503 840 1553 878 ut
1573 836 1668 877 nul-

176 892 219 932 la
250 904 297 932 re
327 891 584 944 impedirer,
614 891 744 945 quin,
775 892 813 931 si
839 891 1013 944 vellem,
1044 891 1160 932 mihi
1186 896 1301 934 esset
1328 893 1548 948 integrum
1576 896 1666 945 aut,

176 948 215 987 si
252 948 434 989 comitia
473 960 703 988 censorum
746 947 940 1001 proximi
980 947 1181 989 consules
1220 948 1457 1000 haberent,
1518 952 1668 1004 petere

177 1002 342 1058 [posse]
382 1006 458 1045 aut
494 1003 692 1045 votivam
731 1002 996 1057 legationem
1038 1004 1261 1059 suscipere
1297 1019 1436 1061 prope
1471 1005 1666 1047 omnium

174 1121 326 1156 Sestert.
352 1141 399 1146 -—
443 1121 579 1156 Dicunt
604 1121 682 1163 illi,
733 1121 793 1155 die
823 1122 986 1156 Consuln
1013 1121 1090 1155 und
1114 1121 1197 1155 ihre
1223 1120 1362 1156 Rathe.
1398 1139 1440 1147 ·-
1479 1121 1666 1167 pudorem,

176 1169 498 1205 Ve1-sch5mtheit.
542 1169 611 1203 Ich
647 1169 754 1203 hatte
780 1171 885 1203 mich
910 1170 1086 1204 strauben
1126 1169 1202 1204 und
1232 1172 1482 1214 ungestiimer
1511 1170 1667 1204 fordern

175 1219 306 1252 sollen.
333 1238 377 1243 —
403 1229 487 1252 nam
512 1217 581 1252 hoc
603 1242 611 1250 .
640 1243 649 1254 ,
681 1246 689 1253 .
712 1218 935 1261 profuisset,
962 1218 1060 1251 denn
1085 1218 1208 1252 meine
1232 1218 1539 1253 Verschamtheit
1562 1218 1669 1253 hatte

175 1268 248 1301 mir
273 1268 308 1300 ia
333 1265 517 1300 vielmehr
543 1277 630 1300 zum
655 1266 830 1300 Vortheil
856 1266 1061 1312 get-eichen
1088 1269 1250 1299 miissen.
1275 1285 1320 1293 --
1351 1266 1486 1311 pinnas
1509 1281 1560 1299 Ξ-
1582 1277 1668 1311 pen-

174 1326 242 1348 nas
269 1315 363 1349 lens.
389 1316 472 1347 Asc.
501 1316 534 1351 l.
563 1315 665 1349 Crat.
693 1315 825 1349 Lamb.
854 1316 957 1350 1566.
985 1315 1028 1348 In
1041 1315 1275 1358 marg.l584‚
1305 1320 1347 1348 ut
1369 1325 1448 1348 nos.
1467 1313 1666 1349 ORELLI.

175 1383 222 1388 —
247 1364 447 1397 interventu
475 1362 591 1409 Vqr-r.
619 1368 712 1404 cet.,
758 1363 805 1397 da
829 1363 931 1396 Dein
958 1362 1038 1396 und
1064 1363 1167 1396 mein
1196 1363 1313 1396 Varro
1340 1362 1575 1396 dazwischen
1600 1373 1668 1411 ge·

176 1413 354 1446 kommen
381 1412 441 1446 ist.
491 1411 595 1446 Uber
620 1411 737 1444 Verro
763 1423 791 1445 s.
820 1423 875 1457 ep.
904 1411 1019 1455 LXX,
1045 1412 1079 1446 3.
1105 1410 1265 1446 LXXIII
1290 1411 1344 1445 im
1367 1410 1452 1444 Anf.
1479 1421 1513 1445 u.
1542 1422 1571 1445 s.
1598 1413 1628 1446 f.

272 1476 303 1510 6.
333 1475 376 1507 de
403 1474 544 1517 reliqua
571 1482 604 1505 n.
633 1474 761 1515 cogit„
789 1484 860 1506 was
886 1472 952 1506 fiir
977 1473 1208 1518 Massregeln
1235 1472 1300 1508 ich
1325 1472 1391 1506 fiir
1415 1471 1476 1506 die
1501 1471 1669 1508 Zukunft

176 1524 322 1557 nehme.
350 1541 395 1547 -
421 1520 559 1564 legari,
586 1520 652 1555 ich
679 1521 776 1555 habe
801 1521 906 1555 mich
932 1533 978 1555 zu
1003 1521 1108 1556 einer
1133 1521 1413 1567 Legatenstelle
1436 1522 1540 1557 beim
1556 1521 1665 1555 Pom-

176 1573 280 1618 peius
312 1572 514 1616 bequemt,
551 1570 786 1604 verstanden.
838 1589 884 1595 —
933 1569 988 1603 ita
1013 1584 1063 1601 Ξ
1089 1581 1133 1603 ea
1158 1570 1396 1607 conditione.
1423 1580 1467 1593 -·-
1495 1568 1592 1614 quin,
1617 1569 1663 1602 si.

176 1621 238 1654 Sic
266 1621 410 1654 Manut.
442 1619 530 1652 Sch.
560 1629 628 1663 quo
654 1618 782 1659 minus,
810 1618 844 1652 si
867 1617 1000 1660 „Alii“
1031 1618 1070 1651 in
1095 1629 1217 1663 marg.
1251 1618 1384 1652 Lamb.
1420 1618 1523 1653 1584.
1575 1618 1664 1663 Vgl.

176 1669 332 1703 Ramsh.
366 1670 398 1713 §-
436 1669 518 1707 193,
546 1668 584 1706 I,
612 1668 644 1702 2.
679 1667 829 1700 Grotef.
855 1669 884 1711 §.
911 1668 992 1701 403.
1019 1667 1101 1700 404.
1130 1667 1267 1712 Zumpt
1293 1666 1328 1710 ᾖ.
1354 1667 1436 1701 543.
1464 1665 1664 1702 Heindorf.

177 1719 227 1751 cul
251 1717 383 1750 Horat.
410 1726 518 1748 serm.
544 1717 578 1757 2,
607 1717 640 1755 1,
665 1716 723 1750 36.
749 1734 793 1739 -
829 1714 914 1758 quin
939 1712 1030 1747 mihi
1054 1718 1146 1748 esset
1170 1715 1378 1757 integrum,
1416 1713 1499 1747 dass
1526 1724 1565 1748 es
1589 1713 1665 1748 mir

176 1765 287 1799 nicht
312 1764 386 1798 frei
412 1763 544 1797 stehen
570 1763 691 1797 sollte.
719 1781 763 1787 —
790 1762 939 1796 comitia
964 1761 1112 1806 habere,
1138 1762 1253 1798 Wahl
1279 1762 1469 1796 anstellen.
1499 1779 1542 1787 -
1567 1762 1664 1806 [pos-
1707 1786 1712 1787 ν

173 1814 240 1856 se.]
269 1812 331 1846 Sic
358 1812 464 1846 Vict.
492 1814 522 1846 1.
550 1812 653 1844 Man.
681 1813 769 1848 Bos.
797 1811 931 1844 Graev.
960 1812 1051 1845 Ern.
1099 1812 1172 1845 Hic
1210 1824 1244 1846 v.
1271 1822 1380 1856 posse
1406 1810 1514 1844 uncis
1540 1811 1664 1845 inclu-

174 1863 235 1901 sit,
268 1860 423 1897 Schi'itz,
459 1860 620 1894 L'unem.
658 1860 775 1893 delev.
808 1859 882 1893 Alii
914 1869 1069 1903 possem.
1122 1859 1319 1894 ORELLI.
1382 1858 1508 1893 Allein
1533 1869 1664 1904 wegen

175 1911 360 1952 integrum
388 1912 478 1941 esset
502 1909 553 1941 ist
580 1920 619 1941 es
648 1908 886 1952 iiberssiissig.
913 1926 958 1933 —-
1007 1907 1161 1941 rotivam
1186 1907 1432 1950 legationem,
1471 1907 1545 1940 den
1573 1907 1665 1941 Auf-

174 1965 271 2003 Πᾶς,
299 1958 337 1990 in
364 1956 433 1990 den
461 1956 640 2001 Tempeln
668 1956 744 1990 und
769 1955 941 2000 heiligen
967 1956 1115 1989 Hainen
1142 1956 1300 1990 Italiens
1328 1955 1503 1989 Geliibde
1529 1954 1665 1989 darzu-

176 2007 361 2050 bringen3
403 2005 482 2038 also
513 2007 584 2037 mit
608 2004 738 2038 Ehreu
774 2005 840 2037 auf
873 2004 954 2036 eine
982 2004 1062 2037 Zeit
1087 2016 1150 2038 aus
1177 2005 1275 2038 Rom
1302 2016 1348 2038 zu
1372 2003 1560 2037 verreisen
1586 2004 1664 2038 und

177 2067 247 2088 von
280 2053 625 2098 Stflatsgeschiiften
662 2052 880 2086 entbunden
916 2063 961 2085 zu
993 2053 1085 2086 sein.
1161 2051 1198 2086 S.
1239 2052 1286 2085 ad
1325 2052 1444 2088 Attio.
1485 2053 1575 2094 XV,
1619 2053 1663 2087 ll

178 2102 431 2146 (DCCXXIV)
456 2108 548 2136 extr.
578 2120 618 2127 -
645 2102 842 2145 suscipere.
868 2099 931 2134 Sic
956 2102 1061 2135 Man.
1088 2111 1232 2134 sumere
1257 2101 1412 2134 Schiitz.
1443 2100 1665 2143 susciperem

176 2152 265 2189 Asc.
291 2153 325 2185 2.
355 2152 458 2187 Crat,
484 2150 618 2185 Lamb.
644 2150 836 2194 sumpsisse
859 2148 942 2184 Md.
971 2149 1090 2185 Codd.
1116 2149 1197 2182 noti
1225 2155 1299 2183 cet.
1332 2148 1563 2192 sumpsissem
1586 2147 1663 2182 Mi-

178 2206 255 2237 nut.
284 2199 367 2232 Asc.
396 2201 429 2234 1.
457 2210 573 2243 marg.
601 2201 701 2232 Crat.
730 2217 769 2223 —
819 2208 937 2242 prope
962 2222 971 2231 .
999 2221 1008 2230 .
1039 2224 1048 2234 .
1075 2197 1254 2232 lucorum.
1309 2197 1371 2231 Sic
1397 2196 1489 2231 Cdd.
1516 2196 1662 2230 decurt.

177 2251 360 2282 Tornaes.
398 2247 488 2292 Sqq.
515 2249 694 2289 sanorum
729 2247 894 2280 locorum
927 2246 1008 2280 Md.
1043 2246 1150 2280 Rom.
1186 2246 1371 2288 sanorum
1402 2255 1448 2279 ac
1471 2254 1664 2278 sacrorum

179 2298 342 2331 locorum
369 2295 499 2336 (lens.)
523 2297 608 2328 Asc.
638 2298 670 2330 1.
701 2296 803 2331 Crat.
832 2295 931 2329 Vict.
960 2297 994 2330 1.
1020 2295 1052 2328 2.
1077 2294 1212 2328 Lamb.
1242 2294 1378 2327 OEnnia
1403 2291 1519 2326 haec:
1547 2301 1664 2336 prope

180 2374 188 2382 ,
218 2371 226 2379 .
256 2370 263 2376 .
291 2345 358 2378 luc.
395 2349 511 2388 tamq.
539 2344 655 2387 gloss.
681 2342 857 2378 Ernestio
884 2348 1066 2388 suspecta.
1115 2343 1165 2376 Et
1198 2353 1287 2375 sane
1315 2347 1389 2382 est,
1416 2352 1485 2374 cur
1509 2340 1662 2373 haerea-

179 2405 261 2428 mus
284 2392 519 2438 potissimum
545 2393 583 2424 in
611 2404 645 2428 v,
671 2402 797 2436 prope.
856 2393 991 2424 Verum
1028 2390 1067 2422 in
1101 2390 1203 2424 varia
1228 2390 1460 2436 cogitatione
1486 2387 1666 2421 distrahi-

180 2453 285 2482 mur3
332 2452 416 2473 nam
443 2446 506 2473 aut
531 2441 721 2483 sumpsisse
743 2450 857 2483 prope
880 2450 946 2485 per
971 2449 1140 2472 errorem
1165 2445 1288 2472 ortum
1315 2444 1370 2471 est
1395 2448 1415 2470 e
1440 2436 1521 2470 solo
1545 2436 1664 2469 verbo

179 2489 381 2534 suscipere,
414 2494 457 2521 ut
482 2498 598 2532 prope
623 2489 669 2520 sit
694 2488 965 2525 inducendum,
1000 2493 1064 2520 aut
1089 2487 1189 2520 aliud
1216 2485 1305 2532 quid
1331 2486 1371 2519 in
1397 2484 1474 2518 hoc
1499 2496 1531 2518 v.
1557 2484 1664 2519 latet.

180 2540 263 2571 Iam
297 2548 412 2582 quum
438 2537 617 2578 sanorum
650 2537 816 2569 lucorum
840 2537 1042 2570 manifesto
1075 2535 1149 2568 sint
1173 2535 1283 2568 verba
1307 2533 1502 2568 sollemnia
1535 2543 1555 2564 e
1582 2532 1663 2565 for·

182 2587 284 2619 mula
315 2586 439 2630 aliqua
473 2584 614 2630 petita,
665 2584 866 2618 videndum
892 2584 1007 2617 etiam
1033 2589 1143 2628 atque
1169 2583 1303 2625 etiam,
1349 2593 1395 2615 ne
1427 2582 1544 2615 altera
1576 2589 1661 2625 pars

180 2634 346 2667 eiusdem
374 2633 561 2666 formulae
591 2632 701 2665 lateat
728 2633 768 2665 in
792 2645 820 2668 v.
839 2638 1030 2678 suspecto:
1057 2632 1110 2664 ita
1138 2637 1179 2665 ut
1205 2631 1340 2665 suerit:
1373 2630 1527 2663 votivam
1554 2628 1661 2670 lega-

178 2683 313 2714 tionem
339 2681 521 2723 suscipere
543 2691 611 2726 pro
638 2680 676 2714 P.
695 2682 739 2713 R.
767 2681 927 2726 (populo
942 2682 1132 2722 Romano)
1156 2679 1310 2713 omnium
1329 2679 1369 2722 f.
1398 2679 1421 2713 I.
1448 2678 1506 2711 vel
1531 2676 1660 2709 etiam:

174 2741 243 2773 pro
272 2730 312 2763 P.
340 2731 382 2762 R.
414 2729 608 2764 Quiritium
624 2729 804 2771 sanorum
831 2731 990 2762 lucorum
1025 2729 1104 2761 scil.
1132 2728 1404 2761 adeundorum.
1463 2725 1507 2758 Id
1531 2735 1599 2769 per
1623 2732 1661 2755 se

178 2778 406 2826 intelligitur
432 2777 631 2811 formulam
658 2776 767 2810 istam
795 2777 831 2811 h.
858 2777 878 2810 1.
908 2789 975 2823 per
1001 2777 1125 2811 iocum
1160 2776 1372 2821 appositam
1396 2783 1484 2809 esse.
1514 2772 1588 2807 oR.
1615 2787 1660 2795 -
