1742 3006
1486 70 1546 117 91

314 182 633 230 EPISTOLA
662 182 849 226 xxlv.
909 183 986 231 (ad
1016 185 1107 225 Ast.
1139 159 1299 235 1.'19.)

277 262 357 298 Ser.
383 263 522 297 Romae
549 261 590 295 A.
619 260 662 295 U.
690 259 731 293 C.
758 258 842 294 694.
893 258 946 291 ld.
974 258 1084 292 Mart.
1112 259 1162 302 (a.
1190 260 1232 296 C.
1257 260 1334 303 60.)

63 323 322 368 Epistolarum
346 334 498 358 suarum
524 321 728 356 crebritate
754 326 792 354 et
815 319 984 364 pondere
1010 320 1171 355 laudato.
1223 324 1254 356 1.
1281 320 1392 355 initio
1417 316 1462 355 (19
1489 331 1548 355 re-

64 371 129 404 bus
154 372 314 418 publicis
345 371 444 419 agit,
481 377 519 404 et
551 369 704 414 quidem
740 367 908 414 primum
948 369 992 400 de
1020 369 1179 411 exteris,
1214 370 1258 403 de
1285 369 1425 404 Gallici
1457 369 1550 402 belli

66 427 170 452 metu
195 426 232 453 et
256 420 392 466 legatis
427 418 473 452 ad
499 418 646 454 Galliae
681 416 850 450 civitates
876 414 1008 449 missis,
1060 416 1092 449 2.
1120 417 1186 450 ubi
1211 423 1337 451 lamen
1362 418 1485 463 ipsum
1513 423 1552 450 et

66 467 288 513 Pompeium
313 468 352 500 in
377 467 471 501 urbe
495 465 738 500 retinendum
772 469 917 499 senatus
943 464 1143 498 censuerit.
1194 467 1229 499 3.
1256 472 1336 498 tum
1364 467 1408 500 de
1434 465 1552 499 urba-

66 516 124 548 nis
149 516 258 549 rebus
284 515 426 556 scribit,
460 515 506 548 de
532 514 650 548 Flavii
678 515 761 560 lege
787 512 949 557 agraria.
999 512 1033 545 4.
1067 519 1103 546 et
1130 513 1175 545 (19
1202 513 1388 547 Herennii
1413 520 1553 548 conatu

68 563 243 597 Clodium
271 563 317 596 ad
348 563 498 608 plebem
525 562 758 597 traducendi.
807 562 841 595 5.
880 560 1014 593 deinde
1042 560 1087 593 de
1122 560 1196 593 suis
1224 561 1432 596 rationibus
1458 562 1552 610 agit.

65 612 170 647 6—8.
202 611 299 645 Tum
327 610 372 644 de
398 610 516 644 Attici
549 610 704 658 negotio
730 608 921 654 Sicyonio.
972 609 1005 643 9.
1037 608 1082 640 de
1109 610 1322 643 consulatus
1356 610 1412 643 sui
1447 621 1552 643 com-

65 659 265 693 mentariis
291 658 448 693 Graecis
482 665 519 692 et
554 659 720 699 Latinis,
754 663 792 692 et
821 659 992 702 poemate
1030 656 1068 689 in
1099 656 1176 690 eius
1212 658 1361 691 laudem
1398 669 1552 705 compo-

255 706 393 741 nendo.
444 708 501 742 10.
529 706 700 752 Denique
726 706 771 740 de
797 707 840 751 Q.
868 707 986 738 fratre
1012 709 1049 738 et
1076 705 1258 740 Cossinio.
1300 708 1356 741 11.

573 772 760 809 CICERO
787 770 971 805 ATTICO
997 772 1031 808 S.

177 822 282 865 Non
312 822 471 874 modo,
515 821 555 862 si
584 820 700 862 mihi
728 824 899 862 tantum
938 823 1055 861 esset
1084 821 1192 874 otii,
1231 827 1447 876 quantum
1487 826 1558 865 est

69 878 168 931 tibi,
197 892 351 920 verum
376 880 527 930 etiam,
557 878 597 918 si
627 884 719 918 tam
737 878 896 917 breves
926 878 1141 931 epistolas
1171 879 1338 918 vellem
1358 880 1554 931 mittere,

69 948 201 989 quam
234 939 283 975 tu
311 935 429 976 soles
458 933 624 987 facere,
654 937 700 974 te
719 946 978 987 superarem
1010 938 1055 974 et
1084 934 1130 973 in
1153 934 1391 975 scribendo
1415 936 1554 976 multo

71 1005 213 1031 essem
244 991 461 1041 crebrior,
491 1003 624 1045 quam
654 993 726 1031 tu:
772 988 852 1030 sed
882 989 939 1030 ad
969 1003 1160 1030 summas
1190 993 1324 1045 atque
1354 991 1554 1032 incredi-

69 1048 185 1088 biles
216 1048 534 1102 occupationes
562 1058 684 1087 meas
714 1045 907 1097 accedit,
938 1046 1058 1100 quod
1089 1046 1260 1087 nullam
1290 1059 1317 1087 a
1355 1060 1426 1088 me
1460 1048 1556 1102 epi-

70 1103 236 1143 stolam
265 1103 322 1144 ad
353 1107 398 1144 te
427 1104 527 1143 sino
558 1103 654 1142 sine
685 1106 947 1156 argumento
968 1115 1022 1143 ac
1050 1103 1275 1143 sententia
1302 1105 1555 1157 pervenire.

71 1159 134 1199 Et
171 1159 363 1213 primum
400 1159 511 1208 tibi,
551 1163 600 1198 ut
638 1171 826 1213 aequum
866 1163 958 1209 est,
1009 1158 1101 1199 civi
1139 1159 1308 1200 amanti
1346 1161 1557 1213 patriam,

71 1227 184 1269 quae
213 1219 315 1256 sunt
343 1216 390 1255 in
422 1214 678 1268 republica,
708 1227 953 1268 exponam:
994 1214 1182 1265 deinde,
1223 1216 1435 1269 quoniam
1474 1217 1561 1258 fibi

72 1284 223 1312 amore
253 1284 332 1311 nos
363 1271 561 1325 proximi
591 1283 763 1321 sumus,
805 1271 1050 1311 scribemus
1081 1272 1218 1311 etiam
1247 1271 1303 1311 de
1334 1272 1462 1312 nobis
1492 1286 1561 1324 ea,

71 1340 183 1380 quae
213 1327 330 1367 scire
362 1331 406 1367 te
435 1340 525 1367 non
565 1326 686 1366 nolle
715 1326 1000 1366 arbitramur.
1059 1327 1209 1380 Atque
1248 1327 1296 1366 in
1327 1329 1560 1382 republica

73 1395 191 1422 nunc
221 1382 403 1437 quidem
432 1381 629 1422 maxime
651 1381 824 1422 Gallici
855 1381 967 1421 belli
997 1387 1203 1423 versatur
1228 1386 1384 1424 metus.
1442 1383 1559 1426 Nam

72 1438 236 1491 Aedui,
267 1437 432 1478 fratres
461 1438 634 1489 nostri,
658 1439 880 1491 pugnant3
920 1437 1114 1491 Sequani
1154 1439 1353 1492 permale
1392 1454 1562 1495 pugna-

77 1498 202 1534 runt:
243 1498 290 1535 et
319 1493 525 1535 Helvetii
554 1493 652 1533 sine
683 1493 819 1533 dubio
849 1498 952 1534 sunt
992 1495 1037 1533 111
1068 1495 1205 1535 armis
1244 1497 1561 1538 excursiones-

173 1614 204 1646 1.
229 1612 376 1647 vellem.
426 1609 489 1645 sio
515 1611 559 1645 de
586 1611 735 1646 Ernest.
760 1612 923 1654 conject.
941 1611 1093 1646 Schiitz.
1122 1614 1180 1647 ed.
1205 1614 1298 1648 min.
1325 1618 1430 1651 velim
1458 1618 1564 1651 Prio-

75 1670 149 1695 res.
188 1660 384 1696 ORELLI.
422 1678 466 1685 -
506 1670 612 1703 quam
648 1663 686 1693 ta
715 1661 784 1694 sol.
812 1663 961 1704 facere.
1009 1661 1069 1695 Sic
1109 1661 1198 1697 Cod.
1231 1664 1390 1700 Helmst.
1436 1667 1564 1701 hamb.

76 1710 218 1744 Graev.
246 1707 357 1752 Seqq.
389 1710 496 1750 soleS,
523 1707 649 1750 facile
675 1712 708 1741 te
732 1719 810 1752 sup.
845 1709 890 1742 de
927 1709 1030 1743 Man.
1065 1710 1225 1745 conieet.
1260 1713 1389 1747 Lamb.
1425 1714 1565 1749 Placet.

80 1756 275 1792 ORELLI.
303 1775 348 1781 ——
384 1757 419 1790 in
446 1756 637 1789 scribendo
665 1756 709 1790 de
736 1757 882 1791 Mureti
908 1763 944 1791 et
970 1758 1063 1792 Ern.
1091 1758 1188 1793 coni.
1215 1760 1353 1794 Schiitz
1381 1762 1439 1797 ed.
1467 1763 1562 1797 min.

76 1806 215 1849 scripto
241 1804 398 1838 Priores.
426 1804 622 1839 ORELLI.
648 1823 692 1829 —
718 1806 781 1838 sed
807 1830 816 1838 .
841 1831 849 1838 .
877 1831 886 1839 .
914 1806 1064 1845 accedit,
1092 1807 1185 1849 quod
1208 1813 1297 1842 statt
1322 1811 1388 1843 sed
1411 1811 1564 1853 accedit,

78 1854 192 1898 quod,
219 1854 387 1897 quamvis
413 1853 566 1886 summis
593 1859 706 1897 atque
729 1852 1018 1887 incredibilibus
1044 1856 1351 1900 occupationibus
1370 1858 1567 1893 districtus

79 1903 162 1943 sim,
189 1907 316 1934 tamen
341 1911 416 1935 non
444 1900 523 1934 sino
551 1906 622 1935 cet.
653 1919 693 1926 —
720 1902 798 1935 sine
822 1912 907 1944 arg.
934 1903 956 1934 i.
984 1912 1016 1935 9.
1045 1902 1124 1935 sine
1151 1914 1192 1936 re
1218 1905 1385 1949 graviori
1411 1919 1454 1941 ac
1480 1919 1567 1941 sen-

79 1949 199 1984 tentia
231 1960 335 1991 mea,
375 1949 473 1983 ohne
512 1949 620 1983 einen
648 1949 855 1997 wichtigen
882 1950 1128 1997 Gegenstand
1162 1952 1327 1996 (Inhalt)
1359 1955 1436 1988 und
1468 1957 1567 1990 noch

79 1998 174 2031 daza
201 1997 302 2031 ohne
327 1996 451 2030 11191119
480 1997 682 2032 Gedanken
716 1998 880 2033 dai-iiber
911 1999 1149 2042 beizusiigen.
1203 2001 1292 2034 Sine
1317 2003 1453 2048 scripsi
1478 2016 1566 2038 cum

81 2045 328 2090 Oudendorp.
363 2045 412 2079 ad
435 2044 536 2080 Libr.
574 2047 616 2080 de
638 2047 778 2080 Invent.
806 2058 838 2081 c.
866 2049 922 2083 36.
950 2058 1034 2092 pag.
1061 2049 1117 2083 69.
1154 2049 1287 2093 absque
1315 2053 1409 2084 Cett.
1437 2053 1568 2096 absque

80 2092 303 2128 Tullianum
329 2103 403 2127 non
429 2100 501 2127 est:
536 2095 598 2127 sed
624 2106 742 2140 quum
767 2095 845 2128 sine
868 2095 1069 2129 excidisset
1101 2102 1185 2140 post
1211 2098 1368 2132 verbum
1394 2100 1486 2139 sino,
1513 2102 1568 2135 sic

81 2142 362 2186 suppleverunt.
401 2141 472 2175 cfr.
507 2142 617 2175 Hand
645 2143 800 2178 Tursell.
831 2145 860 2183 1,
887 2156 922 2189 p.
949 2146 1004 2179 (37.
1041 2144 1236 2179 ORELIJ.
1273 2163 1315 2172 —-·
1344 2159 1389 2180 ac
1414 2163 1463 2179 z
1491 2150 1567 2183 und

83 2200 216 2237 sog-ar,
244 2188 442 2223 verbindet
468 2189 823 2239 ungleichartigen‚
849 2192 938 2225 aber
963 2192 1292 2239 gewichtvollern‚
1327 2196 1567 2240 steigernden

83 2238 232 2271 Zusatz.
258 2238 291 2270 S.
319 2236 471 2272 Ramsh.
499 2239 526 2281 §.
555 2240 634 2278 179,
660 2240 703 2280 Β,
730 2252 750 2273 a
775 2251 811 2273 u.
838 2241 872 2274 3.
913 2239 1009 2273 Statt
1035 2241 1227 2284 pervenire
1252 2244 1334 2278 edd.
1364 2244 1511 2278 Ascens.
1534 2248 1567 2279 1.

86 2287 189 2320 Crat.
215 2284 351 2320 venire.
379 2305 421 2312 —
449 2286 516 2319 tibi
540 2297 666 2321 amore
690 2298 766 2327 nos,
800 2287 1135 2334 wohlklingender
1167 2293 1317 2337 gestellt
1350 2303 1417 2325 nos
1441 2304 1569 2326 amore

84 2333 154 2367 tibi
188 2333 247 2366 bei
279 2334 411 2367 Lamb.
445 2353 489 2359 —
534 2336 703 2378 proximi.
742 2335 854 2370 Sinn:
901 2337 1029 2369 n'zichst
1073 2337 1141 2370 der
1173 2339 1361 2383 Republik
1398 2339 1482 2373 hast
1507 2342 1570 2374 Du

86 2381 223 2414 Nichts
248 2381 370 2416 lieber
395 2383 449 2416 als
475 2382 592 2416 mich.
629 2403 675 2408 —-
708 2395 780 2417 ηοη
804 2385 921 2427 nolle,
957 2383 1065 2417 nicht
1091 2397 1241 2433 unget-n
1267 2389 1426 2428 wollen‚
1460 2389 1572 2423 nicht

87 2427 344 2477 gleichgiiltig
370 2430 541 2479 dagegen
567 2431 658 2466 sein.
708 2431 743 2466 S.
771 2432 921 2466 Ramsh.
950 2433 981 2476 ἕ.
1010 2434 1087 2470 173,
1114 2434 1147 2467 3.
1177 2435 1323 2469 Grotef.
1354 2437 1387 2479 ἕ.
1415 2437 1497 2471 337.

182 2479 215 2512 2.
242 2478 363 2511 Aedui
389 2480 439 2512 im
467 2478 733 2524 nachmaligen
758 2479 1023 2528 Herzogthum
1061 2482 1262 2531 Burgund;
1305 2483 1357 2516 sie
1383 2483 1464 2517 sind
1490 2495 1571 2520 we-

88 2534 160 2567 gen
200 2524 307 2559 ihrer
339 2527 408 2560 seit
450 2527 582 2574 langer
613 2528 699 2561 Zeit
737 2527 957 2562 bewiihrten
996 2535 1128 2562 treuen
1162 2530 1489 2577 Anhiinglicbkeit
1524 2545 1572 2567 an

89 2573 184 2606 Rom
216 2571 302 2606 hier
318 2574 469 2614 fratres
495 2575 609 2609 nostri
644 2583 829 2622 ,τὲ-90311111,
865 2576 938 2611 wie
965 2577 1008 2611 ad
1036 2576 1122 2612 Div.
1150 2579 1233 2615 VII,
1264 2571 1310 2612 lo'
1332 2591 1367 2612 u.
1396 2582 1496 2617 Caes,
1525 2583 1570 2615 de

89 2619 125 2652 b.
154 2619 199 2653 G.
230 2622 260 2654 l.
308 2622 384 2655 Mit
410 2623 482 2656 (1911
508 2623 723 2668 Sequanern
743 2625 896 2658 fochten
923 2625 987 2659 sie.
1015 2643 1059 2649 -
1085 2627 1242 2669 Sequani
1264 2627 1300 2659 in
1314 2627 1381 2660 der
1398 2629 1571 2662 Franche

92 2669 236 2701 Comte.
292 2669 403 2703 Dicse
430 2670 585 2705 fochtcn
618 2672 787 2719 dagcgen
823 2684 862 2706 so
890 2672 1164 2718 unglucklich‚
1209 2674 1289 2708 dass
1324 2675 1376 2709 sic
1409 2676 1489 2710 sich
1523 2689 1571 2710 zu

90 2715 198 2748 einer
223 2716 476 2765 Verbindung·
507 2719 578 2753 mit
613 2720 684 2753 deu
711 2722 924 2755 Germanen
958 2733 993 2755 u.
1021 2720 1182 2756 Ariovist
1215 2724 1415 2771 geniithigt
1442 2725 1569 2768 5111911,

93 2764 166 2797 wie
193 2764 305 2798 C‘a'sar
331 2764 383 2799 im
412 2769 442 2800 1.
471 2778 504 2800 u.
531 2770 562 2803 6.
591 2767 719 2803 Buche
754 2768 950 2803 berichtet.
986 2786 1026 2793 —
1065 2774 1097 2803 ct
1125 2771 1231 2806 Helu.
1260 2770 1323 2806 das
1351 2764 1403 2806 1111
1429 2773 1571 2808 dritten
