1742 3006
463 82 782 129 EPISTOLA
817 80 968 126 LXX.
1001 80 1178 126 LXXI.
1451 79 1541 126 271

0 211 1 227 ³
59 202 158 249 cta,
210 197 260 241 id
290 198 435 253 ipsum
479 195 556 238 sac
594 194 644 236 ut
672 194 868 236 sciamus
902 197 949 235 ct
976 207 1056 236 nos
1086 191 1329 248 aliquando
1360 196 1438 234 aut
1467 194 1544 233 ob-

0 277 2 307 ;
58 257 239 310 iurgare
268 258 346 296 aut
375 254 566 295 comiter
594 250 824 292 consolari
853 249 1024 291 desine.
1075 251 1176 305 Ego
1199 250 1238 291 si
1257 253 1380 291 tuam
1407 247 1545 290 fidem

0 324 1 334 ¹
59 324 342 363 accusarem,
396 322 486 350 non
524 320 594 348 me
633 307 916 362 potissimum
965 307 1055 347 tuis
1106 307 1240 347 tectis
1289 304 1544 346 crederem:

0 387 2 390 ·
59 379 204 408 meam
234 366 475 408 amentiam
505 375 685 413 accuso,
715 362 834 418 quod
863 375 890 403 a
918 363 964 402 te
992 364 1166 402 tantum
1195 361 1368 414 amari,
1409 373 1549 416 quan-

61 428 155 464 tum
185 436 268 478 ego
296 422 488 473 vellem,
517 420 699 474 putavi:
737 417 858 473 quod
887 417 927 459 si
955 416 1141 470 fuisset,
1178 416 1316 458 fidem
1346 416 1547 469 eandem,

61 492 213 520 curam
241 478 457 519 maiorem
486 474 797 525 adhibuisses3
845 487 916 515 me
955 477 1080 515 certe
1110 472 1168 514 ad
1199 474 1391 514 exitium
1419 485 1548 529 prae-

61 536 325 589 cipitantem
353 533 643 580 retinuisses3
693 531 806 572 istos
835 529 1038 583 labores,
1077 542 1188 584 quos
1218 542 1337 570 nunc
1364 530 1413 570 in
1441 541 1549 571 nau-

61 589 223 645 fragiis
251 589 419 644 nostris
448 587 657 643 suscipis,
687 599 774 627 non
805 587 1011 628 subisses.
1071 586 1222 636 Quare
1252 584 1349 638 fac,
1378 588 1428 626 ut
1456 599 1550 627 om-

62 646 137 687 nia
166 645 225 687 ad
250 659 320 686 me
350 647 589 700 perspecta
626 645 674 684 et
711 643 951 697 explorata
979 642 1233 697 perscribas
1263 655 1446 696 meque,
1504 645 1552 682 ut

3 709 6 752 ζ
62 701 192 753 sacis,
220 702 337 743 velis
367 714 464 742 esse
494 701 714 754 aliquem3
765 700 1000 753 quoniam,
1052 698 1130 752 qui
1171 696 1240 738 fui
1272 701 1318 738 et
1346 698 1425 752 qui
1455 710 1552 738 csse

3 761 5 794 Ξ
61 757 215 812 potui,
265 757 355 798 iam
392 769 489 798 csse
527 769 615 796 non
656 767 863 809 possum;
911 758 955 795 et
1003 758 1054 795 ut
1092 752 1165 794 his
1195 753 1344 794 literis
1375 767 1464 795 non
1492 756 1552 806 tc,

3 812 6 852 Ξ
63 812 143 853 sed
172 826 242 853 me
273 814 419 867 ipsum
448 825 476 853 a
503 826 573 852 me
604 824 701 852 esse
731 813 989 851 accusatum
1018 814 1159 865 putes.
1220 810 1271 851 Si
1300 809 1380 864 qui
1405 814 1552 861 erunt,

63 868 223 923 quibus
262 872 391 922 putes
432 881 541 922 opus
572 880 668 908 esse
698 879 797 907 meo
833 866 1014 906 nomine
1043 866 1201 908 literas
1231 865 1358 917 dari,
1414 865 1553 909 velim

3 932 6 976 ιζ
64 923 324 965 conscribas
353 937 568 978 curesque
599 921 784 964 dandas.
842 921 950 964 Dat.
980 935 1073 965 xiv.
1104 921 1209 963 Kal.
1240 920 1364 976 Sept.

340 1130 662 1174 EPISTOLA
691 1129 870 1173 LXXI.
931 1130 1042 1183 (Att.
1072 1128 1159 1171 ΙΙΙ.
1191 1129 1278 1179 16.)

111 1206 190 1241 Ser.
219 1206 513 1242 Thessalonicae
548 1208 633 1243 ΧΠ.
662 1208 746 1246 Kal.
774 1209 876 1254 Sept,
926 1210 968 1242 A.
1004 1208 1048 1242 U.
1076 1207 1118 1242 c.
1144 1206 1225 1242 696.
1283 1204 1335 1249 (a.
1365 1207 1405 1239 e.
1431 1203 1509 1246 58.)

113 1275 192 1308 Iter
222 1286 328 1309 suum
353 1276 548 1310 incertum
579 1277 666 1310 fieri
699 1276 982 1322 exspectatione
1007 1275 1203 1309 literarum
1228 1273 1308 1308 Kal.
1335 1272 1435 1308 Sext.
1461 1271 1507 1304 ab

640 1324 774 1360 amicis
801 1324 982 1361 datarum,

580 1411 767 1447 CICERO
793 1410 974 1446 ATTICO
1001 1410 1037 1446 S.

179 1478 349 1521 Totum
386 1478 476 1520 iter
513 1477 629 1519 mihi
667 1479 893 1520 incertum
932 1477 1047 1519 facit
1076 1476 1361 1533 exspectatio
1401 1475 1556 1516 litera-

11 1549 16 1581 ξ
72 1548 167 1576 rum
196 1539 470 1586 vestrarum,
518 1534 623 1576 Kal.
657 1535 783 1576 Sext.
815 1535 1047 1586 datarum,
1095 1548 1184 1575 non
1212 1531 1337 1575 aliud
1367 1531 1556 1586 aliquid.

11 1584 16 1619 ἶ
69 1591 119 1632 Si
149 1604 249 1644 spos
280 1592 394 1643 erit,
423 1590 638 1646 Epirum3
695 1591 765 1631 sin
803 1592 974 1642 minus7
1017 1591 1266 1647 Cyzicum,
1316 1591 1396 1629 aut
1433 1586 1560 1628 aliud

13 1671 16 1675 -
70 1646 181 1701 quid
210 1659 460 1701 sequemur.
521 1646 648 1687 Tuae
677 1645 861 1700 quidem
891 1647 1076 1699 literae,
1107 1659 1196 1701 quo
1226 1645 1403 1699 saepius
1434 1657 1462 1685 a
1489 1656 1559 1684 me

14 1742 16 1747 ,
69 1703 298 1756 leguntur,
345 1701 436 1743 hoc
463 1714 587 1757 spem
618 1702 789 1742 faciunt
817 1701 932 1743 mihi
961 1703 1191 1743 minorem.
1266 1700 1396 1751 Quae
1425 1713 1561 1754 quum

14 1750 18 1786 ἶ
71 1758 216 1798 lectae
245 1761 364 1811 sunt,
394 1762 488 1799 tum
518 1757 590 1810 id,
620 1758 741 1813 quod
771 1759 1023 1799 attulerunt
1053 1758 1112 1799 ad
1132 1770 1270 1812 spem,
1299 1755 1560 1805 infirmant3

71 1817 120 1854 ut
147 1812 285 1855 facile
315 1817 530 1869 appareat
569 1818 614 1854 te
656 1818 702 1855 ct
732 1815 1033 1856 consolationi
1072 1815 1245 1855 servire
1274 1817 1320 1854 et
1348 1812 1561 1862 veritati3

16 1926 19 1937 ,
72 1870 224 1924 itaque
265 1874 310 1910 te
350 1883 462 1924 rogo
500 1870 655 1928 plane,
705 1874 755 1911 ut
785 1870 966 1924 adme,
1017 1882 1132 1925 quae
1162 1870 1279 1923 scis,
1327 1871 1378 1910 ut
1407 1872 1562 1919 erunt;

73 2014 150 2053 cta,
191 2009 274 2044 sind
310 2010 384 2044 mir
417 2010 505 2044 aber
530 2011 604 2045 alle
632 2013 754 2056 Wege
779 2024 843 2046 zur
867 2012 1259 2061 W‘iederherstellung
1286 2017 1487 2058 versperrt.
1515 2029 1558 2036 -

72 2070 96 2092 a
123 2063 157 2091 te
183 2062 332 2094 tantum.
384 2059 484 2094 crat.
511 2060 647 2097 Lamb.
673 2061 770 2104 quod
792 2072 848 2094 me
873 2071 896 2095 α
924 2065 971 2094 te.
1023 2064 1196 2096 Fortasse
1228 2072 1280 2095 me
1311 2061 1453 2095 excidit
1478 2067 1561 2105 post

20 2115 22 2148 ᾖ.
72 2118 103 2140 v.
129 2110 275 2139 tantum.
302 2108 369 2146 (Ut
393 2118 470 2149 nos,
495 2108 576 2142 Md.
603 2107 686 2142 Asc.
712 2115 881 2155 utraque,
908 2110 1004 2144 Vict.
1034 2113 1064 2145 l.
1090 2113 1123 2146 2.
1163 2113 1266 2145 Man.
1293 2108 1426 2143 Lamb.
1453 2107 1561 2154 sqq.)

76 2154 272 2189 ORELLI.
301 2172 343 2178 —
371 2159 432 2189 ise.
461 2156 532 2190 lab.
561 2182 568 2190 .
597 2181 608 2192 .
635 2181 643 2191 .
671 2167 741 2191 non
765 2158 939 2199 subisses,
964 2158 1038 2192 und
1063 2159 1232 2193 wiirdest
1255 2160 1351 2192 ietzt
1376 2158 1445 2191 der
1470 2159 1560 2191 Mii-

73 2203 118 2236 he
144 2203 369 2237 iiberhoben
395 2203 494 2246 sein,
537 2204 596 2238 dio
630 2205 688 2239 Du
720 2206 972 2240 iibernimmst
1008 2218 1070 2240 um
1096 2208 1203 2241 mich
1230 2205 1559 2250 schiffbriichigen

71 2262 116 2284 zu
141 2258 278 2284 retten.
475 2270 481 2275 ,

170 2300 202 2334 8.
234 2310 287 2332 me
313 2324 321 2332 .
350 2325 357 2333 .
387 2326 394 2333 .
423 2310 500 2333 esse
525 2301 702 2345 aliquem,
750 2301 832 2336 dass
870 2303 933 2336 ich
961 2301 1061 2337 doch
1089 2304 1319 2350 wenigstens
1346 2305 1469 2337 Etwas
1494 2302 1559 2345 sei,

75 2347 187 2391 gelte.
215 2367 259 2372 —
285 2348 395 2384 XIV.
420 2349 508 2384 ΙιάΙ.
534 2349 641 2394 Sept„
672 2351 743 2384 den
769 2354 878 2387 17ten
904 2355 1058 2396 August.

170 2414 259 2451 Kal.
284 2415 383 2450 Sext.
408 2417 598 2458 datarum,
641 2419 712 2453 den
740 2421 819 2463 Du,
853 2420 924 2454 wie
950 2420 1014 2454 ich
1041 2421 1164 2463 hoste.
1199 2421 1323 2466 gieich
1351 2433 1410 2454 am
1437 2426 1559 2453 ersten

24 2465 27 2516 ἶ
78 2462 216 2506 August
241 2465 317 2506 (wo
343 2465 444 2498 nach
470 2467 565 2499 alter
588 2466 683 2502 Sitte
709 2462 895 2513 Rathsiag
922 2469 1092 2514 gehalten
1119 2471 1274 2512 wurde)
1299 2469 1395 2503 nach
1422 2469 1559 2501 entlas-

25 2533 27 2542 .
77 2521 202 2543 senem
223 2510 353 2546 Senate
380 2525 425 2546 an
451 2515 552 2548 mich
579 2517 683 2550 xvii-st
708 2518 801 2551 iiber
826 2518 902 2551 Das
926 2518 1172 2563 geschrieben
1200 2517 1337 2559 haben,
1367 2528 1439 2549 was
1467 2517 1560 2550 iiber

79 2558 182 2590 mich
209 2559 367 2594 daselbst
391 2562 611 2598 verbandelt
637 2566 714 2599 sein
741 2566 880 2600 dnrfte.
937 2568 973 2601 S.
999 2566 1033 2600 d.
1062 2568 1184 2610 νοτὶς.
1214 2566 1331 2599 Brief.
1361 2568 1388 2609 ξ.
1416 2567 1448 2600 6.
1476 2571 1561 2598 acta

79 2606 161 2642 Kal»
193 2606 288 2641 Sext.
315 2627 361 2632 -
387 2612 494 2645 Quae.
553 2613 615 2646 Sic
639 2615 727 2649 Md.
755 2626 776 2648 a
801 2626 872 2649 see.
908 2627 958 2648 m.
995 2616 1110 2648 Oxou.
1141 2618 1170 2648 l.
1208 2632 1252 2637 —
1279 2614 1405 2646 lectae.
1467 2613 1556 2647 Cod.

78 2654 255 2689 Tornaes.
283 2657 380 2690 latae
405 2665 499 2692 teste
526 2660 648 2699 Bosio,
674 2663 784 2708 idque
802 2664 1053 2709 probabilius:
1081 2665 1134 2695 sic
1163 2662 1263 2694 enim
1289 2663 1383 2696 Iens.
1411 2662 1494 2695 Asc.
1527 2665 1555 2695 l.

27 2720 31 2766 ἰ
80 2703 181 2781 {Dran
219 2704 338 2757 laetae
367 2707 568 2751 Tornaes.‚
617 2718 711 2744 teste
747 2712 880 2746 Lamb.
908 2711 1060 2745 Schiitz.
1090 2712 1251 2744 Li'mem.
1284 2710 1483 2745 ORELLI.
1518 2729 1553 2733 -

28 2775 31 2784 ,
103 2754 215 2793 taque.
273 2753 333 2783 Sic
368 2754 450 2786 Md.
486 2767 505 2787 a
539 2768 610 2791 sec.
650 2772 696 2791 m.
727 2761 843 2794 Oxou.
876 2762 906 2795 l.
936 2760 1055 2793 anb
1080 2785 1088 2791 .
1126 2767 1165 2791 ut
1194 2759 1370 2792 volebant.
1396 2759 1551 2801 IVInlasp.
