<?xml version="1.0" encoding="UTF-8"?>
<!DOCTYPE html PUBLIC "-//W3C//DTD XHTML 1.0 Transitional//EN"
    "http://www.w3.org/TR/xhtml1/DTD/xhtml1-transitional.dtd">
<html xmlns="http://www.w3.org/1999/xhtml" xml:lang="en" lang="en">
 <head>
  <title>
</title>
<meta http-equiv="Content-Type" content="text/html;charset=utf-8" />
  <meta name='ocr-system' content='tesseract 3.04.00' />
  <meta name='ocr-capabilities' content='ocr_page ocr_carea ocr_par ocr_line ocrx_word'/>
</head>
<body>
  <div class='ocr_page' id='page_1' title='image "./epistolaeadattic00ciceuoft/epistolaeadattic00ciceuoft_0536.png"; bbox 0 0 1742 3006; ppageno 0'>
   <div class='ocr_carea' id='block_1_1' title="bbox 209 82 1462 135">
    <p class='ocr_par' dir='ltr' id='par_1_1' title="bbox 209 82 1462 135">
     <span class='ocr_line' id='line_1_1' title="bbox 209 82 1462 135; baseline -0.005 -1"><span class='ocrx_word' id='word_1_1' title='bbox 209 86 311 134; x_wconf 63' lang='lat'>516*</span> <span class='ocrx_word' id='word_1_2' title='bbox 489 89 550 131; x_wconf 84' lang='lat' dir='ltr'>M.</span> <span class='ocrx_word' id='word_1_3' title='bbox 582 86 638 129; x_wconf 93' lang='grc' dir='ltr'>Τ.</span> <span class='ocrx_word' id='word_1_4' title='bbox 670 82 1008 130; x_wconf 84' lang='lat' dir='ltr'>CICERONIS</span> <span class='ocrx_word' id='word_1_5' title='bbox 1034 84 1415 129; x_wconf 84' lang='lat' dir='ltr'>EPISTOLAE.</span> <span class='ocrx_word' id='word_1_6' title='bbox 1458 129 1462 135; x_wconf 77' lang='grc'><em>,</em></span> 
     </span>
    </p>
   </div>
   <div class='ocr_carea' id='block_1_2' title="bbox 172 196 1742 1374">
    <p class='ocr_par' dir='ltr' id='par_1_2' title="bbox 172 196 1742 1374">
     <span class='ocr_line' id='line_1_2' title="bbox 211 196 1691 249; baseline -0.002 -5"><span class='ocrx_word' id='word_1_7' title='bbox 211 200 433 244; x_wconf 86' lang='lat' dir='ltr'>commodi</span> <span class='ocrx_word' id='word_1_8' title='bbox 465 200 682 242; x_wconf 86' lang='lat' dir='ltr'>rationem</span> <span class='ocrx_word' id='word_1_9' title='bbox 711 199 936 249; x_wconf 81' lang='lat' dir='ltr'>ducerem,</span> <span class='ocrx_word' id='word_1_10' title='bbox 978 202 1022 241; x_wconf 86' lang='lat' dir='ltr'>te</span> <span class='ocrx_word' id='word_1_11' title='bbox 1050 212 1221 241; x_wconf 89' lang='lat' dir='ltr'>mecum</span> <span class='ocrx_word' id='word_1_12' title='bbox 1250 212 1346 240; x_wconf 87' lang='lat' dir='ltr'>esse</span> <span class='ocrx_word' id='word_1_13' title='bbox 1374 196 1568 239; x_wconf 86' lang='lat' dir='ltr'>maxime</span> <span class='ocrx_word' id='word_1_14' title='bbox 1597 198 1691 241; x_wconf 84' lang='lat' dir='ltr'>vel-</span> 
     </span>
     <span class='ocr_line' id='line_1_3' title="bbox 172 255 1691 309; baseline -0.003 -9"><span class='ocrx_word' id='word_1_15' title='bbox 172 263 176 268; x_wconf 88' lang='lat'>&#39;</span> <span class='ocrx_word' id='word_1_16' title='bbox 211 259 316 300; x_wconf 86' lang='lat' dir='ltr'>lem:</span> <span class='ocrx_word' id='word_1_17' title='bbox 345 270 432 298; x_wconf 90' lang='lat' dir='ltr'>non</span> <span class='ocrx_word' id='word_1_18' title='bbox 463 256 579 297; x_wconf 88' lang='lat' dir='ltr'>enim</span> <span class='ocrx_word' id='word_1_19' title='bbox 607 255 828 297; x_wconf 90' lang='lat' dir='ltr'>mediocri</span> <span class='ocrx_word' id='word_1_20' title='bbox 857 255 1090 296; x_wconf 86' lang='lat' dir='ltr'>afficiebar</span> <span class='ocrx_word' id='word_1_21' title='bbox 1127 256 1197 297; x_wconf 84' lang='lat' dir='ltr'>vel</span> <span class='ocrx_word' id='word_1_22' title='bbox 1235 255 1461 309; x_wconf 86' lang='lat' dir='ltr'>voluptate</span> <span class='ocrx_word' id='word_1_23' title='bbox 1499 267 1558 295; x_wconf 87' lang='lat' dir='ltr'>ex</span> <span class='ocrx_word' id='word_1_24' title='bbox 1588 267 1691 296; x_wconf 91' lang='lat' dir='ltr'>con-</span> 
     </span>
     <span class='ocr_line' id='line_1_4' title="bbox 210 311 1742 366; baseline -0.004 -10"><span class='ocrx_word' id='word_1_25' title='bbox 210 313 441 356; x_wconf 88' lang='lat' dir='ltr'>suetudine</span> <span class='ocrx_word' id='word_1_26' title='bbox 469 316 623 354; x_wconf 84' lang='lat' dir='ltr'>nostra</span> <span class='ocrx_word' id='word_1_27' title='bbox 650 312 721 355; x_wconf 86' lang='lat' dir='ltr'>vel</span> <span class='ocrx_word' id='word_1_28' title='bbox 747 311 941 352; x_wconf 87' lang='lat' dir='ltr'>utilitate</span> <span class='ocrx_word' id='word_1_29' title='bbox 972 324 1031 352; x_wconf 84' lang='lat' dir='ltr'>ex</span> <span class='ocrx_word' id='word_1_30' title='bbox 1061 311 1251 353; x_wconf 90' lang='lat' dir='ltr'>consilio</span> <span class='ocrx_word' id='word_1_31' title='bbox 1282 315 1414 366; x_wconf 86' lang='lat' dir='ltr'>atque</span> <span class='ocrx_word' id='word_1_32' title='bbox 1436 323 1572 365; x_wconf 85' lang='lat' dir='ltr'>opera</span> <span class='ocrx_word' id='word_1_33' title='bbox 1600 312 1688 351; x_wconf 84' lang='lat' dir='ltr'>tua.</span> <span class='ocrx_word' id='word_1_34' title='bbox 1739 335 1742 366; x_wconf 70' lang='lat' dir='ltr'>j</span> 
     </span>
     <span class='ocr_line' id='line_1_5' title="bbox 210 365 1688 423; baseline -0.003 -12"><span class='ocrx_word' id='word_1_35' title='bbox 210 370 298 412; x_wconf 85' lang='lat' dir='ltr'>Sed</span> <span class='ocrx_word' id='word_1_36' title='bbox 328 381 462 423; x_wconf 88' lang='lat' dir='ltr'>quum</span> <span class='ocrx_word' id='word_1_37' title='bbox 502 372 545 409; x_wconf 91' lang='lat' dir='ltr'>te</span> <span class='ocrx_word' id='word_1_38' title='bbox 584 381 643 409; x_wconf 87' lang='lat' dir='ltr'>ex</span> <span class='ocrx_word' id='word_1_39' title='bbox 680 366 1093 409; x_wconf 82' lang='lat' dir='ltr'>adolescentia-tua</span> <span class='ocrx_word' id='word_1_40' title='bbox 1121 367 1169 408; x_wconf 91' lang='lat' dir='ltr'>in</span> <span class='ocrx_word' id='word_1_41' title='bbox 1199 366 1445 408; x_wconf 77' lang='lat' dir='ltr'>amicitiam</span> <span class='ocrx_word' id='word_1_42' title='bbox 1483 370 1527 407; x_wconf 90' lang='lat' dir='ltr'>et</span> <span class='ocrx_word' id='word_1_43' title='bbox 1555 365 1688 406; x_wconf 83' lang='lat' dir='ltr'>fidem</span> 
     </span>
     <span class='ocr_line' id='line_1_6' title="bbox 208 420 1688 478; baseline -0.004 -11"><span class='ocrx_word' id='word_1_44' title='bbox 208 439 346 467; x_wconf 86' lang='lat' dir='ltr'>meam</span> <span class='ocrx_word' id='word_1_45' title='bbox 386 424 661 469; x_wconf 86' lang='lat' dir='ltr'>contulisses,</span> <span class='ocrx_word' id='word_1_46' title='bbox 709 437 884 478; x_wconf 81' lang='lat' dir='ltr'>semper</span> <span class='ocrx_word' id='word_1_47' title='bbox 921 426 965 464; x_wconf 89' lang='lat' dir='ltr'>te</span> <span class='ocrx_word' id='word_1_48' title='bbox 1004 436 1094 465; x_wconf 90' lang='lat' dir='ltr'>non</span> <span class='ocrx_word' id='word_1_49' title='bbox 1131 424 1266 465; x_wconf 92' lang='lat' dir='ltr'>modo</span> <span class='ocrx_word' id='word_1_50' title='bbox 1308 422 1520 464; x_wconf 90' lang='lat' dir='ltr'>tuendum</span> <span class='ocrx_word' id='word_1_51' title='bbox 1558 420 1688 473; x_wconf 82' lang='lat' dir='ltr'>mihi,</span> 
     </span>
     <span class='ocr_line' id='line_1_7' title="bbox 207 478 1685 535; baseline -0.003 -13"><span class='ocrx_word' id='word_1_52' title='bbox 207 482 285 523; x_wconf 88' lang='lat' dir='ltr'>sed</span> <span class='ocrx_word' id='word_1_53' title='bbox 324 479 460 522; x_wconf 86' lang='lat' dir='ltr'>etiam</span> <span class='ocrx_word' id='word_1_54' title='bbox 507 479 753 535; x_wconf 83' lang='lat' dir='ltr'>augendum</span> <span class='ocrx_word' id='word_1_55' title='bbox 793 483 926 534; x_wconf 83' lang='lat' dir='ltr'>atque</span> <span class='ocrx_word' id='word_1_56' title='bbox 974 479 1219 521; x_wconf 88' lang='lat' dir='ltr'>ornandum</span> <span class='ocrx_word' id='word_1_57' title='bbox 1266 478 1434 534; x_wconf 83' lang='lat' dir='ltr'>putavi.</span> <span class='ocrx_word' id='word_1_58' title='bbox 1511 478 1685 533; x_wconf 85' lang='lat' dir='ltr'>Itaque,</span> 
     </span>
     <span class='ocr_line' id='line_1_8' title="bbox 207 534 1687 592; baseline -0.003 -13"><span class='ocrx_word' id='word_1_59' title='bbox 207 537 354 592; x_wconf 91' lang='lat' dir='ltr'>quoad</span> <span class='ocrx_word' id='word_1_60' title='bbox 395 536 599 591; x_wconf 84' lang='lat' dir='ltr'>opinatus</span> <span class='ocrx_word' id='word_1_61' title='bbox 640 549 737 577; x_wconf 90' lang='lat' dir='ltr'>sum</span> <span class='ocrx_word' id='word_1_62' title='bbox 774 548 845 576; x_wconf 92' lang='lat' dir='ltr'>me</span> <span class='ocrx_word' id='word_1_63' title='bbox 891 534 938 574; x_wconf 91' lang='lat' dir='ltr'>in</span> <span class='ocrx_word' id='word_1_64' title='bbox 975 535 1255 589; x_wconf 84' lang='lat' dir='ltr'>provinciam</span> <span class='ocrx_word' id='word_1_65' title='bbox 1286 534 1530 587; x_wconf 79' lang='lat' dir='ltr'>exiturum,</span> <span class='ocrx_word' id='word_1_66' title='bbox 1573 546 1687 589; x_wconf 87' lang='lat' dir='ltr'>quae</span> 
     </span>
     <span class='ocr_line' id='line_1_9' title="bbox 207 589 1742 645; baseline -0.002 -11"><span class='ocrx_word' id='word_1_67' title='bbox 207 594 263 634; x_wconf 89' lang='lat' dir='ltr'>ad</span> <span class='ocrx_word' id='word_1_68' title='bbox 303 597 347 634; x_wconf 90' lang='lat' dir='ltr'>te</span> <span class='ocrx_word' id='word_1_69' title='bbox 385 593 503 633; x_wconf 87' lang='lat' dir='ltr'>ultro</span> <span class='ocrx_word' id='word_1_70' title='bbox 534 591 775 642; x_wconf 81' lang='lat' dir='ltr'>attulerim,</span> <span class='ocrx_word' id='word_1_71' title='bbox 818 589 1070 632; x_wconf 85' lang='lat' dir='ltr'>meminisse</span> <span class='ocrx_word' id='word_1_72' title='bbox 1097 594 1141 633; x_wconf 88' lang='lat' dir='ltr'>te</span> <span class='ocrx_word' id='word_1_73' title='bbox 1170 591 1319 633; x_wconf 87' lang='lat' dir='ltr'>credo.</span> <span class='ocrx_word' id='word_1_74' title='bbox 1388 591 1688 645; x_wconf 81' lang='lat' dir='ltr'>Posteaquam</span> <span class='ocrx_word' id='word_1_75' title='bbox 1738 619 1742 623; x_wconf 84' lang='lat'>.</span> 
     </span>
     <span class='ocr_line' id='line_1_10' title="bbox 207 646 1686 702; baseline -0.002 -12"><span class='ocrx_word' id='word_1_76' title='bbox 207 662 260 690; x_wconf 85' lang='lat' dir='ltr'>ea</span> <span class='ocrx_word' id='word_1_77' title='bbox 286 652 455 690; x_wconf 88' lang='lat' dir='ltr'>mutata</span> <span class='ocrx_word' id='word_1_78' title='bbox 481 647 598 689; x_wconf 85' lang='lat' dir='ltr'>ratio</span> <span class='ocrx_word' id='word_1_79' title='bbox 629 651 711 699; x_wconf 84' lang='lat' dir='ltr'>est,</span> <span class='ocrx_word' id='word_1_80' title='bbox 749 660 886 702; x_wconf 89' lang='lat' dir='ltr'>quum</span> <span class='ocrx_word' id='word_1_81' title='bbox 914 646 1128 696; x_wconf 86' lang='lat' dir='ltr'>viderem,</span> <span class='ocrx_word' id='word_1_82' title='bbox 1171 661 1240 688; x_wconf 90' lang='lat' dir='ltr'>me</span> <span class='ocrx_word' id='word_1_83' title='bbox 1270 660 1295 687; x_wconf 90' lang='lat' dir='ltr'>a</span> <span class='ocrx_word' id='word_1_84' title='bbox 1324 647 1514 689; x_wconf 83' lang='lat' dir='ltr'>Caesare</span> <span class='ocrx_word' id='word_1_85' title='bbox 1543 646 1686 687; x_wconf 89' lang='lat' dir='ltr'>hono-</span> 
     </span>
     <span class='ocr_line' id='line_1_11' title="bbox 205 702 1687 758; baseline -0.003 -12"><span class='ocrx_word' id='word_1_86' title='bbox 205 703 535 746; x_wconf 88' lang='lat' dir='ltr'>rificentissime</span> <span class='ocrx_word' id='word_1_87' title='bbox 564 702 751 745; x_wconf 88' lang='lat' dir='ltr'>tractari</span> <span class='ocrx_word' id='word_1_88' title='bbox 788 706 832 744; x_wconf 86' lang='lat' dir='ltr'>et</span> <span class='ocrx_word' id='word_1_89' title='bbox 860 702 991 744; x_wconf 89' lang='lat' dir='ltr'>unice</span> <span class='ocrx_word' id='word_1_90' title='bbox 1021 703 1168 758; x_wconf 81' lang='lat' dir='ltr'>diligi,</span> <span class='ocrx_word' id='word_1_91' title='bbox 1211 702 1494 758; x_wconf 88' lang='lat' dir='ltr'>hominisque</span> <span class='ocrx_word' id='word_1_92' title='bbox 1523 703 1687 743; x_wconf 88' lang='lat' dir='ltr'>libera-</span> 
     </span>
     <span class='ocr_line' id='line_1_12' title="bbox 201 757 1687 814; baseline -0.003 -12"><span class='ocrx_word' id='word_1_93' title='bbox 201 762 373 802; x_wconf 85' lang='lat' dir='ltr'>litatem</span> <span class='ocrx_word' id='word_1_94' title='bbox 402 759 712 801; x_wconf 81' lang='lat' dir='ltr'>incredibilem</span> <span class='ocrx_word' id='word_1_95' title='bbox 748 763 793 801; x_wconf 89' lang='lat' dir='ltr'>et</span> <span class='ocrx_word' id='word_1_96' title='bbox 831 757 1101 814; x_wconf 86' lang='lat' dir='ltr'>singularem</span> <span class='ocrx_word' id='word_1_97' title='bbox 1139 758 1275 799; x_wconf 88' lang='lat' dir='ltr'>fidem</span> <span class='ocrx_word' id='word_1_98' title='bbox 1312 772 1508 800; x_wconf 86' lang='lat' dir='ltr'>nossem:</span> <span class='ocrx_word' id='word_1_99' title='bbox 1547 757 1616 800; x_wconf 91' lang='lat' dir='ltr'>sic</span> <span class='ocrx_word' id='word_1_100' title='bbox 1645 757 1687 798; x_wconf 85' lang='lat' dir='ltr'>ei</span> 
     </span>
     <span class='ocr_line' id='line_1_13' title="bbox 202 813 1685 870; baseline -0.003 -12"><span class='ocrx_word' id='word_1_101' title='bbox 202 823 246 858; x_wconf 92' lang='lat' dir='ltr'>te</span> <span class='ocrx_word' id='word_1_102' title='bbox 276 815 583 858; x_wconf 66' lang='lat' dir='ltr'>commendavi</span> <span class='ocrx_word' id='word_1_103' title='bbox 621 819 665 857; x_wconf 85' lang='lat' dir='ltr'>et</span> <span class='ocrx_word' id='word_1_104' title='bbox 700 813 887 865; x_wconf 88' lang='lat' dir='ltr'>tradidi,</span> <span class='ocrx_word' id='word_1_105' title='bbox 930 819 979 856; x_wconf 89' lang='lat' dir='ltr'>ut</span> <span class='ocrx_word' id='word_1_106' title='bbox 1017 814 1279 870; x_wconf 82' lang='lat' dir='ltr'>gravissime</span> <span class='ocrx_word' id='word_1_107' title='bbox 1319 813 1685 869; x_wconf 85' lang='lat' dir='ltr'>diligentissime-</span> 
     </span>
     <span class='ocr_line' id='line_1_14' title="bbox 202 869 1686 928; baseline -0.003 -14"><span class='ocrx_word' id='word_1_108' title='bbox 202 887 287 928; x_wconf 91' lang='lat' dir='ltr'>que</span> <span class='ocrx_word' id='word_1_109' title='bbox 317 871 455 928; x_wconf 89' lang='lat' dir='ltr'>potui.</span> <span class='ocrx_word' id='word_1_110' title='bbox 515 872 650 922; x_wconf 82' lang='lat' dir='ltr'>Quod</span> <span class='ocrx_word' id='word_1_111' title='bbox 680 872 756 913; x_wconf 91' lang='lat' dir='ltr'>ille</span> <span class='ocrx_word' id='word_1_112' title='bbox 787 870 851 911; x_wconf 83' lang='lat' dir='ltr'>ita</span> <span class='ocrx_word' id='word_1_113' title='bbox 880 874 926 911; x_wconf 89' lang='lat' dir='ltr'>et</span> <span class='ocrx_word' id='word_1_114' title='bbox 955 871 1131 926; x_wconf 91' lang='lat' dir='ltr'>accepit</span> <span class='ocrx_word' id='word_1_115' title='bbox 1168 875 1213 912; x_wconf 89' lang='lat' dir='ltr'>et</span> <span class='ocrx_word' id='word_1_116' title='bbox 1241 869 1355 911; x_wconf 87' lang='lat' dir='ltr'>mihi</span> <span class='ocrx_word' id='word_1_117' title='bbox 1383 883 1512 926; x_wconf 84' lang='lat' dir='ltr'>saepe</span> <span class='ocrx_word' id='word_1_118' title='bbox 1540 869 1686 911; x_wconf 89' lang='lat' dir='ltr'>literis</span> 
     </span>
     <span class='ocr_line' id='line_1_15' title="bbox 201 925 1684 986; baseline -0.002 -16"><span class='ocrx_word' id='word_1_119' title='bbox 201 927 480 986; x_wconf 82' lang='lat' dir='ltr'>significavit</span> <span class='ocrx_word' id='word_1_120' title='bbox 509 932 554 969; x_wconf 91' lang='lat' dir='ltr'>et</span> <span class='ocrx_word' id='word_1_121' title='bbox 590 927 676 968; x_wconf 90' lang='lat' dir='ltr'>tibi</span> <span class='ocrx_word' id='word_1_122' title='bbox 705 931 749 969; x_wconf 88' lang='lat' dir='ltr'>et</span> <span class='ocrx_word' id='word_1_123' title='bbox 775 925 927 968; x_wconf 87' lang='lat' dir='ltr'>verbis</span> <span class='ocrx_word' id='word_1_124' title='bbox 965 931 1008 968; x_wconf 89' lang='lat' dir='ltr'>et</span> <span class='ocrx_word' id='word_1_125' title='bbox 1037 941 1086 968; x_wconf 88' lang='lat' dir='ltr'>re</span> <span class='ocrx_word' id='word_1_126' title='bbox 1115 925 1317 979; x_wconf 79' lang='lat' dir='ltr'>ostendit</span> <span class='ocrx_word' id='word_1_127' title='bbox 1338 940 1436 968; x_wconf 84' lang='lat' dir='ltr'>mea</span> <span class='ocrx_word' id='word_1_128' title='bbox 1465 940 1684 968; x_wconf 89' lang='lat' dir='ltr'>commen-</span> 
     </span>
     <span class='ocr_line' id='line_1_16' title="bbox 200 981 1682 1036; baseline -0.001 -10"><span class='ocrx_word' id='word_1_129' title='bbox 200 984 382 1026; x_wconf 86' lang='lat' dir='ltr'>datione</span> <span class='ocrx_word' id='word_1_130' title='bbox 410 997 506 1025; x_wconf 89' lang='lat' dir='ltr'>sese</span> <span class='ocrx_word' id='word_1_131' title='bbox 535 984 665 1025; x_wconf 85' lang='lat' dir='ltr'>valde</span> <span class='ocrx_word' id='word_1_132' title='bbox 696 996 794 1025; x_wconf 89' lang='lat' dir='ltr'>esse</span> <span class='ocrx_word' id='word_1_133' title='bbox 822 987 1102 1036; x_wconf 87' lang='lat' dir='ltr'>commotum.</span> <span class='ocrx_word' id='word_1_134' title='bbox 1173 983 1306 1024; x_wconf 87' lang='lat' dir='ltr'>Hunc</span> <span class='ocrx_word' id='word_1_135' title='bbox 1341 986 1390 1024; x_wconf 88' lang='lat' dir='ltr'>tu</span> <span class='ocrx_word' id='word_1_136' title='bbox 1429 981 1578 1024; x_wconf 86' lang='lat' dir='ltr'>virum</span> <span class='ocrx_word' id='word_1_137' title='bbox 1605 996 1682 1024; x_wconf 85' lang='lat' dir='ltr'>na·</span> 
     </span>
     <span class='ocr_line' id='line_1_17' title="bbox 200 1037 1682 1094; baseline -0.001 -12"><span class='ocrx_word' id='word_1_138' title='bbox 200 1046 316 1090; x_wconf 89' lang='lat' dir='ltr'>ctus,</span> <span class='ocrx_word' id='word_1_139' title='bbox 346 1040 388 1081; x_wconf 93' lang='lat' dir='ltr'>si</span> <span class='ocrx_word' id='word_1_140' title='bbox 415 1053 484 1080; x_wconf 89' lang='lat' dir='ltr'>me</span> <span class='ocrx_word' id='word_1_141' title='bbox 515 1042 591 1080; x_wconf 87' lang='lat' dir='ltr'>aut</span> <span class='ocrx_word' id='word_1_142' title='bbox 617 1052 771 1094; x_wconf 83' lang='lat' dir='ltr'>sapere</span> <span class='ocrx_word' id='word_1_143' title='bbox 801 1037 973 1092; x_wconf 88' lang='lat' dir='ltr'>aliquid</span> <span class='ocrx_word' id='word_1_144' title='bbox 1013 1043 1089 1080; x_wconf 87' lang='lat' dir='ltr'>aut</span> <span class='ocrx_word' id='word_1_145' title='bbox 1116 1039 1231 1080; x_wconf 83' lang='lat' dir='ltr'>velle</span> <span class='ocrx_word' id='word_1_146' title='bbox 1271 1043 1346 1080; x_wconf 89' lang='lat' dir='ltr'>tua</span> <span class='ocrx_word' id='word_1_147' title='bbox 1376 1051 1508 1080; x_wconf 87' lang='lat' dir='ltr'>causa</span> <span class='ocrx_word' id='word_1_148' title='bbox 1535 1042 1682 1094; x_wconf 87' lang='lat' dir='ltr'>putas,</span> 
     </span>
     <span class='ocr_line' id='line_1_18' title="bbox 197 1094 1681 1150; baseline -0.001 -13"><span class='ocrx_word' id='word_1_149' title='bbox 197 1111 252 1138; x_wconf 91' lang='lat' dir='ltr'>ne</span> <span class='ocrx_word' id='word_1_150' title='bbox 283 1095 532 1137; x_wconf 86' lang='lat' dir='ltr'>dimiseris:</span> <span class='ocrx_word' id='word_1_151' title='bbox 577 1099 620 1136; x_wconf 91' lang='lat' dir='ltr'>et</span> <span class='ocrx_word' id='word_1_152' title='bbox 660 1094 731 1146; x_wconf 68' lang='lat' dir='ltr'>[si]</span> <span class='ocrx_word' id='word_1_153' title='bbox 775 1107 888 1149; x_wconf 88' lang='lat' dir='ltr'>quae</span> <span class='ocrx_word' id='word_1_154' title='bbox 925 1097 970 1135; x_wconf 88' lang='lat' dir='ltr'>te</span> <span class='ocrx_word' id='word_1_155' title='bbox 1007 1094 1127 1136; x_wconf 88' lang='lat' dir='ltr'>forte</span> <span class='ocrx_word' id='word_1_156' title='bbox 1167 1108 1238 1136; x_wconf 89' lang='lat' dir='ltr'>res</span> <span class='ocrx_word' id='word_1_157' title='bbox 1270 1094 1510 1150; x_wconf 88' lang='lat' dir='ltr'>aliquando</span> <span class='ocrx_word' id='word_1_158' title='bbox 1540 1095 1681 1139; x_wconf 83' lang='lat' dir='ltr'>offen-</span> 
     </span>
     <span class='ocr_line' id='line_1_19' title="bbox 197 1149 1683 1206; baseline -0.001 -13"><span class='ocrx_word' id='word_1_159' title='bbox 197 1152 332 1202; x_wconf 86' lang='lat' dir='ltr'>derit,</span> <span class='ocrx_word' id='word_1_160' title='bbox 369 1165 505 1206; x_wconf 88' lang='lat' dir='ltr'>quum</span> <span class='ocrx_word' id='word_1_161' title='bbox 542 1150 618 1191; x_wconf 91' lang='lat' dir='ltr'>ille</span> <span class='ocrx_word' id='word_1_162' title='bbox 657 1155 732 1191; x_wconf 88' lang='lat' dir='ltr'>aut</span> <span class='ocrx_word' id='word_1_163' title='bbox 770 1150 1062 1206; x_wconf 85' lang='lat' dir='ltr'>occupatione</span> <span class='ocrx_word' id='word_1_164' title='bbox 1103 1155 1177 1192; x_wconf 87' lang='lat' dir='ltr'>aut</span> <span class='ocrx_word' id='word_1_165' title='bbox 1207 1150 1480 1193; x_wconf 84' lang='lat' dir='ltr'>difficultate</span> <span class='ocrx_word' id='word_1_166' title='bbox 1508 1149 1683 1192; x_wconf 85' lang='lat' dir='ltr'>tardior</span> 
     </span>
     <span class='ocr_line' id='line_1_20' title="bbox 195 1203 1680 1263; baseline -0.002 -14"><span class='ocrx_word' id='word_1_167' title='bbox 195 1208 283 1250; x_wconf 82' lang='lat' dir='ltr'>tibi</span> <span class='ocrx_word' id='word_1_168' title='bbox 313 1206 400 1249; x_wconf 86' lang='lat' dir='ltr'>erit</span> <span class='ocrx_word' id='word_1_169' title='bbox 427 1207 574 1257; x_wconf 88' lang='lat' dir='ltr'>visus,</span> <span class='ocrx_word' id='word_1_170' title='bbox 618 1205 817 1260; x_wconf 79' lang='lat' dir='ltr'>perferto</span> <span class='ocrx_word' id='word_1_171' title='bbox 857 1212 900 1249; x_wconf 87' lang='lat' dir='ltr'>et</span> <span class='ocrx_word' id='word_1_172' title='bbox 937 1206 1092 1248; x_wconf 86' lang='lat' dir='ltr'>ultima</span> <span class='ocrx_word' id='word_1_173' title='bbox 1121 1211 1404 1260; x_wconf 78' lang='lat' dir='ltr'>exspectat03</span> <span class='ocrx_word' id='word_1_174' title='bbox 1455 1220 1569 1263; x_wconf 90' lang='lat' dir='ltr'>quae</span> <span class='ocrx_word' id='word_1_175' title='bbox 1599 1203 1680 1261; x_wconf 83' lang='lat' dir='ltr'>ego</span> 
     </span>
     <span class='ocr_line' id='line_1_21' title="bbox 195 1260 1682 1318; baseline -0.001 -14"><span class='ocrx_word' id='word_1_176' title='bbox 195 1263 279 1307; x_wconf 88' lang='lat' dir='ltr'>tibi</span> <span class='ocrx_word' id='word_1_177' title='bbox 310 1260 506 1305; x_wconf 89' lang='lat' dir='ltr'>iucunda</span> <span class='ocrx_word' id='word_1_178' title='bbox 545 1265 590 1303; x_wconf 91' lang='lat' dir='ltr'>et</span> <span class='ocrx_word' id='word_1_179' title='bbox 626 1262 813 1304; x_wconf 89' lang='lat' dir='ltr'>honesta</span> <span class='ocrx_word' id='word_1_180' title='bbox 852 1263 1101 1318; x_wconf 85' lang='lat' dir='ltr'>praestabo.</span> <span class='ocrx_word' id='word_1_181' title='bbox 1186 1262 1401 1306; x_wconf 90' lang='lat' dir='ltr'>Pluribus</span> <span class='ocrx_word' id='word_1_182' title='bbox 1431 1267 1475 1304; x_wconf 91' lang='lat' dir='ltr'>te</span> <span class='ocrx_word' id='word_1_183' title='bbox 1503 1261 1682 1304; x_wconf 86' lang='lat' dir='ltr'>hortari</span> 
     </span>
     <span class='ocr_line' id='line_1_22' title="bbox 193 1318 1681 1374; baseline -0.001 -13"><span class='ocrx_word' id='word_1_184' title='bbox 193 1333 293 1361; x_wconf 75' lang='lat' dir='ltr'>non.</span> <span class='ocrx_word' id='word_1_185' title='bbox 311 1320 472 1361; x_wconf 87' lang='lat' dir='ltr'>debeo:</span> <span class='ocrx_word' id='word_1_186' title='bbox 524 1320 694 1360; x_wconf 86' lang='lat' dir='ltr'>tantum</span> <span class='ocrx_word' id='word_1_187' title='bbox 722 1332 878 1360; x_wconf 90' lang='lat' dir='ltr'>moneo</span> <span class='ocrx_word' id='word_1_188' title='bbox 919 1332 1063 1374; x_wconf 90' lang='lat' dir='ltr'>neque</span> <span class='ocrx_word' id='word_1_189' title='bbox 1093 1318 1318 1361; x_wconf 89' lang='lat' dir='ltr'>amicitiae</span> <span class='ocrx_word' id='word_1_190' title='bbox 1351 1318 1681 1361; x_wconf 86' lang='lat' dir='ltr'>confirmandae</span> 
     </span>
    </p>
   </div>
   <div class='ocr_carea' id='block_1_3' title="bbox 189 1411 1679 1700">
    <p class='ocr_par' dir='ltr' id='par_1_3' title="bbox 189 1411 1679 1700">
     <span class='ocr_line' id='line_1_23' title="bbox 192 1411 1679 1460; baseline -0.003 -12"><span class='ocrx_word' id='word_1_191' title='bbox 192 1418 300 1459; x_wconf 74' lang='lat' dir='ltr'>atque</span> <span class='ocrx_word' id='word_1_192' title='bbox 321 1424 414 1456; x_wconf 63' lang='lat' dir='ltr'>orn„</span> <span class='ocrx_word' id='word_1_193' title='bbox 449 1413 612 1448; x_wconf 83' lang='lat' dir='ltr'>sondern</span> <span class='ocrx_word' id='word_1_194' title='bbox 647 1414 744 1448; x_wconf 86' lang='lat' dir='ltr'>auch</span> <span class='ocrx_word' id='word_1_195' title='bbox 769 1414 868 1449; x_wconf 83' lang='lat' dir='ltr'>Dein</span> <span class='ocrx_word' id='word_1_196' title='bbox 892 1414 1221 1460; x_wconf 84' lang='lat' dir='ltr'>Emporkommen</span> <span class='ocrx_word' id='word_1_197' title='bbox 1258 1413 1334 1448; x_wconf 86' lang='lat' dir='ltr'>und</span> <span class='ocrx_word' id='word_1_198' title='bbox 1360 1413 1509 1448; x_wconf 88' lang='lat' dir='ltr'>Deinen</span> <span class='ocrx_word' id='word_1_199' title='bbox 1531 1411 1679 1455; x_wconf 81' lang='lat' dir='ltr'>Woh&#39;l-</span> 
     </span>
     <span class='ocr_line' id='line_1_24' title="bbox 192 1461 1679 1508; baseline -0.002 -12"><span class='ocrx_word' id='word_1_200' title='bbox 192 1462 303 1497; x_wconf 61' lang='lat' dir='ltr'>stand*</span> <span class='ocrx_word' id='word_1_201' title='bbox 323 1461 529 1496; x_wconf 80' lang='lat' dir='ltr'>bef‘o&#39;rdern</span> <span class='ocrx_word' id='word_1_202' title='bbox 552 1474 599 1495; x_wconf 89' lang='lat' dir='ltr'>zu</span> <span class='ocrx_word' id='word_1_203' title='bbox 624 1465 787 1497; x_wconf 71' lang='lat' dir='ltr'>iniissen.</span> <span class='ocrx_word' id='word_1_204' title='bbox 804 1483 847 1488; x_wconf 84' lang='lat'><strong>—</strong></span> <span class='ocrx_word' id='word_1_205' title='bbox 874 1464 913 1496; x_wconf 77' lang='lat' dir='ltr'>in</span> <span class='ocrx_word' id='word_1_206' title='bbox 933 1463 1175 1507; x_wconf 77' lang='lat' dir='ltr'>provinciam,</span> <span class='ocrx_word' id='word_1_207' title='bbox 1203 1462 1439 1508; x_wconf 86' lang='lat' dir='ltr'>Hispaniam,</span> <span class='ocrx_word' id='word_1_208' title='bbox 1466 1472 1552 1495; x_wconf 89' lang='lat' dir='ltr'>cum</span> <span class='ocrx_word' id='word_1_209' title='bbox 1568 1461 1679 1494; x_wconf 87' lang='lat' dir='ltr'>Pom-</span> 
     </span>
     <span class='ocr_line' id='line_1_25' title="bbox 190 1508 1679 1556; baseline -0.001 -12"><span class='ocrx_word' id='word_1_210' title='bbox 190 1511 277 1556; x_wconf 87' lang='lat' dir='ltr'>peio</span> <span class='ocrx_word' id='word_1_211' title='bbox 302 1511 388 1544; x_wconf 72' lang='lat' dir='ltr'>exit.</span> <span class='ocrx_word' id='word_1_212' title='bbox 441 1510 478 1544; x_wconf 90' lang='lat' dir='ltr'>S.</span> <span class='ocrx_word' id='word_1_213' title='bbox 507 1522 565 1556; x_wconf 88' lang='lat' dir='ltr'>ep.</span> <span class='ocrx_word' id='word_1_214' title='bbox 592 1510 753 1551; x_wconf 82' lang='lat' dir='ltr'>CXLVI,</span> <span class='ocrx_word' id='word_1_215' title='bbox 784 1512 839 1546; x_wconf 75' lang='lat'>18.</span> <span class='ocrx_word' id='word_1_216' title='bbox 866 1531 908 1536; x_wconf 93' lang='lat'>—-</span> <span class='ocrx_word' id='word_1_217' title='bbox 934 1521 1027 1556; x_wconf 80' lang='lat' dir='ltr'>quae</span> <span class='ocrx_word' id='word_1_218' title='bbox 1050 1511 1100 1545; x_wconf 84' lang='lat' dir='ltr'>ad</span> <span class='ocrx_word' id='word_1_219' title='bbox 1123 1516 1157 1545; x_wconf 86' lang='lat' dir='ltr'>te</span> <span class='ocrx_word' id='word_1_220' title='bbox 1182 1512 1278 1545; x_wconf 84' lang='lat' dir='ltr'>ultro</span> <span class='ocrx_word' id='word_1_221' title='bbox 1303 1515 1386 1551; x_wconf 61' lang='lat' dir='ltr'>att„</span> <span class='ocrx_word' id='word_1_222' title='bbox 1411 1521 1488 1545; x_wconf 85' lang='lat' dir='ltr'>was</span> <span class='ocrx_word' id='word_1_223' title='bbox 1513 1511 1578 1544; x_wconf 80' lang='lat' dir='ltr'>fiir</span> <span class='ocrx_word' id='word_1_224' title='bbox 1601 1508 1679 1542; x_wconf 87' lang='lat' dir='ltr'>An-</span> 
     </span>
     <span class='ocr_line' id='line_1_26' title="bbox 189 1556 1677 1607; baseline -0.002 -15"><span class='ocrx_word' id='word_1_225' title='bbox 189 1560 299 1607; x_wconf 63' lang='lat' dir='ltr'>trage</span> <span class='ocrx_word' id='word_1_226' title='bbox 334 1558 398 1591; x_wconf 88' lang='lat' dir='ltr'>ich</span> <span class='ocrx_word' id='word_1_227' title='bbox 424 1558 496 1593; x_wconf 85' lang='lat' dir='ltr'>Dir</span> <span class='ocrx_word' id='word_1_228' title='bbox 521 1560 561 1592; x_wconf 89' lang='lat' dir='ltr'>in</span> <span class='ocrx_word' id='word_1_229' title='bbox 587 1561 696 1602; x_wconf 82' lang='lat' dir='ltr'>jener</span> <span class='ocrx_word' id='word_1_230' title='bbox 720 1558 934 1594; x_wconf 85' lang='lat' dir='ltr'>Riicksicht</span> <span class='ocrx_word' id='word_1_231' title='bbox 965 1559 1061 1601; x_wconf 85' lang='lat' dir='ltr'>that,</span> <span class='ocrx_word' id='word_1_232' title='bbox 1096 1559 1260 1594; x_wconf 85' lang='lat' dir='ltr'>machte.</span> <span class='ocrx_word' id='word_1_233' title='bbox 1310 1559 1497 1593; x_wconf 80' lang='lat' dir='ltr'>detulerim</span> <span class='ocrx_word' id='word_1_234' title='bbox 1546 1556 1677 1590; x_wconf 86' lang='lat' dir='ltr'>Lamb.</span> 
     </span>
     <span class='ocr_line' id='line_1_27' title="bbox 189 1605 1677 1649; baseline -0.003 -8"><span class='ocrx_word' id='word_1_235' title='bbox 189 1607 283 1641; x_wconf 78' lang='lat' dir='ltr'>Liin.</span> <span class='ocrx_word' id='word_1_236' title='bbox 312 1606 454 1641; x_wconf 86' lang='lat' dir='ltr'>Placet.</span> <span class='ocrx_word' id='word_1_237' title='bbox 485 1606 682 1642; x_wconf 80' lang='lat' dir='ltr'>ORELLI.</span> <span class='ocrx_word' id='word_1_238' title='bbox 731 1627 779 1632; x_wconf 97' lang='lat'><strong>—</strong></span> <span class='ocrx_word' id='word_1_239' title='bbox 829 1618 871 1641; x_wconf 81' lang='lat' dir='ltr'>ea</span> <span class='ocrx_word' id='word_1_240' title='bbox 899 1631 908 1641; x_wconf 85' lang='lat'>.</span> <span class='ocrx_word' id='word_1_241' title='bbox 935 1631 943 1640; x_wconf 89' lang='lat'>.</span> <span class='ocrx_word' id='word_1_242' title='bbox 973 1607 1083 1649; x_wconf 79' lang='lat' dir='ltr'>ratio,</span> <span class='ocrx_word' id='word_1_243' title='bbox 1119 1607 1246 1642; x_wconf 82' lang='lat' dir='ltr'>dieser</span> <span class='ocrx_word' id='word_1_244' title='bbox 1276 1607 1380 1641; x_wconf 87' lang='lat' dir='ltr'>Plan.</span> <span class='ocrx_word' id='word_1_245' title='bbox 1426 1617 1468 1641; x_wconf 82' lang='lat' dir='ltr'>ea</span> <span class='ocrx_word' id='word_1_246' title='bbox 1495 1605 1570 1640; x_wconf 81' lang='lat' dir='ltr'>Md.</span> <span class='ocrx_word' id='word_1_247' title='bbox 1596 1615 1677 1637; x_wconf 81' lang='lat' dir='ltr'>mea</span> 
     </span>
     <span class='ocr_line' id='line_1_28' title="bbox 189 1652 1677 1700; baseline -0.001 -13"><span class='ocrx_word' id='word_1_248' title='bbox 189 1654 296 1695; x_wconf 61' lang='lat' dir='ltr'>bona,</span> <span class='ocrx_word' id='word_1_249' title='bbox 331 1666 407 1688; x_wconf 88' lang='lat' dir='ltr'>non</span> <span class='ocrx_word' id='word_1_250' title='bbox 431 1661 561 1689; x_wconf 82' lang='lat' dir='ltr'>tamen</span> <span class='ocrx_word' id='word_1_251' title='bbox 594 1667 751 1700; x_wconf 87' lang='lat' dir='ltr'>prorsus</span> <span class='ocrx_word' id='word_1_252' title='bbox 787 1656 997 1689; x_wconf 86' lang='lat' dir='ltr'>necessaria</span> <span class='ocrx_word' id='word_1_253' title='bbox 1031 1656 1292 1690; x_wconf 84' lang='lat' dir='ltr'>emendatione</span> <span class='ocrx_word' id='word_1_254' title='bbox 1326 1655 1422 1689; x_wconf 84' lang='lat' dir='ltr'>Edd.</span> <span class='ocrx_word' id='word_1_255' title='bbox 1475 1652 1677 1690; x_wconf 83' lang='lat' dir='ltr'>ORELLI.</span> 
     </span>
    </p>
   </div>
   <div class='ocr_carea' id='block_1_4' title="bbox 188 1701 1742 1798">
    <p class='ocr_par' dir='ltr' id='par_1_4' title="bbox 188 1701 1742 1798">
     <span class='ocr_line' id='line_1_29' title="bbox 191 1701 1742 1750; baseline -0.003 -13"><span class='ocrx_word' id='word_1_256' title='bbox 191 1703 294 1737; x_wconf 82' lang='lat' dir='ltr'>Quod</span> <span class='ocrx_word' id='word_1_257' title='bbox 316 1702 381 1735; x_wconf 73' lang='lat' dir='ltr'>ille</span> <span class='ocrx_word' id='word_1_258' title='bbox 406 1703 461 1736; x_wconf 80' lang='lat' dir='ltr'>ita</span> <span class='ocrx_word' id='word_1_259' title='bbox 499 1707 534 1736; x_wconf 78' lang='lat' dir='ltr'>et</span> <span class='ocrx_word' id='word_1_260' title='bbox 559 1705 696 1747; x_wconf 81' lang='lat' dir='ltr'>accepit</span> <span class='ocrx_word' id='word_1_261' title='bbox 727 1704 809 1737; x_wconf 89' lang='lat' dir='ltr'>scil.</span> <span class='ocrx_word' id='word_1_262' title='bbox 837 1710 878 1738; x_wconf 86' lang='lat' dir='ltr'>ut</span> <span class='ocrx_word' id='word_1_263' title='bbox 904 1704 1078 1749; x_wconf 86' lang='lat' dir='ltr'>accipere</span> <span class='ocrx_word' id='word_1_264' title='bbox 1105 1704 1262 1738; x_wconf 85' lang='lat' dir='ltr'>debebat</span> <span class='ocrx_word' id='word_1_265' title='bbox 1287 1714 1358 1750; x_wconf 88' lang='lat' dir='ltr'>pro</span> <span class='ocrx_word' id='word_1_266' title='bbox 1385 1714 1439 1745; x_wconf 85' lang='lat' dir='ltr'>eo,</span> <span class='ocrx_word' id='word_1_267' title='bbox 1477 1701 1578 1747; x_wconf 88' lang='lat' dir='ltr'>quod</span> <span class='ocrx_word' id='word_1_268' title='bbox 1605 1712 1675 1748; x_wconf 82' lang='lat' dir='ltr'>ego</span> <span class='ocrx_word' id='word_1_269' title='bbox 1740 1728 1742 1733; x_wconf 94' lang='lat'>.</span> 
     </span>
     <span class='ocr_line' id='line_1_30' title="bbox 188 1750 1742 1798; baseline -0.001 -14"><span class='ocrx_word' id='word_1_270' title='bbox 188 1757 226 1784; x_wconf 87' lang='lat' dir='ltr'>te</span> <span class='ocrx_word' id='word_1_271' title='bbox 254 1751 481 1797; x_wconf 71' lang='lat' dir='ltr'>gravissime</span> <span class='ocrx_word' id='word_1_272' title='bbox 515 1757 551 1785; x_wconf 72' lang='lat' dir='ltr'>et</span> <span class='ocrx_word' id='word_1_273' title='bbox 577 1752 875 1798; x_wconf 79' lang='lat' dir='ltr'>diligentissime</span> <span class='ocrx_word' id='word_1_274' title='bbox 911 1752 1274 1788; x_wconf 83' lang='lat' dir='ltr'>commendaveram.</span> <span class='ocrx_word' id='word_1_275' title='bbox 1324 1752 1433 1786; x_wconf 83' lang='lat' dir='ltr'>SGH.</span> <span class='ocrx_word' id='word_1_276' title='bbox 1484 1750 1606 1785; x_wconf 86' lang='lat' dir='ltr'>delev.</span> <span class='ocrx_word' id='word_1_277' title='bbox 1644 1753 1677 1782; x_wconf 80' lang='lat' dir='ltr'>ce</span> <span class='ocrx_word' id='word_1_278' title='bbox 1740 1757 1742 1777; x_wconf 75' lang='lat'>1</span> 
     </span>
    </p>
   </div>
   <div class='ocr_carea' id='block_1_5' title="bbox 184 1797 1674 2376">
    <p class='ocr_par' dir='ltr' id='par_1_5' title="bbox 184 1797 1674 2376">
     <span class='ocr_line' id='line_1_31' title="bbox 190 1797 1673 1844; baseline -0.001 -14"><span class='ocrx_word' id='word_1_279' title='bbox 190 1798 321 1831; x_wconf 85' lang='lat' dir='ltr'>Lamb.</span> <span class='ocrx_word' id='word_1_280' title='bbox 352 1798 446 1832; x_wconf 88' lang='lat' dir='ltr'>Ern.</span> <span class='ocrx_word' id='word_1_281' title='bbox 475 1797 562 1832; x_wconf 85' lang='lat' dir='ltr'>sch.</span> <span class='ocrx_word' id='word_1_282' title='bbox 592 1800 686 1833; x_wconf 82' lang='lat' dir='ltr'>Liin.</span> <span class='ocrx_word' id='word_1_283' title='bbox 713 1800 769 1834; x_wconf 78' lang='lat' dir='ltr'>ita</span> <span class='ocrx_word' id='word_1_284' title='bbox 796 1801 947 1844; x_wconf 79' lang='lat' dir='ltr'>accepit,</span> <span class='ocrx_word' id='word_1_285' title='bbox 975 1804 1014 1833; x_wconf 81' lang='lat' dir='ltr'>ut</span> <span class='ocrx_word' id='word_1_286' title='bbox 1042 1805 1077 1834; x_wconf 84' lang='lat' dir='ltr'>et</span> <span class='ocrx_word' id='word_1_287' title='bbox 1101 1799 1234 1834; x_wconf 74' lang='lat' dir='ltr'>mihis.</span> <span class='ocrx_word' id='word_1_288' title='bbox 1251 1799 1518 1842; x_wconf 73' lang='lat' dir='ltr'>l.sigmfica1;it</span> <span class='ocrx_word' id='word_1_289' title='bbox 1542 1797 1673 1834; x_wconf 81' lang='lat' dir='ltr'>Lamb.</span> 
     </span>
     <span class='ocr_line' id='line_1_32' title="bbox 189 1846 1674 1895; baseline 0 -16"><span class='ocrx_word' id='word_1_290' title='bbox 189 1846 262 1879; x_wconf 74' lang='grc' dir='ltr'>ΟΒ.</span> <span class='ocrx_word' id='word_1_291' title='bbox 291 1864 337 1870; x_wconf 88' lang='lat'>-—</span> <span class='ocrx_word' id='word_1_292' title='bbox 362 1857 444 1879; x_wconf 79' lang='lat' dir='ltr'>mea</span> <span class='ocrx_word' id='word_1_293' title='bbox 470 1857 593 1881; x_wconf 83' lang='lat' dir='ltr'>comm.</span> <span class='ocrx_word' id='word_1_294' title='bbox 620 1873 627 1880; x_wconf 93' lang='lat'>.</span> <span class='ocrx_word' id='word_1_295' title='bbox 657 1872 664 1880; x_wconf 93' lang='lat'>.</span> <span class='ocrx_word' id='word_1_296' title='bbox 693 1872 700 1881; x_wconf 91' lang='lat'>.</span> <span class='ocrx_word' id='word_1_297' title='bbox 728 1853 904 1889; x_wconf 64' lang='lat' dir='ltr'>commot„</span> <span class='ocrx_word' id='word_1_298' title='bbox 943 1848 1070 1881; x_wconf 86' lang='lat' dir='ltr'>meine</span> <span class='ocrx_word' id='word_1_299' title='bbox 1096 1848 1364 1895; x_wconf 80' lang='lat' dir='ltr'>Empfehlung</span> <span class='ocrx_word' id='word_1_300' title='bbox 1396 1847 1491 1880; x_wconf 88' lang='lat' dir='ltr'>habe</span> <span class='ocrx_word' id='word_1_301' title='bbox 1517 1857 1674 1894; x_wconf 84' lang='lat' dir='ltr'>grossen</span> 
     </span>
     <span class='ocr_line' id='line_1_33' title="bbox 188 1892 1673 1942; baseline 0 -16"><span class='ocrx_word' id='word_1_302' title='bbox 188 1893 388 1927; x_wconf 84' lang='lat' dir='ltr'>Eindruck</span> <span class='ocrx_word' id='word_1_303' title='bbox 414 1895 483 1928; x_wconf 85' lang='lat' dir='ltr'>auf</span> <span class='ocrx_word' id='word_1_304' title='bbox 505 1894 575 1928; x_wconf 86' lang='lat' dir='ltr'>ihn</span> <span class='ocrx_word' id='word_1_305' title='bbox 600 1895 787 1942; x_wconf 82' lang='lat' dir='ltr'>gemacht.</span> <span class='ocrx_word' id='word_1_306' title='bbox 823 1914 869 1921; x_wconf 92' lang='lat'>--</span> <span class='ocrx_word' id='word_1_307' title='bbox 903 1896 996 1929; x_wconf 82' lang='lat' dir='ltr'>velle</span> <span class='ocrx_word' id='word_1_308' title='bbox 1022 1900 1083 1929; x_wconf 78' lang='lat' dir='ltr'>tua</span> <span class='ocrx_word' id='word_1_309' title='bbox 1109 1907 1232 1936; x_wconf 76' lang='lat' dir='ltr'>causa,</span> <span class='ocrx_word' id='word_1_310' title='bbox 1266 1895 1348 1929; x_wconf 82' lang='lat' dir='ltr'>dass</span> <span class='ocrx_word' id='word_1_311' title='bbox 1374 1895 1441 1929; x_wconf 88' lang='lat' dir='ltr'>ich</span> <span class='ocrx_word' id='word_1_312' title='bbox 1468 1895 1539 1929; x_wconf 87' lang='lat' dir='ltr'>Dir</span> <span class='ocrx_word' id='word_1_313' title='bbox 1562 1892 1673 1928; x_wconf 85' lang='lat' dir='ltr'>wohl</span> 
     </span>
     <span class='ocr_line' id='line_1_34' title="bbox 187 1941 1673 1985; baseline 0.001 -9"><span class='ocrx_word' id='word_1_314' title='bbox 187 1941 314 1976; x_wconf 89' lang='lat' dir='ltr'>wolle.</span> <span class='ocrx_word' id='word_1_315' title='bbox 342 1960 389 1966; x_wconf 87' lang='lat'>--</span> <span class='ocrx_word' id='word_1_316' title='bbox 414 1952 458 1975; x_wconf 81' lang='lat' dir='ltr'>ne</span> <span class='ocrx_word' id='word_1_317' title='bbox 484 1942 681 1985; x_wconf 77' lang='lat' dir='ltr'>dimiseris,</span> <span class='ocrx_word' id='word_1_318' title='bbox 708 1954 748 1976; x_wconf 87' lang='lat' dir='ltr'>so</span> <span class='ocrx_word' id='word_1_319' title='bbox 776 1944 847 1978; x_wconf 81' lang='lat' dir='ltr'>lass</span> <span class='ocrx_word' id='word_1_320' title='bbox 874 1943 983 1977; x_wconf 88' lang='lat' dir='ltr'>nicht</span> <span class='ocrx_word' id='word_1_321' title='bbox 1008 1954 1079 1977; x_wconf 88' lang='lat' dir='ltr'>von</span> <span class='ocrx_word' id='word_1_322' title='bbox 1107 1943 1189 1977; x_wconf 85' lang='lat' dir='ltr'>ihm</span> <span class='ocrx_word' id='word_1_323' title='bbox 1215 1943 1269 1976; x_wconf 85' lang='lat' dir='ltr'>ab.</span> <span class='ocrx_word' id='word_1_324' title='bbox 1298 1942 1334 1977; x_wconf 92' lang='lat' dir='ltr'>S.</span> <span class='ocrx_word' id='word_1_325' title='bbox 1363 1942 1516 1978; x_wconf 89' lang='lat' dir='ltr'>Ramsh.</span> <span class='ocrx_word' id='word_1_326' title='bbox 1546 1942 1574 1985; x_wconf 86' lang='lat'>§.</span> <span class='ocrx_word' id='word_1_327' title='bbox 1592 1943 1673 1984; x_wconf 80' lang='lat'>167,</span> 
     </span>
     <span class='ocr_line' id='line_1_35' title="bbox 186 1989 1672 2039; baseline -0.001 -16"><span class='ocrx_word' id='word_1_328' title='bbox 186 1992 221 2031; x_wconf 84' lang='lat'>2,</span> <span class='ocrx_word' id='word_1_329' title='bbox 248 1990 334 2024; x_wconf 80' lang='lat' dir='ltr'>Not.</span> <span class='ocrx_word' id='word_1_330' title='bbox 362 1991 394 2026; x_wconf 88' lang='grc'>2.</span> <span class='ocrx_word' id='word_1_331' title='bbox 424 1991 567 2036; x_wconf 85' lang='lat' dir='ltr'>Zumpt</span> <span class='ocrx_word' id='word_1_332' title='bbox 591 1989 620 2033; x_wconf 62' lang='grc' dir='ltr'>ξ.</span> <span class='ocrx_word' id='word_1_333' title='bbox 645 1993 726 2027; x_wconf 84' lang='grc'>586.</span> <span class='ocrx_word' id='word_1_334' title='bbox 777 2009 825 2016; x_wconf 84' lang='grc'>-·</span> <span class='ocrx_word' id='word_1_335' title='bbox 877 1995 911 2024; x_wconf 80' lang='lat' dir='ltr'>et</span> <span class='ocrx_word' id='word_1_336' title='bbox 938 1991 1000 2034; x_wconf 83' lang='lat' dir='ltr'>[si]</span> <span class='ocrx_word' id='word_1_337' title='bbox 1028 2002 1131 2035; x_wconf 78' lang='lat' dir='ltr'>quae.</span> <span class='ocrx_word' id='word_1_338' title='bbox 1175 1991 1238 2025; x_wconf 83' lang='lat' dir='ltr'>Sic</span> <span class='ocrx_word' id='word_1_339' title='bbox 1265 1992 1400 2039; x_wconf 83' lang='lat' dir='ltr'>(marg.</span> <span class='ocrx_word' id='word_1_340' title='bbox 1428 1991 1549 2035; x_wconf 82' lang='lat' dir='ltr'>Crat.)</span> <span class='ocrx_word' id='word_1_341' title='bbox 1573 1990 1672 2024; x_wconf 84' lang='lat' dir='ltr'>vict.</span> 
     </span>
     <span class='ocr_line' id='line_1_36' title="bbox 186 2037 1671 2083; baseline 0.001 -11"><span class='ocrx_word' id='word_1_342' title='bbox 186 2040 218 2072; x_wconf 83' lang='lat'>1.</span> <span class='ocrx_word' id='word_1_343' title='bbox 245 2039 278 2073; x_wconf 84' lang='lat'>2.</span> <span class='ocrx_word' id='word_1_344' title='bbox 308 2038 443 2073; x_wconf 76' lang='lat' dir='ltr'>Graev.</span> <span class='ocrx_word' id='word_1_345' title='bbox 471 2052 520 2070; x_wconf 70' lang='lat' dir='ltr'><em>z</em></span> <span class='ocrx_word' id='word_1_346' title='bbox 545 2043 577 2072; x_wconf 81' lang='lat' dir='ltr'>et</span> <span class='ocrx_word' id='word_1_347' title='bbox 601 2038 636 2072; x_wconf 80' lang='lat' dir='ltr'>si</span> <span class='ocrx_word' id='word_1_348' title='bbox 662 2049 731 2083; x_wconf 81' lang='lat' dir='ltr'>qua</span> <span class='ocrx_word' id='word_1_349' title='bbox 765 2039 864 2074; x_wconf 84' lang='lat' dir='ltr'>Crat.</span> <span class='ocrx_word' id='word_1_350' title='bbox 889 2039 1017 2073; x_wconf 75' lang='lat' dir='ltr'>hamb.</span> <span class='ocrx_word' id='word_1_351' title='bbox 1052 2040 1144 2073; x_wconf 80' lang='lat' dir='ltr'>Ern.</span> <span class='ocrx_word' id='word_1_352' title='bbox 1181 2039 1270 2073; x_wconf 85' lang='lat' dir='ltr'>Sch.</span> <span class='ocrx_word' id='word_1_353' title='bbox 1297 2039 1388 2073; x_wconf 71' lang='lat' dir='ltr'>Liin.</span> <span class='ocrx_word' id='word_1_354' title='bbox 1424 2043 1458 2073; x_wconf 79' lang='lat' dir='ltr'>et</span> <span class='ocrx_word' id='word_1_355' title='bbox 1483 2049 1572 2083; x_wconf 78' lang='lat' dir='ltr'>quae</span> <span class='ocrx_word' id='word_1_356' title='bbox 1596 2037 1671 2073; x_wconf 82' lang='lat' dir='ltr'>Md.</span> 
     </span>
     <span class='ocr_line' id='line_1_37' title="bbox 185 2085 1672 2133; baseline -0.001 -13"><span class='ocrx_word' id='word_1_357' title='bbox 185 2085 342 2120; x_wconf 85' lang='lat' dir='ltr'>Bened.:</span> <span class='ocrx_word' id='word_1_358' title='bbox 378 2086 476 2130; x_wconf 87' lang='lat' dir='ltr'>quod</span> <span class='ocrx_word' id='word_1_359' title='bbox 508 2086 573 2121; x_wconf 80' lang='lat' dir='ltr'>vix</span> <span class='ocrx_word' id='word_1_360' title='bbox 603 2086 843 2121; x_wconf 83' lang='lat' dir='ltr'>tolerandum</span> <span class='ocrx_word' id='word_1_361' title='bbox 877 2094 1035 2133; x_wconf 83' lang='lat' dir='ltr'>propter</span> <span class='ocrx_word' id='word_1_362' title='bbox 1068 2100 1104 2122; x_wconf 90' lang='lat' dir='ltr'>v.</span> <span class='ocrx_word' id='word_1_363' title='bbox 1122 2089 1246 2130; x_wconf 82' lang='lat' dir='ltr'>forte.</span> <span class='ocrx_word' id='word_1_364' title='bbox 1298 2088 1392 2122; x_wconf 85' lang='lat' dir='ltr'>Vide</span> <span class='ocrx_word' id='word_1_365' title='bbox 1419 2099 1466 2122; x_wconf 90' lang='lat' dir='ltr'>ne</span> <span class='ocrx_word' id='word_1_366' title='bbox 1492 2091 1527 2120; x_wconf 80' lang='lat' dir='ltr'>et</span> <span class='ocrx_word' id='word_1_367' title='bbox 1552 2086 1602 2121; x_wconf 87' lang='lat' dir='ltr'>sit</span> <span class='ocrx_word' id='word_1_368' title='bbox 1627 2097 1672 2120; x_wconf 81' lang='lat' dir='ltr'>ex</span> 
     </span>
     <span class='ocr_line' id='line_1_38' title="bbox 186 2133 1668 2181; baseline 0.001 -16"><span class='ocrx_word' id='word_1_369' title='bbox 186 2133 504 2178; x_wconf 78' lang='lat' dir='ltr'>interpolatione5</span> <span class='ocrx_word' id='word_1_370' title='bbox 540 2135 574 2168; x_wconf 74' lang='lat' dir='ltr'>si</span> <span class='ocrx_word' id='word_1_371' title='bbox 608 2141 734 2169; x_wconf 82' lang='lat' dir='ltr'>autem</span> <span class='ocrx_word' id='word_1_372' title='bbox 761 2135 948 2169; x_wconf 83' lang='lat' dir='ltr'>exciderit</span> <span class='ocrx_word' id='word_1_373' title='bbox 973 2142 1131 2181; x_wconf 85' lang='lat' dir='ltr'>propter</span> <span class='ocrx_word' id='word_1_374' title='bbox 1156 2135 1233 2170; x_wconf 78' lang='lat' dir='ltr'>litt.</span> <span class='ocrx_word' id='word_1_375' title='bbox 1262 2135 1463 2181; x_wconf 85' lang='lat' dir='ltr'>praecedd.</span> <span class='ocrx_word' id='word_1_376' title='bbox 1496 2135 1541 2169; x_wconf 76' lang='grc' dir='ltr'>ἰε.</span> <span class='ocrx_word' id='word_1_377' title='bbox 1595 2134 1668 2170; x_wconf 79' lang='lat' dir='ltr'>OR.</span> 
     </span>
     <span class='ocr_line' id='line_1_39' title="bbox 187 2182 1670 2228; baseline 0.001 -14"><span class='ocrx_word' id='word_1_378' title='bbox 187 2199 230 2204; x_wconf 85' lang='lat'>—</span> <span class='ocrx_word' id='word_1_379' title='bbox 258 2187 422 2226; x_wconf 64' lang='lat' dir='ltr'>occupat.</span> <span class='ocrx_word' id='word_1_380' title='bbox 450 2182 474 2215; x_wconf 90' lang='lat' dir='ltr'>i.</span> <span class='ocrx_word' id='word_1_381' title='bbox 501 2193 531 2216; x_wconf 91' lang='lat' dir='ltr'>e.</span> <span class='ocrx_word' id='word_1_382' title='bbox 558 2189 722 2227; x_wconf 84' lang='lat' dir='ltr'>propter</span> <span class='ocrx_word' id='word_1_383' title='bbox 747 2195 830 2217; x_wconf 83' lang='lat' dir='ltr'>suas</span> <span class='ocrx_word' id='word_1_384' title='bbox 858 2183 1023 2217; x_wconf 84' lang='lat' dir='ltr'>infinitas</span> <span class='ocrx_word' id='word_1_385' title='bbox 1049 2184 1324 2228; x_wconf 79' lang='lat' dir='ltr'>occupationes.</span> <span class='ocrx_word' id='word_1_386' title='bbox 1350 2202 1398 2209; x_wconf 91' lang='lat'>—</span> <span class='ocrx_word' id='word_1_387' title='bbox 1432 2183 1670 2226; x_wconf 76' lang='lat' dir='ltr'>difficultate,</span> 
     </span>
     <span class='ocr_line' id='line_1_40' title="bbox 185 2229 1667 2280; baseline 0.001 -18"><span class='ocrx_word' id='word_1_388' title='bbox 185 2240 322 2277; x_wconf 82' lang='lat' dir='ltr'>wegen</span> <span class='ocrx_word' id='word_1_389' title='bbox 362 2230 647 2277; x_wconf 80' lang='lat' dir='ltr'>eingetretener</span> <span class='ocrx_word' id='word_1_390' title='bbox 686 2231 1055 2274; x_wconf 79' lang='lat' dir='ltr'>Schwierigkeiten‚</span> <span class='ocrx_word' id='word_1_391' title='bbox 1107 2243 1169 2265; x_wconf 89' lang='lat' dir='ltr'>aus</span> <span class='ocrx_word' id='word_1_392' title='bbox 1205 2232 1330 2274; x_wconf 70' lang='lat' dir='ltr'>Nosti,</span> <span class='ocrx_word' id='word_1_393' title='bbox 1380 2229 1667 2280; x_wconf 81' lang='lat' dir='ltr'>Verlegenheit.</span> 
     </span>
     <span class='ocr_line' id='line_1_41' title="bbox 184 2276 1667 2322; baseline 0.001 -12"><span class='ocrx_word' id='word_1_394' title='bbox 184 2276 369 2313; x_wconf 85' lang='lat' dir='ltr'>Wieland</span> <span class='ocrx_word' id='word_1_395' title='bbox 394 2277 521 2311; x_wconf 79' lang='lat' dir='ltr'>deutet</span> <span class='ocrx_word' id='word_1_396' title='bbox 556 2289 614 2312; x_wconf 83' lang='lat' dir='ltr'>es:</span> <span class='ocrx_word' id='word_1_397' title='bbox 647 2279 740 2314; x_wconf 85' lang='lat' dir='ltr'>weil</span> <span class='ocrx_word' id='word_1_398' title='bbox 767 2292 809 2314; x_wconf 85' lang='lat' dir='ltr'>er</span> <span class='ocrx_word' id='word_1_399' title='bbox 839 2279 942 2313; x_wconf 88' lang='lat' dir='ltr'>sicht</span> <span class='ocrx_word' id='word_1_400' title='bbox 968 2279 1098 2322; x_wconf 81' lang='lat' dir='ltr'>gleich</span> <span class='ocrx_word' id='word_1_401' title='bbox 1133 2280 1227 2314; x_wconf 82' lang='lat' dir='ltr'>dazu</span> <span class='ocrx_word' id='word_1_402' title='bbox 1252 2279 1527 2313; x_wconf 83' lang='lat' dir='ltr'>entschliessen</span> <span class='ocrx_word' id='word_1_403' title='bbox 1552 2278 1667 2316; x_wconf 82' lang='lat' dir='ltr'>kann,</span> 
     </span>
     <span class='ocr_line' id='line_1_42' title="bbox 184 2324 1666 2376; baseline 0 -17"><span class='ocrx_word' id='word_1_404' title='bbox 184 2337 248 2359; x_wconf 81' lang='lat' dir='ltr'>aus</span> <span class='ocrx_word' id='word_1_405' title='bbox 276 2324 625 2373; x_wconf 83' lang='lat' dir='ltr'>Unschliissigkeit‚</span> <span class='ocrx_word' id='word_1_406' title='bbox 652 2327 1072 2362; x_wconf 83' lang='lat' dir='ltr'>Unentschlossenheit.</span> <span class='ocrx_word' id='word_1_407' title='bbox 1110 2346 1148 2353; x_wconf 92' lang='lat'>—</span> <span class='ocrx_word' id='word_1_408' title='bbox 1187 2328 1333 2361; x_wconf 82' lang='lat' dir='ltr'>tardior</span> <span class='ocrx_word' id='word_1_409' title='bbox 1365 2328 1405 2361; x_wconf 88' lang='lat' dir='ltr'>in</span> <span class='ocrx_word' id='word_1_410' title='bbox 1430 2335 1468 2362; x_wconf 86' lang='lat' dir='ltr'>te</span> <span class='ocrx_word' id='word_1_411' title='bbox 1495 2326 1666 2376; x_wconf 81' lang='lat' dir='ltr'>augendo</span> 
     </span>
    </p>
   </div>
   <div class='ocr_carea' id='block_1_6' title="bbox 181 2372 1665 2517">
    <p class='ocr_par' dir='ltr' id='par_1_6' title="bbox 181 2372 1665 2517">
     <span class='ocr_line' id='line_1_43' title="bbox 186 2372 1664 2423; baseline 0 -17"><span class='ocrx_word' id='word_1_412' title='bbox 186 2380 224 2407; x_wconf 78' lang='lat' dir='ltr'>et</span> <span class='ocrx_word' id='word_1_413' title='bbox 250 2372 430 2415; x_wconf 86' lang='lat' dir='ltr'>ornando,</span> <span class='ocrx_word' id='word_1_414' title='bbox 459 2385 506 2406; x_wconf 84' lang='lat' dir='ltr'>zu</span> <span class='ocrx_word' id='word_1_415' title='bbox 531 2374 699 2421; x_wconf 81' lang='lat' dir='ltr'>langsam</span> <span class='ocrx_word' id='word_1_416' title='bbox 717 2376 756 2410; x_wconf 87' lang='lat' dir='ltr'>in</span> <span class='ocrx_word' id='word_1_417' title='bbox 778 2376 920 2412; x_wconf 87' lang='lat' dir='ltr'>Deiner</span> <span class='ocrx_word' id='word_1_418' title='bbox 933 2375 1208 2423; x_wconf 78' lang='lat' dir='ltr'>Besb&#39;rderung.</span> <span class='ocrx_word' id='word_1_419' title='bbox 1233 2394 1280 2400; x_wconf 92' lang='lat'><strong>—</strong></span> <span class='ocrx_word' id='word_1_420' title='bbox 1305 2376 1664 2410; x_wconf 69' lang='lat' dir='ltr'>ultimazexitum.</span> 
     </span>
     <span class='ocr_line' id='line_1_44' title="bbox 183 2420 1665 2503; baseline 0.002 -50"><span class='ocrx_word' id='word_1_421' title='bbox 183 2438 228 2447; x_wconf 87' lang='lat'><em>-</em></span> <span class='ocrx_word' id='word_1_422' title='bbox 253 2420 403 2503; x_wconf 51' lang='lat' dir='ltr'>genesta</span> <span class='ocrx_word' id='word_1_423' title='bbox 437 2422 519 2454; x_wconf 86' lang='lat' dir='ltr'>sore</span> <span class='ocrx_word' id='word_1_424' title='bbox 549 2425 743 2465; x_wconf 79' lang='lat' dir='ltr'>praestabo</span> <span class='ocrx_word' id='word_1_425' title='bbox 771 2436 831 2454; x_wconf 65' lang='grc' dir='ltr'>εῖ-</span> <span class='ocrx_word' id='word_1_426' title='bbox 864 2423 927 2457; x_wconf 87' lang='lat' dir='ltr'>ich</span> <span class='ocrx_word' id='word_1_427' title='bbox 954 2423 1040 2458; x_wconf 85' lang='lat' dir='ltr'>will</span> <span class='ocrx_word' id='word_1_428' title='bbox 1077 2431 1146 2471; x_wconf 84' lang='lat' dir='ltr'>gut</span> <span class='ocrx_word' id='word_1_429' title='bbox 1170 2425 1281 2458; x_wconf 83' lang='lat' dir='ltr'>dafu&#39;r</span> <span class='ocrx_word' id='word_1_430' title='bbox 1306 2424 1400 2467; x_wconf 89' lang='lat' dir='ltr'>sein,</span> <span class='ocrx_word' id='word_1_431' title='bbox 1425 2423 1530 2458; x_wconf 81' lang='lat' dir='ltr'>mich</span> <span class='ocrx_word' id='word_1_432' title='bbox 1556 2423 1665 2457; x_wconf 67' lang='lat' dir='ltr'>das-ir</span> 
     </span>
     <span class='ocr_line' id='line_1_45' title="bbox 181 2479 411 2517; baseline 0.004 -15"><span class='ocrx_word' id='word_1_433' title='bbox 181 2479 250 2503; x_wconf 85' lang='lat' dir='ltr'>ver</span> <span class='ocrx_word' id='word_1_434' title='bbox 279 2480 411 2517; x_wconf 75' lang='lat' dir='ltr'>urg-en.</span> 
     </span>
    </p>
   </div>
   <div class='ocr_carea' id='block_1_7' title="bbox 181 2518 1664 2799">
    <p class='ocr_par' dir='ltr' id='par_1_7' title="bbox 181 2518 1664 2799">
     <span class='ocr_line' id='line_1_46' title="bbox 277 2518 1663 2567; baseline -0.001 -15"><span class='ocrx_word' id='word_1_435' title='bbox 277 2519 310 2552; x_wconf 91' lang='lat'>3.</span> <span class='ocrx_word' id='word_1_436' title='bbox 338 2527 449 2562; x_wconf 81' lang='lat' dir='ltr'>neque</span> <span class='ocrx_word' id='word_1_437' title='bbox 474 2518 581 2551; x_wconf 81' lang='lat' dir='ltr'>amic.</span> <span class='ocrx_word' id='word_1_438' title='bbox 608 2544 615 2551; x_wconf 91' lang='lat'>.</span> <span class='ocrx_word' id='word_1_439' title='bbox 642 2543 650 2551; x_wconf 92' lang='lat'>.</span> <span class='ocrx_word' id='word_1_440' title='bbox 676 2544 683 2551; x_wconf 90' lang='lat'>.</span> <span class='ocrx_word' id='word_1_441' title='bbox 710 2524 951 2563; x_wconf 76' lang='lat' dir='ltr'>reperturum,</span> <span class='ocrx_word' id='word_1_442' title='bbox 978 2520 1100 2563; x_wconf 88' lang='lat' dir='ltr'>‚‚dass‚</span> <span class='ocrx_word' id='word_1_443' title='bbox 1127 2532 1240 2555; x_wconf 85' lang='lat' dir='ltr'>wenn</span> <span class='ocrx_word' id='word_1_444' title='bbox 1268 2522 1325 2556; x_wconf 89' lang='lat' dir='ltr'>Du</span> <span class='ocrx_word' id='word_1_445' title='bbox 1352 2521 1455 2555; x_wconf 84' lang='lat' dir='ltr'>diese</span> <span class='ocrx_word' id='word_1_446' title='bbox 1471 2519 1663 2567; x_wconf 74' lang='lat' dir='ltr'>Gelegen-</span> 
     </span>
     <span class='ocr_line' id='line_1_47' title="bbox 183 2562 1663 2617; baseline 0.003 -21"><span class='ocrx_word' id='word_1_447' title='bbox 183 2562 271 2598; x_wconf 82' lang='lat' dir='ltr'>heit</span> <span class='ocrx_word' id='word_1_448' title='bbox 296 2564 434 2599; x_wconf 84' lang='lat' dir='ltr'>fahren</span> <span class='ocrx_word' id='word_1_449' title='bbox 462 2566 619 2608; x_wconf 83' lang='lat' dir='ltr'>liessest,</span> <span class='ocrx_word' id='word_1_450' title='bbox 653 2567 711 2601; x_wconf 88' lang='lat' dir='ltr'>Du</span> <span class='ocrx_word' id='word_1_451' title='bbox 738 2568 869 2602; x_wconf 83' lang='lat' dir='ltr'>weder</span> <span class='ocrx_word' id='word_1_452' title='bbox 895 2569 979 2602; x_wconf 89' lang='lat' dir='ltr'>eine</span> <span class='ocrx_word' id='word_1_453' title='bbox 1005 2570 1249 2616; x_wconf 82' lang='lat' dir='ltr'>geeignetere</span> <span class='ocrx_word' id='word_1_454' title='bbox 1282 2568 1537 2617; x_wconf 81' lang='lat' dir='ltr'>Gelegenheit</span> <span class='ocrx_word' id='word_1_455' title='bbox 1562 2567 1663 2602; x_wconf 88' lang='lat' dir='ltr'>Dich</span> 
     </span>
     <span class='ocr_line' id='line_1_48' title="bbox 183 2611 1664 2665; baseline 0.002 -21"><span class='ocrx_word' id='word_1_456' title='bbox 183 2611 253 2644; x_wconf 87' lang='lat' dir='ltr'>der</span> <span class='ocrx_word' id='word_1_457' title='bbox 277 2611 557 2648; x_wconf 75' lang='lat' dir='ltr'>Freundschaft</span> <span class='ocrx_word' id='word_1_458' title='bbox 588 2614 651 2648; x_wconf 87' lang='lat' dir='ltr'>des</span> <span class='ocrx_word' id='word_1_459' title='bbox 688 2615 967 2650; x_wconf 86' lang='lat' dir='ltr'>erlauchtesten</span> <span class='ocrx_word' id='word_1_460' title='bbox 1003 2617 1078 2649; x_wconf 87' lang='lat' dir='ltr'>und</span> <span class='ocrx_word' id='word_1_461' title='bbox 1112 2618 1389 2665; x_wconf 82' lang='lat' dir='ltr'>freigebigsten</span> <span class='ocrx_word' id='word_1_462' title='bbox 1415 2617 1589 2651; x_wconf 83' lang='lat' dir='ltr'>G&#39;dnners</span> <span class='ocrx_word' id='word_1_463' title='bbox 1615 2626 1664 2648; x_wconf 88' lang='lat' dir='ltr'>zu</span> 
     </span>
     <span class='ocr_line' id='line_1_49' title="bbox 182 2660 1661 2712; baseline 0.003 -21"><span class='ocrx_word' id='word_1_464' title='bbox 182 2660 420 2712; x_wconf 74' lang='lat' dir='ltr'>versichern,</span> <span class='ocrx_word' id='word_1_465' title='bbox 449 2661 549 2696; x_wconf 89' lang='lat' dir='ltr'>noch</span> <span class='ocrx_word' id='word_1_466' title='bbox 576 2663 686 2696; x_wconf 87' lang='lat' dir='ltr'>einen</span> <span class='ocrx_word' id='word_1_467' title='bbox 713 2664 1027 2698; x_wconf 80' lang='lat' dir='ltr'>erwiinschteren</span> <span class='ocrx_word' id='word_1_468' title='bbox 1044 2664 1249 2710; x_wconf 84' lang='lat' dir='ltr'>Zeitpunct</span> <span class='ocrx_word' id='word_1_469' title='bbox 1275 2666 1314 2698; x_wconf 90' lang='lat' dir='ltr'>in</span> <span class='ocrx_word' id='word_1_470' title='bbox 1335 2666 1441 2699; x_wconf 87' lang='lat' dir='ltr'>einer</span> <span class='ocrx_word' id='word_1_471' title='bbox 1465 2663 1541 2698; x_wconf 84' lang='lat' dir='ltr'>und</span> <span class='ocrx_word' id='word_1_472' title='bbox 1558 2674 1661 2697; x_wconf 81' lang='lat' dir='ltr'>zwar</span> 
     </span>
     <span class='ocr_line' id='line_1_50' title="bbox 182 2706 1659 2751; baseline 0.003 -12"><span class='ocrx_word' id='word_1_473' title='bbox 182 2706 384 2741; x_wconf 80' lang='lat' dir='ltr'>reicheren</span> <span class='ocrx_word' id='word_1_474' title='bbox 420 2710 584 2743; x_wconf 86' lang='lat' dir='ltr'>Provinz</span> <span class='ocrx_word' id='word_1_475' title='bbox 617 2710 714 2745; x_wconf 86' lang='lat' dir='ltr'>Dein</span> <span class='ocrx_word' id='word_1_476' title='bbox 748 2711 876 2745; x_wconf 78' lang='lat' dir='ltr'>Gliick</span> <span class='ocrx_word' id='word_1_477' title='bbox 910 2724 958 2746; x_wconf 90' lang='lat' dir='ltr'>zu</span> <span class='ocrx_word' id='word_1_478' title='bbox 984 2712 1167 2751; x_wconf 80' lang='lat' dir='ltr'>macheu,</span> <span class='ocrx_word' id='word_1_479' title='bbox 1204 2712 1301 2747; x_wconf 86' lang='lat' dir='ltr'>noch</span> <span class='ocrx_word' id='word_1_480' title='bbox 1335 2714 1397 2747; x_wconf 89' lang='lat' dir='ltr'>ein</span> <span class='ocrx_word' id='word_1_481' title='bbox 1434 2725 1482 2747; x_wconf 89' lang='lat' dir='ltr'>zu</span> <span class='ocrx_word' id='word_1_482' title='bbox 1514 2711 1659 2746; x_wconf 85' lang='lat' dir='ltr'>beidem</span> 
     </span>
     <span class='ocr_line' id='line_1_51' title="bbox 181 2755 1660 2799; baseline 0.003 -12"><span class='ocrx_word' id='word_1_483' title='bbox 181 2755 434 2799; x_wconf 76' lang='lat' dir='ltr'>passlicheres</span> <span class='ocrx_word' id='word_1_484' title='bbox 462 2758 570 2792; x_wconf 79' lang='lat' dir='ltr'>Alter</span> <span class='ocrx_word' id='word_1_485' title='bbox 596 2757 757 2799; x_wconf 73' lang='lat' dir='ltr'>iemahls</span> <span class='ocrx_word' id='word_1_486' title='bbox 793 2760 939 2795; x_wconf 84' lang='lat' dir='ltr'>wieder</span> <span class='ocrx_word' id='word_1_487' title='bbox 961 2760 1089 2795; x_wconf 85' lang='lat' dir='ltr'>finden</span> <span class='ocrx_word' id='word_1_488' title='bbox 1115 2760 1325 2796; x_wconf 75' lang='lat' dir='ltr'>wiirdest.⁴‘</span> <span class='ocrx_word' id='word_1_489' title='bbox 1376 2761 1525 2797; x_wconf 83' lang='lat' dir='ltr'>Wedex·</span> <span class='ocrx_word' id='word_1_490' title='bbox 1550 2760 1660 2793; x_wconf 86' lang='lat' dir='ltr'>einen</span> 
     </span>
    </p>
   </div>
  </div>
 </body>
</html>
