1742 3006
183 84 280 133 274
466 83 533 127 M.
562 82 622 126 Τ.
653 78 997 124 CICERONIS
1027 79 1404 127 EPISTOLAE.

436 193 756 238 EPISTOLA
787 192 1022 237 LXXIV.
1084 194 1198 246 (Att.
1227 194 1316 237 111.
1348 194 1438 246 19.)

234 275 312 309 Scr.
342 269 633 308 Thessalonicae
659 269 694 304 d.
723 269 820 305 XVI.
849 270 931 304 Kal.
959 269 1045 304 Oct.
1072 268 1114 304 A.
1140 270 1185 305 U.
1215 271 1255 304 C.
1281 271 1363 306 696.
1414 269 1466 313 (a.
1495 269 1537 307 C.
1564 271 1641 316 58.)

185 342 343 379 Nuntiat
369 351 406 373 se
434 339 470 371 in
498 337 656 384 Epirum
683 337 827 372 iturum
857 339 886 371 l.
924 346 995 369 nec
1029 336 1200 382 quamvis
1225 336 1356 382 exigua
1380 336 1419 370 in
1445 348 1512 383 spe
1535 348 1687 373 suorum

328 399 459 434 preces
485 393 524 421 et
549 385 736 433 promissa
762 386 1009 419 deserturum.
1035 386 1070 420 2.
1119 385 1290 432 Denique
1315 384 1447 420 Attico
1473 395 1557 422 suos

785 433 1043 470 commendat.
1069 433 1105 469 3.

709 501 890 537 CICERO
913 499 1100 536 ATTICO
1125 499 1162 536 S.

295 551 458 604 Quoad
498 549 721 593 eiusmodi
764 548 879 590 mihi
922 549 1087 590 literae
1137 562 1164 591 a
1202 549 1332 592 vobis
1373 550 1692 605 afferebantur,

184 615 234 652 nt
263 609 437 665 aliquid
480 621 540 648 ex
579 607 638 648 iis
669 609 788 647 esset
817 605 1197 660 exspectandum,
1238 619 1317 660 spe
1346 610 1393 648 et
1435 607 1691 662 cupiditate

184 665 546 709 Thessalonicae
585 665 786 704 retentus
828 674 951 702 sum:
1003 666 1162 715 postea
1202 675 1337 716 quam
1376 664 1522 704 omnis
1565 664 1691 705 actio

183 724 318 765 huius
349 721 454 762 anni
485 717 696 761 confecta
725 717 855 758 nobis
886 717 1144 769 videbatur,
1175 717 1222 757 in
1252 718 1410 758 Asiam
1438 719 1507 759 ire
1537 719 1689 760 nolui:

184 779 306 835 qnod
336 781 381 819 et
411 776 655 817 celebritas
685 773 800 815 mihi
832 773 939 814 odio
970 778 1065 823 est3
1112 775 1182 825 et,
1224 773 1263 813 si
1294 772 1427 814 fieret
1456 774 1633 829 aliquid
1663 787 1692 817 a

185 836 316 878 novis
363 831 732 887 magistratibus,
780 830 935 871 abesse
966 829 1103 885 longe
1143 828 1364 870 nolebam.
1442 830 1603 884 Itaque
1641 831 1689 871 in

183 893 377 947 Epirum
407 890 465 931 ad
495 893 541 930 te
571 887 712 929 statui
740 899 812 927 me
843 884 1077 935 conferre3
1130 898 1220 926 non
1250 899 1336 939 quo
1368 899 1468 927 mea
1497 887 1688 927 interes-

185 953 254 991 set
284 947 377 989 loci
406 948 592 996 natura,
643 943 722 998 qui
765 942 914 983 lucem
944 942 1125 983 omnino
1157 940 1384 995 fugerem3
1441 942 1522 983 sed
1552 946 1598 984 et
1627 942 1687 984 ad

184 1005 379 1046 salutem
410 1000 711 1042 libentissime
741 1011 801 1039 ex
831 1002 908 1038 tuo
939 1002 1072 1052 portu
1102 997 1396 1052 proficiscar,
1445 1002 1514 1051 et,
1564 999 1605 1039 si
1634 1011 1689 1040 ea

184 1059 391 1116 praecisa
430 1057 543 1109 erit,
593 1068 811 1109 nusquam
852 1053 1038 1094 facilius
1068 1052 1186 1094 hanc
1215 1054 1516 1096 miserrimam
1545 1055 1689 1096 vitam

183 1117 256 1159 vel
298 1114 580 1163 sustentabo,
631 1112 703 1153 vel
715 1141 731 1168 9
791 1110 911 1163 quod
940 1110 1084 1151 multo
1124 1113 1194 1150 est
1223 1111 1410 1163 meliuS‚
1461 1110 1686 1152 abiecero.

185 1173 282 1215 Ero
332 1185 432 1212 cum
482 1166 664 1223 paucis3
730 1165 1070 1207 multitudinem
1112 1165 1355 1207 dimittam.
1456 1166 1534 1208 Me
1582 1171 1686 1208 tuae

182 1230 345 1270 literae
415 1236 642 1278 nunquam
709 1222 757 1263 in
824 1225 997 1263 tantam
1063 1235 1188 1276 spem
1244 1221 1559 1273 adduxerunt,
1633 1222 1687 1264 in

182 1282 651 1340 quantamssaliorum.
734 1277 947 1319 Attamen
998 1290 1099 1320 mea
1149 1290 1250 1331 spes
1309 1278 1447 1318 etiam
1505 1277 1688 1319 tenuior

182 1352 359 1395 semper
399 1337 513 1389 suit,
553 1348 688 1390 quam
723 1337 825 1374 tuae
868 1334 1041 1375 literae.
1122 1332 1214 1374 Sed
1255 1336 1432 1385 tamen,
1470 1334 1685 1388 quoniam

182 1401 391 1451 coeptum
428 1397 498 1434 est
539 1391 639 1446 agi,
697 1403 877 1445 quoquo
927 1388 1064 1430 modo
1111 1391 1322 1443 coeptum
1372 1393 1442 1430 est
1492 1393 1538 1431 et
1577 1402 1686 1443 qua-

182 1465 358 1507 cunque
409 1450 466 1490 de
522 1459 686 1499 causa,
744 1459 834 1486 non
886 1445 1093 1487 deseram
1147 1458 1290 1499 neque
1340 1445 1501 1500 optimi
1552 1451 1686 1500 atque

183 1510 309 1551 unici
353 1505 511 1548 fratris
550 1503 738 1544 miseras
784 1515 840 1543 ac
880 1502 1108 1543 luctuosas
1138 1514 1296 1555 preces
1323 1514 1410 1542 nec
1442 1501 1582 1543 Sestii
1613 1514 1686 1541 ce-

184 1570 474 1617 terorumque
505 1559 729 1615 promissa
758 1571 842 1599 nec
872 1571 997 1612 spem
1026 1557 1448 1598 aerumnosissimae
1477 1557 1686 1598 mulieris

184 1622 431 1664 Terentiae
472 1629 556 1658 nec
594 1615 876 1656 miserrimae
920 1611 1165 1664 [mulieris]
1207 1613 1441 1653 Tulliolae
1480 1613 1687 1654 obsecra-

184 1679 354 1720 tionem
384 1679 430 1717 et
459 1672 621 1715 fideles
653 1671 810 1712 literas
842 1674 953 1711 tuas.
1035 1667 1158 1710 Mihi
1188 1669 1356 1724 Epirus
1399 1672 1477 1710 aut
1507 1670 1597 1710 iter
1625 1667 1685 1709 ad

280 1799 315 1833 l.
343 1794 460 1829 onmis
486 1791 584 1826 actio
612 1816 620 1823 .
648 1814 658 1823 .
687 1815 696 1823 .
724 1789 899 1832 confecta
925 1799 1003 1822 esse
1037 1788 1063 1823 i.
1092 1799 1125 1826 e.
1154 1787 1200 1821 ad
1225 1788 1339 1822 finem
1365 1789 1507 1823 venisse
1532 1789 1683 1823 videba-

184 1854 264 1887 tur,
311 1844 357 1877 da
392 1855 427 1876 es
467 1839 716 1874 entschieden
743 1837 907 1877 scheint‚
937 1837 1018 1871 dass
1043 1838 1084 1870 in
1113 1837 1257 1870 diesem
1285 1849 1331 1870 zu
1358 1838 1463 1870 Ende
1487 1838 1684 1883 gehenden

184 1895 294 1928 Iahre
335 1904 407 1926 von
442 1891 511 1923 den
551 1888 959 1931 Magistratspersonen
986 1888 1025 1919 in
1051 1886 1196 1920 meiner
1219 1886 1521 1929 Angelegenheit
1547 1885 1683 1920 Nichts

184 1944 294 1977 mehr
320 1940 418 1975 wird
459 1946 751 1982 vorgenommen
779 1934 949 1975 werden;
987 1946 1027 1968 so
1051 1934 1131 1968 will
1159 1933 1221 1966 ich
1250 1934 1405 1967 freilich
1432 1935 1684 1968 Macedonien

184 1992 385 2031 verlassen‚
413 1988 503 2021 aber
522 1984 635 2018 nicht
649 1984 747 2017 nach
767 1983 878 2015 Asien
905 1982 1037 2027 gelren.
1062 2000 1110 2006 -—
1129 1982 1257 2015 celebr.
1271 1992 1315 2014 m.
1334 1982 1416 2015 odio
1437 1987 1501 2016 est.
1530 1984 1614 2028 Vgl.
1625 1994 1682 2028 ep.

186 2040 262 2082 hx,
293 2042 330 2073 l:
358 2037 421 2070 odi
449 2035 549 2068 enim
575 2033 855 2073 celebritatem3
884 2042 942 2076 ep.
970 2031 1068 2064 LXV
1094 2042 1128 2063 u.
1156 2030 1308 2069 LXVII,
1330 2031 1361 2064 2.
1385 2031 1554 2072 LXVIII,
1573 2032 1607 2067 2.
1633 2049 1681 2056 —

186 2100 209 2121 a
233 2087 334 2121 novis
360 2095 459 2127 mag.
495 2084 521 2116 i.
548 2093 578 2115 e.
621 2093 642 2114 a
677 2080 894 2114 consulibus
929 2085 966 2112 et
993 2078 1155 2112 tribunis
1189 2079 1278 2111 anni
1306 2077 1387 2114 697.
1422 2097 1470 2105 -
1519 2090 1588 2113 non
1615 2070 1708 2123 qu«)¹

188 2164 195 2171 .
225 2166 232 2173 ,
261 2139 406 2176 natura,
433 2132 493 2176 qui
518 2145 568 2163 z
595 2141 711 2175 quum
737 2140 806 2173 ego
833 2134 921 2168 cet„
947 2127 1057 2160 nicht
1083 2127 1136 2160 als
1164 2127 1212 2159 ob
1239 2126 1310 2160 mir
1337 2138 1384 2160 an
1412 2127 1478 2162 der
1500 2127 1682 2162 Beschaf-

185 2184 332 2218 fenheit
365 2182 429 2216 des
462 2181 550 2214 Orts
587 2179 715 2212 Etwas
747 2177 902 2221 gelegen
928 2179 1050 2217 ware,
1077 2176 1122 2208 da
1148 2175 1214 2208 ich
1241 2187 1272 2208 u.
1297 2187 1324 2208 s.
1351 2187 1394 2208 w.
1420 2194 1469 2200 —
1511 2176 1561 2209 ad
1581 2177 1681 2209 salu-

186 2238 257 2267 iem
285 2258 294 2267 .
324 2257 333 2264 .
361 2255 369 2264 .
394 2231 513 2273 prof,
540 2228 628 2262 weil
654 2227 718 2259 ich
747 2226 852 2258 einer
870 2223 965 2258 Seits
992 2235 1053 2256 am
1078 2224 1257 2257 Liebsten
1284 2235 1347 2256 aus
1375 2224 1533 2258 Deinem
1557 2224 1681 2258 Hafen

186 2281 285 2315 nach
316 2280 432 2320 Rom,
478 2287 592 2310 wenn
626 2275 728 2308 mein
764 2272 986 2317 Biirgerheil
1018 2272 1128 2306 sollte
1163 2272 1382 2315 hergestellt
1416 2274 1589 2314 werden,
1637 2282 1682 2305 zu

187 2330 319 2363 dessen
359 2337 493 2360 nouem
529 2325 696 2357 Genusse
730 2322 918 2355 auslaufen
952 2321 1115 2354 mochte.
1141 2339 1188 2344 —
1224 2320 1302 2354 Ero
1330 2331 1406 2354 cum
1431 2321 1581 2365 paucis,
1614 2320 1681 2354 ich

187 2377 310 2413 werde
336 2388 406 2409 nur
433 2373 571 2417 wenige
595 2374 715 2407 Lente
742 2383 803 2404 um
831 2369 935 2403 mich
963 2368 1103 2411 haben,
1131 2369 1378 2413 mitbringen.

282 2427 315 2460 2.
342 2425 380 2457 in
405 2429 493 2456 ante
520 2425 686 2464 quantam
723 2419 767 2452 de
802 2419 895 2453 Ern.
931 2418 1118 2451 sententia
1143 2418 1382 2450 inseruerunt
1407 2415 1558 2450 Schiitz.
1585 2417 1682 2449 Ben-

188 2474 250 2508 tiv.
277 2475 435 2507 Liinem.
495 2470 610 2502 Abest
646 2479 667 2502 a
708 2468 797 2501 Cdd.
835 2467 936 2500 notis
969 2472 1008 2499 et
1041 2465 1138 2499 Edd.
1174 2471 1260 2499 ante
1285 2464 1439 2498 Schutz.
1479 2463 1680 2499 ORELLI.

187 2541 234 2548 -
261 2521 430 2566 quoniam
456 2521 569 2562 coepe.
596 2527 623 2550 e.
651 2517 730 2558 agi,
759 2526 895 2559 quoquo
922 2515 1027 2548 modo
1055 2519 1148 2556 cet.,
1184 2513 1377 2555 indessen,
1417 2512 1464 2545 da
1496 2512 1568 2545 wir
1600 2512 1682 2546 ein-

189 2571 291 2604 mahl
331 2582 376 2603 zu
418 2566 582 2600 handeln
614 2565 849 2609 angefangen
884 2563 1028 2604 haben,
1066 2562 1138 2596 wie
1171 2568 1241 2607 gut
1274 2561 1364 2595 oder
1397 2561 1570 2594 schlecht
1607 2558 1681 2593 und

190 2631 253 2652 uus
292 2616 477 2651 welchem
519 2614 673 2648 Grande
733 2611 936 2645 immerhin
987 2611 1054 2644 der
1099 2611 1252 2655 Anfang
1291 2609 1469 2655 gemacht
1508 2609 1560 2643 sei
1604 2606 1680 2642 und

190 2679 218 2699 s.
249 2678 295 2700 w.
324 2685 369 2690 —
396 2668 502 2707 atque
527 2677 577 2694 z
603 2661 675 2695 und
709 2661 937 2703 obendrein,
974 2659 1075 2693 noch
1103 2658 1205 2692 dazu.
1231 2677 1278 2682 —
1314 2657 1438 2692 Sesciz'.
1496 2656 1532 2692 S.
1569 2657 1676 2702 epist.

188 2716 337 2755 LXXII,
364 2716 393 2747 1.
421 2731 467 2736 —
493 2709 687 2754 [mulieris]
710 2709 753 2742 de
773 2709 921 2746 Bentiv⁴
948 2708 1131 2741 sententia
1158 2707 1264 2741 uncis
1290 2705 1382 2742 incl.
1408 2723 1456 2730 ——
1484 2704 1678 2747 Tulliolae,

187 2763 275 2798 Sch.
297 2762 455 2804 filiolae.
486 2760 558 2793 OR.
585 2777 632 2784 —-
659 2759 753 2804 quod
775 2758 911 2803 scripsi
935 2767 1051 2802 supra
1076 2755 1108 2800 ᾗ.
1139 2758 1172 2792 1.
1199 2755 1314 2791 tilam
1339 2753 1516 2790 abiecero.
