1742 3006
185 90 281 139 381
464 92 526 135 Μ.
557 93 612 136 Τ.
645 90 988 138 CICERONIS
1017 92 1392 138 EPISTOLAE.

186 205 377 252 teolanis
405 206 452 248 et
479 204 848 248 Lucrinensibus.
906 204 977 248 Ne
1007 205 1098 247 ista
1123 206 1305 262 quidem
1335 207 1509 250 desunt.
1577 209 1668 252 Sed

185 264 451 309 mehercule
480 276 508 304 a
548 262 712 303 ceteris
762 263 1140 304 oblectationibus
1180 267 1235 305 ul
1274 263 1460 305 deseror
1506 265 1553 305 et
1589 278 1669 308 vo-

185 320 431 377 luptatibus
460 322 646 373 propter
674 331 767 359 rem
796 319 1047 373 publicam,
1093 319 1159 360 sic
1189 320 1338 360 literis
1368 323 1596 361 sustentor
1625 325 1671 363 et

183 389 388 420 recreor:
427 374 636 429 maloque
666 375 713 415 in
742 375 828 414 illa
857 379 931 414 tua
969 374 1205 427 sedecula,
1244 388 1375 429 quam
1413 375 1552 417 habes
1590 378 1670 418 sub

183 433 379 486 imagine
413 431 697 483 Aristotelis,
727 430 906 482 sedere,
937 443 1069 483 quam
1098 431 1144 471 in
1174 432 1364 472 istorum
1393 432 1509 473 sella
1538 445 1669 474 curu-

183 492 246 540 li3
277 495 513 543 tecumque
542 486 659 541 apud
689 490 734 527 te
764 486 1017 538 ambulare,
1057 500 1189 541 quam
1220 500 1321 528 cum
1352 501 1430 538 eo,
1477 501 1671 542 quocum

182 545 318 588 video
349 558 445 586 esse
485 542 812 585 ambulandum.
880 540 971 582 Sed
1012 541 1068 584 de
1105 543 1189 584 illa
1230 542 1535 585 ambulatione
1574 542 1670 586 fors

119 613 146 654 2
182 601 351 645 viderit
379 603 458 642 aut
485 600 525 640 si
554 599 632 653 qui
662 601 753 650 est,
784 596 862 653 qui
891 601 1043 651 curet,
1081 597 1205 640 deus.
1231 598 1235 599 ⁷
1272 599 1487 642 Nostram
1516 601 1668 641 ambu-

182 660 401 702 lationem
431 659 477 699 et
504 654 781 697 Laconicum
811 667 973 709 eaque,
1012 667 1125 710 quae
1166 654 1321 711 Cyrea
1357 656 1473 708 sint,
1513 656 1669 709 velim,

181 783 242 819 20.
267 777 373 825 pasci
396 779 452 820 (v.
478 774 640 820 πάομαι,
666 771 876 818 πάσκομαι,
904 773 976 808 wie
1001 770 1199 819 βόσκομαι)
1226 789 1275 806 z
1301 775 1494 810 delectari.
1521 776 1570 810 So
1590 777 1668 812 Cic.

179 830 255 868 Pis,
289 831 355 865 20:
394 826 462 860 His
495 825 606 860 rebus
639 834 794 869 pascor;
828 822 874 856 de
909 822 1040 857 Offiee.
1077 823 1130 864 11,
1166 825 1232 857 11:
1273 823 1377 869 pasci
1408 825 1598 859 maleficio
1631 829 1671 859 et

181 880 346 920 scelere5
385 874 488 909 Sext.
532 873 596 909 46:
636 883 674 917 p.
707 871 902 905 discordiis
941 871 1093 905 civium.
1133 871 1244 905 Ovid.
1288 872 1445 907 Metam.
1481 870 1546 914 VI,
1580 874 1670 908 280:

179 936 336 974 pascere
360 929 491 958 nostro
516 921 659 957 dolore.
686 938 730 944 —
756 923 814 961 tu,
845 918 1058 964 Epicureus
1085 919 1152 964 qui
1176 930 1213 953 es
1239 920 1325 964 (per
1347 920 1490 962 iocum)
1515 921 1672 964 putabas

181 976 266 1010 scil.
299 984 362 1008 me
391 971 495 1017 pasci
527 968 584 1002 his
618 968 693 1002 reb.
721 967 764 1003 P.
792 971 827 1001 et
862 966 991 1010 Lucan,
1024 978 1069 1001 an
1103 968 1175 1001 den
1206 967 1332 1001 vielen
1367 974 1483 1014 guten
1518 968 1670 1016 Dingen

180 1021 456 1066 (heckereien,
490 1017 599 1052 bellis
624 1017 734 1050 rebus
759 1015 804 1049 ad
837 1016 1065 1060 epulandum
1100 1014 1297 1060 exquisitis
1323 1028 1348 1050 ε.
1377 1016 1577 1060 bellariis),
1610 1016 1670 1050 die

181 1071 270 1105 hier
301 1069 378 1103 und
411 1068 465 1101 im
496 1063 784 1101 Lucriner-See
817 1075 864 1096 zu
902 1062 1026 1097 haben
1058 1063 1160 1105 sind,
1202 1075 1250 1096 an
1289 1063 1470 1107 Austern‚
1507 1063 1669 1098 Fischen

183 1121 336 1162 (Horat.
368 1116 491 1161 Epod.
517 1114 569 1152 ll,
596 1114 653 1147 49.
688 1110 886 1156 conchylia
916 1111 1094 1145 Lucrina.
1121 1111 1288 1146 Martial.
1323 1110 1388 1152 VJ,
1423 1115 1481 1155 ll,
1515 1113 1549 1147 5.
1584 1113 1669 1155 XII,

180 1169 239 1209 48,
265 1167 298 1201 4.
326 1165 421 1198 Plin.
450 1164 497 1196 H.
524 1162 572 1195 N.
600 1161 664 1201 lx,
690 1160 736 1193 54
770 1165 891 1192 ostrea
923 1158 1118 1202 Lucrina).
1176 1161 1268 1194 Man
1302 1160 1466 1194 braucht
1497 1159 1669 1194 desshalb
1727 1186 1734 1190 .

180 1215 291 1250 nicht
315 1213 385 1247 mit
409 1210 567 1247 Ursinus
592 1207 722 1241 ostreis
749 1208 775 1241 f.
804 1207 876 1241 reb.
902 1219 949 1240 zu
973 1208 1086 1242 lesen.
1113 1226 1159 1232 -
1184 1208 1255 1241 ista
1283 1222 1331 1239 z
1356 1208 1480 1256 Dinge
1507 1209 1574 1242 der
1601 1212 1670 1243 Art

181 1271 224 1301 st.
252 1264 346 1296 istae
372 1270 430 1294 res
457 1257 586 1292 hamb.
613 1255 649 1290 S.
676 1254 825 1290 Ramsh.
853 1255 885 1298 ἓ.
913 1256 996 1293 203,
1025 1258 1056 1290 1.
1085 1267 1118 1293 ε,
1146 1256 1180 1290 5.
1215 1274 1260 1280 -
1292 1259 1352 1299 ut,
1378 1256 1479 1301 quod
1504 1257 1548 1290 ab
1575 1256 1670 1290 ulti..

179 1324 242 1347 ma
274 1307 534 1356 praecedentis
565 1303 676 1340 verbi
715 1304 829 1337 facile
860 1303 986 1348 potuit
1019 1303 1234 1343 absorberi,
1278 1304 1325 1337 ob
1358 1315 1434 1348 seq.
1467 1304 1521 1337 sic
1552 1305 1668 1339 inser.

179 1362 275 1405 Ern.
304 1357 388 1391 sch.
414 1357 511 1389 Liin.
538 1353 644 1388 omis.
670 1352 819 1386 Priores
855 1362 942 1384 cum
969 1351 1062 1386 Cdd.
1091 1351 1289 1385 ORELLI.
1326 1370 1369 1375 —
1408 1352 1668 1395 voluptatibus.

179 1409 242 1444 Sic
269 1407 430 1441 Helmst.
456 1403 552 1438 Edd.
580 1411 685 1435 meae
717 1405 872 1445 praeter
903 1400 983 1433 Bas.
1011 1403 1044 1432 et
1069 1400 1288 1442 voluptatum
1312 1399 1393 1433 Md.
1421 1400 1542 1435 Oxou.
1573 1403 1606 1436 1.
1633 1401 1667 1435 2.

179 1457 274 1494 edd.
301 1455 462 1488 Decurt.
487 1451 665 1485 Tornaes.
694 1448 852 1482 Crusell.
878 1452 916 1481 ut
946 1448 1169 1490 voluptatum
1205 1447 1291 1485 Bos,
1325 1449 1515 1482 Fortasse:
1549 1452 1581 1481 et
1606 1458 1669 1481 το-
1728 1474 1730 1477 ,

179 1507 358 1550 Iuptatzcm
382 1512 459 1535 usu.
488 1497 687 1534 ORELLI.
720 1496 798 1529 Zur
823 1495 943 1530 Sache
969 1496 1048 1542 vgl.
1073 1496 1146 1541 Ep.
1175 1496 1269 1530 CXI.
1296 1515 1339 1522 ·—
1370 1499 1495 1540 propt.
1522 1507 1593 1529 rem
1616 1507 1667 1540 p.,

178 1563 312 1601 weg-en
339 1551 406 1585 der
431 1549 544 1582 iibeln
571 1547 673 1592 Lege
700 1544 763 1578 des
797 1544 1008 1578 Freistaats.
1046 1562 1089 1568 -—
1120 1543 1307 1586 sedecula,
1341 1543 1665 1578 Lehnstiihlchen.

178 1622 228 1629 -
252 1600 314 1635 sub
339 1599 474 1640 imag„
512 1596 626 1628 un'ter
650 1594 715 1627 der
740 1593 863 1627 Biiste.
891 1612 936 1618 —
972 1592 1011 1625 in
1043 1592 1217 1634 istorum,
1253 1592 1424 1636 Pompeii
1457 1597 1495 1625 et
1528 1591 1666 1634 Crassi,
1723 1624 1725 1626 .

179 1651 246 1697 qui
278 1648 448 1683 consules
480 1644 554 1678 hoc
587 1652 685 1676 anno
711 1641 800 1674 sella
826 1640 952 1675 curuli
976 1640 1189 1674 utebantur.
1237 1638 1437 1687 Significat
1461 1639 1581 1686 igitur
1608 1641 1669 1673 Ci-

110 1726 113 1733 .
179 1709 283 1738 cero,
311 1707 347 1730 se
372 1696 412 1728 in
437 1692 497 1726 his
523 1691 579 1725 rei
603 1689 774 1737 publicae
794 1688 1031 1734 temporibus
1057 1689 1116 1722 vel
1142 1687 1353 1721 consulatui
1376 1689 1574 1732 praeferre
1599 1697 1667 1722 vo·

178 1749 364 1792 luptatem
391 1754 410 1776 e
434 1742 635 1775 literarum
661 1738 794 1771 studiis
818 1737 1031 1783 petendam.
1058 1736 1167 1770 SCH.
1215 1737 1347 1769 Dieser
1377 1736 1488 1770 Brief
1516 1735 1565 1769 ist
1588 1736 1666 1770 also

179 1797 252 1832 699
286 1789 548 1840 gescbrieben.
583 1806 627 1812 —
662 1786 760 1830 apud
790 1790 845 1828 te,
880 1785 918 1818 in
952 1785 1096 1818 Deiner
1128 1785 1293 1819 Galerie.
1326 1802 1371 1808 -
1412 1795 1489 1817 cum
1514 1794 1554 1817 eo
1580 1783 1604 1817 i.
1631 1794 1665 1819 e.

179 1841 383 1886 Pompeio,
419 1847 564 1881 quocum
597 1846 629 1867 v.
662 1846 693 1868 e.
727 1834 979 1867 ambulandum
1012 1833 1034 1865 i.
1065 1843 1097 1866 e.
1125 1832 1186 1865 cui
1213 1832 1286 1865 iam
1311 1837 1469 1877 propter
1494 1832 1573 1865 eius
1598 1841 1666 1877 po·

178 1890 339 1927 tentiam
365 1889 405 1921 in
431 1883 602 1919 omnibus
626 1882 738 1916 video
765 1881 1048 1926 obsequendum
1075 1891 1170 1921 esse,
1197 1879 1327 1913 dessen
1345 1880 1468 1914 Partei
1486 1878 1549 1913 ich
1569 1890 1664 1927 gern

179 1940 271 1974 oder
296 1945 445 1983 ung-ern
471 1931 594 1965 werde
627 1929 756 1963 halten
788 1932 947 1962 iniissen.
1003 1928 1238 1974 Anspielung
1272 1928 1339 1960 auf
1371 1927 1431 1961 die
1464 1926 1664 1961 staatssor-

178 1988 304 2023 meln:
338 1985 377 2017 in
404 1979 623 2015 sententiam
651 1977 808 2011 alicuius
834 1976 912 2015 ire,
938 1986 1115 2017 currere,
1150 1975 1342 2009 discedere
1367 1987 1403 2009 u.
1432 1987 1459 2009 s.
1487 1976 1517 2008 f.
1546 1994 1591 2000 —-
1625 1975 1666 2008 de

177 2037 248 2071 illa
275 2033 365 2067 amb.
394 2030 433 2073 (i.
462 2039 493 2062 e.
520 2028 564 2061 ‹le
599 2026 693 2059 meis
725 2025 764 2058 in
797 2035 839 2058 re
871 2024 1024 2068 publica
1059 2022 1229 2056 consiliis
1255 2023 1301 2056 ad
1334 2023 1506 2068 Pompeii
1531 2028 1665 2057 nutum

179 2091 218 2118 et
243 2083 480 2117 voluntatem
506 2073 802 2109 accomodandis.
835 2072 960 2114 SCH.)
990 2071 1143 2112 viderit,
1178 2083 1240 2104 nm
1276 2070 1403 2105 diesen
1429 2071 1665 2117 Spazirgang

179 2133 290 2175 m‘oge
317 2128 398 2162 sich
424 2125 674 2159 bekiimniern
701 2122 736 2155 d.
771 2121 799 2158 i.
836 2121 950 2153 dafur
990 2130 1146 2167 surgen,
1200 2119 1382 2160 zusehen,
1415 2120 1503 2152 VVas
1530 2119 1662 2152 dax-aus

179 2179 316 2214 werde.
345 2176 392 2210 So
419 2175 575 2207 Terent.
602 2173 692 2204 Hec.
720 2167 788 2210 lV,
815 2169 849 2210 4,
878 2169 939 2203 78:
972 2173 1058 2213 post
1084 2167 1129 2200 de
1163 2173 1282 2200 matre
1308 2167 1455 2201 videro.
1485 2167 1568 2200 Liv.
1598 2164 1663 2209 IV,

178 2229 244 2263 40:
279 2226 323 2259 de
357 2223 418 2256 his
442 2220 587 2256 videris,
639 2218 749 2252 Sonst
774 2216 847 2249 mit
879 2216 964 2250 dein
999 2215 1073 2248 dat.
1101 2215 1193 2249 oder
1231 2225 1351 2248 accus.
1378 2227 1409 2249 z.
1436 2215 1476 2248 B.
1504 2214 1550 2248 ad
1575 2214 1662 2249 Div.

177 2277 231 2318 Π,
260 2276 314 2309 16.
342 2272 412 2305 rid.
440 2269 667 2303 Dolabellae.
696 2266 770 2299 OR.
801 2263 925 2305 Quint.
954 2274 986 2296 c.
1016 2266 1078 2298 17:
1114 2263 1281 2296 viderint
1312 2263 1386 2295 isla
1421 2261 1554 2304 officia
1587 2260 1662 2297 viri

178 2323 286 2365 boni3
323 2319 432 2354 Ovid.
467 2317 625 2350 Hcro'id.
664 2314 750 2351 XII,
785 2314 871 2347 211:
905 2311 1045 2345 viderit
1081 2312 1151 2344 ista
1186 2312 1297 2344 Deus.
1334 2329 1375 2335 —
1418 2311 1450 2343 si
1483 2310 1543 2354 qui
1569 2309 1662 2353 (quis

178 2372 258 2408 Md.
285 2382 304 2403 a
329 2380 390 2414 pr.
418 2379 469 2400 m.
498 2367 580 2400 Asc.
609 2366 639 2397 l.
666 2364 766 2397 Crat.
792 2359 940 2401 Lamb.)
968 2364 1032 2392 est.
1087 2359 1221 2393 Cicero
1255 2358 1366 2402 spielt
1399 2357 1470 2391 mit
1495 2369 1558 2391 aus
1583 2358 1661 2392 Un-

178 2418 291 2454 xnuth
335 2426 402 2450 vor
442 2413 582 2448 seineui
608 2408 893 2456 Epikurischen
934 2407 1106 2441 Freunde
1148 2408 1212 2441 fiir
1250 2405 1433 2440 Dasmahl
1466 2406 1537 2439 ‹len
1569 2405 1660 2450 Epi-

180 2468 312 2502 kurer.

278 2529 310 2562 2.
339 2521 616 2558 ambulationem
642 2516 932 2564 hypaethriam‚
960 2526 1072 2562 quan)⁸
1099 2516 1168 2549 sibi
1194 2521 1350 2561 propter
1375 2514 1528 2548 domum
1555 2514 1662 2547 Pala-

182 2577 302 2610 tinam
337 2575 375 2607 in
412 2571 503 2604 urbe
538 2569 750 2602 faciendam
783 2567 987 2599 locaverat.
1043 2564 1145 2599 Uber
1177 2564 1306 2598 solche
1342 2562 1519 2598 Galerien
1552 2567 1661 2595 unter

183 2625 317 2658 freiem
345 2619 516 2654 Himinel
551 2629 576 2650 s.
611 2615 764 2649 vitruv.
794 2611 840 2653 V,
866 2614 889 2647 9
922 2625 958 2646 u.
986 2613 1049 2653 VI,
1075 2613 1107 2646 5.
1141 2630 1187 2636 —-
1219 2612 1438 2645 Laconicum
1471 2610 1658 2650 balneum,

180 2669 430 2705 Schwitzbad.
465 2667 500 2699 S.
530 2663 681 2698 Vitruv.
710 2664 756 2700 V,
784 2663 828 2695 10
853 2672 888 2693 u.
916 2660 1010 2693 dazu
1050 2658 1261 2693 Schneider
1285 2661 1323 2693 in
1351 2672 1377 2692 s.
1408 2660 1657 2692 commentar.

181 2721 226 2754 T.
256 2719 308 2758 ll,
335 2729 371 2761 p.
398 2716 467 2751 335
494 2714 532 2747 ss.
562 2711 765 2748 Columell.
793 2708 919 2744 Praef‚
949 2707 1076 2743 celsus
1101 2708 1152 2749 ΙΙ,
1181 2710 1235 2742 17.
1266 2726 1307 2732 —
1338 2707 1478 2751 Cyrea,
1515 2717 1534 2739 a
1562 2707 1659 2749 Cyro

184 2767 389 2802 architecto
415 2763 606 2809 designata
631 2765 668 2795 et
692 2757 875 2793 instituta.
903 2755 991 2791 Vid.
1025 2766 1084 2801 ep.
1111 2756 1259 2796 xcvn,
1286 2758 1318 2790 1.
1342 2756 1375 2791 2.
1405 2754 1497 2793 CVI,
1523 2754 1555 2788 3.
1584 2752 1658 2793 CX,
