1742 3006
541 37 860 82 EPISTOLA
891 35 1079 80 XXIV.
1498 35 1562 83 95

6 201 9 209 y
72 168 142 196 me
183 154 280 208 ipso
317 166 405 194 non
443 150 796 197 divellerentur3
836 151 928 188 tum
971 153 1120 191 autem
1159 149 1313 190 beatos
1353 146 1560 190 homines

72 232 125 240 —
157 209 239 249 hos
269 208 537 263 piscinarios
569 206 688 258 dico,
727 203 897 245 amicos
929 208 1028 246 tuos
1060 230 1112 235 -—
1143 218 1232 246 non
1262 205 1449 246 obscure
1480 218 1559 245 no-

73 267 141 306 bis
172 266 399 307 invidere:
441 262 611 316 putavi,
651 259 766 303 mihi
795 260 989 301 maiores
1019 262 1235 314 quasdam
1265 273 1372 315 opes
1401 264 1447 302 et
1478 259 1557 300 fir·

74 322 220 362 miora
260 319 488 375 praesidia
527 330 624 358 esse
666 316 935 372 quaerenda.
1008 317 1167 370 Itaque
1211 317 1404 371 primum
1443 329 1560 369 eum,

72 378 148 431 qni
181 378 364 417 nimium
396 375 472 415 diu
504 374 559 414 de
582 374 711 414 rebus
741 373 909 413 nostris
939 375 1159 425 tacuerat,
1189 372 1455 427 Pompeium
1480 373 1558 412 ad-

8 454 11 476 ς
73 434 187 473 duxi
228 434 273 472 in
314 445 410 472 eam
449 431 751 482 voluntatem,
798 432 846 469 ut
884 428 931 468 in
961 431 1118 469 senatu
1159 442 1243 468 non
1274 430 1441 480 semel,
1479 427 1560 469 sed

8 482 12 505 ³
72 502 204 543 saepe
233 488 477 542 multisque
506 486 657 527 verbis
688 484 820 525 huius
850 483 966 524 mihi
992 484 1185 525 salutem
1216 485 1395 538 imperii
1426 488 1561 539 atque

9 553 13 581 ἲ
72 546 194 586 orbis
224 549 444 585 terrarum
465 541 757 584 adindiearit.
817 540 954 590 Quod
983 554 1071 581 non
1094 543 1186 581 tam
1216 540 1426 581 interfuit
1446 554 1561 592 mea,

10 611 13 639 :
72 624 127 631 —
156 614 298 653 neque
328 599 446 641 enim
487 599 597 639 illae
629 610 699 638 res
729 600 807 639 aut
845 597 912 638 ita
939 599 1043 637 sunt
1072 597 1304 648 obscurae,
1343 600 1393 638 ut
1432 597 1562 637 testi-

10 665 11 670 ’
70 657 289 707 monium,
329 658 402 696 aut
435 656 501 695 ita
538 654 729 706 dubiae,
781 656 832 693 ut
868 652 1175 694 laudationem
1221 652 1479 694 desiderent
1507 676 1561 683 —

11 751 13 757 s
72 724 203 766 quam
234 712 298 751 rei
329 711 562 765 publicae:
591 709 709 764 quod
740 712 868 749 erant
890 708 1075 762 quidam
1105 709 1314 763 improbi,
1346 709 1424 763 qui
1455 721 1558 749 con-

71 768 314 808 tentionem
341 766 440 808 fore
470 766 660 820 aliquam
690 764 802 805 mihi
831 777 931 804 cum
950 764 1169 819 Pompeio
1200 779 1253 806 ex
1282 778 1429 806 rerum
1458 765 1560 805 illa-

73 837 170 865 rum
211 823 485 864 dissensione
536 822 870 862 arbitrarentur.
940 820 1054 862 Cum
1093 820 1181 862 hoc
1219 835 1301 875 ego
1331 834 1401 861 me
1440 823 1561 862 tanta

11 876 16 901 ¹
74 880 378 921 familiaritate
410 878 632 929 coniunxi,
662 882 709 917 ut
739 881 919 930 uterque
949 874 1147 918 nostrum
1177 878 1286 917 etin
1317 889 1395 917 sua
1426 878 1561 917 ratio-

74 950 128 976 ne
156 936 365 975 munitior
395 939 438 975 et
476 934 521 974 in
552 933 776 988 republica
805 932 981 974 firmior
1009 932 1094 973 hac
1123 933 1432 974 coniunctione
1463 945 1560 974 esse

73 992 225 1046 possit.
284 990 403 1032 Odia
418 994 563 1031 autem
594 990 671 1030 illa
700 988 961 1030 libidinosae
991 991 1036 1030 et
1065 989 1282 1030 delicatae
1303 989 1558 1041 iuventutis,

74 1060 184 1101 quae
213 1052 337 1088 erant
359 1047 403 1087 in
434 1060 506 1088 me
533 1047 732 1098 incitata,
763 1047 830 1087 sic
858 1045 1062 1098 mitigata
1089 1050 1189 1087 sunt
1218 1046 1426 1087 comitate
1455 1058 1560 1101 qua-

73 1104 172 1143 dam
204 1116 327 1155 mea,
357 1116 427 1143 me
455 1116 588 1143 unum
617 1107 666 1142 ut
691 1115 843 1142 omnes
880 1101 946 1141 illi
975 1102 1139 1143 colant.
1197 1101 1324 1143 Nihil
1354 1102 1444 1143 iam
1483 1102 1562 1143 de-

73 1159 201 1213 nique
231 1172 256 1199 a
294 1173 364 1200 me.
393 1172 598 1213 asperum
638 1159 683 1198 in
713 1170 975 1213 quemquam
1012 1157 1091 1207 fit,
1134 1171 1214 1199 nec
1243 1162 1392 1199 tamen
1431 1158 1560 1212 quid-

18 1251 20 1261 ,
73 1229 201 1269 quam
231 1216 440 1270 populare
469 1228 521 1255 ac
544 1214 827 1263 dissolutum3
858 1214 937 1255 sed
967 1214 1029 1255 ita
1053 1218 1298 1269 temperata
1322 1219 1415 1256 tota
1444 1214 1561 1255 ratio

19 1320 21 1322 v
72 1275 165 1322 est,
196 1276 243 1311 ut
274 1272 336 1311 rei
366 1272 568 1325 publicae
598 1271 890 1311 constantiam
921 1274 1167 1324 praestem,
1208 1272 1396 1324 privatis
1428 1271 1559 1311 rebus

73 1328 185 1367 meis
213 1331 395 1381 propter
435 1327 743 1368 infirmitatem
774 1328 1015 1376 bonorum,
1053 1327 1329 1381 iniquitatem
1369 1328 1561 1369 malevo-

20 1447 23 1477 ἒ
70 1444 306 1479 ’Wesshalb2
343 1458 369 1479 ε.
396 1457 457 1490 ep.
483 1445 600 1487 XXII,
627 1446 660 1484 Β,
687 1446 719 1479 9.
747 1444 888 1486 XXIII,
914 1446 949 1479 3.
982 1462 1026 1469 -—-
1060 1444 1203 1484 beatos,
1236 1444 1296 1478 dio
1331 1444 1561 1492 Giinstlinge

20 1504 23 1539 j
71 1493 135 1527 des
167 1493 323 1535 Glficks,
361 1494 591 1534 fortunatos,
623 1493 684 1525 die
719 1493 982 1540 Gesegneten,
1015 1492 1201 1527 Reichen.
1235 1511 1283 1518 —
1320 1493 1560 1536 piscinarios,

20 1567 24 1573 .
69 1541 317 1575 Fischhalter.
343 1540 379 1574 S.
406 1552 464 1586 ep.
494 1540 629 1584 XXIII,
655 1543 678 1577 6
704 1552 763 1573 am
789 1541 907 1574 Ende.

20 1595 24 1600 '
167 1593 200 1623 7.
228 1590 269 1622 de
294 1589 366 1622 reb.
394 1590 532 1623 nostris
558 1589 582 1622 i.
617 1601 638 1622 a
663 1599 723 1622 me
751 1589 904 1622 consule
932 1589 1061 1637 gestis,
1098 1608 1143 1615 —
1179 1589 1302 1623 verbis
1333 1588 1438 1623 huius
1470 1589 1563 1623 mihi

23 1661 25 1672 Α
70 1637 116 1671 de
154 1638 300 1670 Manut.
336 1638 431 1669 coni.
458 1639 540 1670 Bos.
572 1637 664 1681 Sqq.
700 1636 820 1670 verbis
845 1638 920 1670 suis
953 1637 1043 1670 milti
1078 1638 1230 1671 Priores
1265 1649 1352 1671 cum
1380 1638 1495 1671 oxon.
1529 1642 1559 1672 l.

23 1687 26 1730 ᾗ
74 1685 269 1720 ORELLI.
310 1685 544 1719 adiudicaric.
603 1684 715 1718 Nach
750 1685 829 1720 cie.
867 1684 912 1718 de
940 1684 1071 1719 Officc.
1098 1688 1128 1726 Ι,
1155 1686 1214 1728 22,
1241 1687 1299 1722 78.
1335 1691 1439 1732 sagte
1474 1686 1560 1719 der-

24 1758 26 1764 ·
69 1734 188 1768 solbe:
223 1735 363 1767 frustra
397 1745 434 1767 se
459 1732 700 1779 triumphum
737 1733 1024 1779 deportaturum
1051 1734 1180 1773 fuisse,
1208 1734 1279 1767 nisi
1306 1734 1501 1767 Ciceronis
1519 1736 1558 1767 in

24 1817 27 1822 Α
71 1793 151 1815 rem
178 1782 369 1826 publicam
397 1782 596 1823 beneficio,
630 1782 693 1815 ubi
718 1780 988 1827 triumpharet,
1022 1788 1118 1816 esset
1150 1781 1358 1815 habiturus.
1386 1801 1430 1806 —
1460 1784 1563 1818 Quod

25 1830 27 1867 ἲ
70 1840 139 1863 non
167 1834 239 1862 tam
265 1830 438 1873 interfuit
464 1841 541 1863 mea
568 1855 575 1863 .
605 1855 612 1862 .
640 1855 648 1864 .
675 1841 779 1874 qnam
809 1830 1071 1874 reipublicae,
1108 1842 1151 1863 an
1180 1831 1302 1864 dieser
1329 1831 1453 1864 seiner
1478 1833 1558 1864 An-

25 1892 29 1924 ᾗ
70 1877 296 1926 erkennung
322 1890 402 1913 war
427 1879 506 1912 mir
529 1877 637 1912 nicht
663 1889 700 1912 so
727 1879 813 1912 sehr
841 1879 1132 1926 meinetwegen‚
1161 1880 1214 1912 als
1240 1879 1303 1912 des
1329 1880 1447 1912 staats
1474 1880 1560 1913 hal-

27 1950 29 1953 .
70 1926 138 1963 ber
164 1926 335 1973 gelegen.
388 1918 458 1960 Ub.
493 1928 641 1961 interest
669 1940 693 1961 s.
721 1927 872 1961 Ramsh.
902 1929 931 1970 ᾗ.
961 1928 1040 1961 114.
1074 1928 1215 1972 Zumpt
1240 1929 1268 1971 §.
1297 1928 1379 1961 549.
1407 1928 1557 1962 Grotef.

27 1984 29 2023 J
69 1973 102 2016 ᾗ.
129 1975 213 2010 240.
243 1993 284 1999 —
312 1975 478 2008 {eslimon
504 2000 512 2010 .
541 2000 548 2009 .
576 1975 821 2008 laudationem
847 1976 1027 2020 Pompeii.
1055 1995 1100 2000 —
1127 1986 1170 2009 ex
1195 1986 1268 2009 rer.
1295 1975 1397 2008 illar.
1418 1976 1558 2009 dissen-

28 2035 30 2049 ι
68 2022 183 2062 sione,
210 2033 272 2055 aus
299 2023 366 2055 der
391 2023 683 2057 vex-schiedenen
707 2023 866 2057 Ansicht
893 2023 1015 2057 dieser
1041 2023 1190 2057 meincr
1206 2023 1370 2059 Thaten.
1397 2043 1442 2048 —
1470 2024 1560 2058 Cum

28 2076 31 2099 ἱ
68 2069 134 2103 hoc
161 2080 242 2112 ego,
269 2071 417 2104 Ernest.
445 2083 540 2117 susp,
569 2082 671 2113 ergo.
697 2091 742 2096 —
775 2070 935 2106 nostrum
962 2076 1004 2104 et.
1031 2072 1094 2105 Sic
1117 2072 1245 2106 Lamb.
1273 2071 1379 2105 omis.
1407 2076 1439 2104 et
1461 2073 1558 2108 Cett.

70 2138 112 2142 —
140 2118 177 2150 in
201 2128 265 2151 sua
292 2119 446 2158 ratione.
475 2120 515 2153 in
541 2121 669 2154 seinen
696 2121 928 2154 besonderen
955 2120 1260 2160 Verhiiltnissem
1286 2119 1484 2164 privatim.
1514 2139 1557 2145 —

29 2177 32 2210 ς
68 2166 242 2200 munitior
266 2167 437 2200 adversus
471 2167 631 2203 invidos.
669 2188 712 2193 —
748 2170 786 2202 in
812 2168 995 2212 republica
1021 2168 1331 2204 administranda.
1386 2169 1558 2204 Gronov.

30 2238 32 2245 ,
67 2215 306 2248 vermuthete
331 2226 389 2248 res
413 2217 558 2259 publica
586 2217 611 2249 i.
641 2228 672 2250 e.
700 2217 932 2263 reipublicae
960 2223 1087 2252 status.
1116 2216 1222 2252 Ohne
1249 2215 1367 2250 Noth.
1396 2238 1438 2244 —
1470 2229 1558 2262 pos-

30 2278 33 2291 ι
66 2262 128 2296 sit.
155 2263 305 2297 Bentiv.
335 2264 415 2298 will
439 2269 574 2308 posset.
600 2265 653 2299 Ob
680 2265 894 2313 richtiger?
922 2266 956 2299 S.
982 2277 1031 2299 zu
1057 2276 1114 2310 ep.
1140 2265 1277 2306 XXIII,
1303 2266 1336 2299 3.

160 2312 193 2345 8.
221 2312 391 2345 comilate
416 2315 571 2359 quddam
596 2324 700 2355 mea,
736 2314 857 2347 durch
884 2313 969 2347 eine
996 2314 1152 2361 gewisse
1178 2312 1372 2361 Arrigkeit
1398 2313 1438 2347 in
1463 2314 1559 2347 mei-

67 2367 152 2391 nem
185 2359 414 2397 Benehmen.
466 2362 571 2395 Uber
604 2373 753 2406 quavam
785 2375 810 2395 s.
837 2360 989 2397 Ramsh.
1018 2361 1055 2406 ᾗ.
1081 2364 1140 2402 87,
1168 2364 1201 2397 l.
1236 2362 1385 2396 Grotet'.
1415 2362 1557 2406 §.29:3.

13 2405 34 2429 ·¹
67 2405 219 2451 Zumpt.
257 2408 289 2450 §-
318 2410 397 2444 707.
436 2411 589 2453 quadam
615 2421 703 2446 com.
744 2411 784 2444 in
811 2411 846 2444 d.
878 2410 962 2444 edd.
985 2412 1136 2446 Ascens.
1164 2413 1198 2446 1.
1234 2422 1270 2444 u.
1300 2412 1402 2443 Crat.
1454 2409 1558 2444 Uber

33 2456 35 2484 τ
68 2452 128 2485 die
153 2454 326 2504 Stellung
351 2457 468 2490 dieses
494 2459 734 2492 Pronominis
761 2459 952 2492 indefiniti
983 2471 1011 2493 ε.
1039 2459 1186 2493 Grotef.
1214 2460 1243 2502 ξ.
1271 2458 1353 2494 466.
1380 2475 1428 2482 —
1452 2468 1557 2503 aspe-

67 2511 158 2540 rum,
184 2503 445 2545 erbitterndes‚
472 2507 572 2551 quod
599 2507 696 2541 iram
722 2513 973 2543 commoveat.
1003 2526 1044 2533 —
1072 2508 1302 2546 dissolutum,
1328 2517 1373 2538 zu
1394 2506 1557 2552 gelasse-

66 2559 144 2602 1)εεῖ
171 2561 241 2584 was
266 2551 349 2586 eine
376 2553 639 2600 Nachlassung
676 2566 752 2590 von
790 2555 940 2589 meineri
968 2556 1231 2591 Grunds’aitzen
1265 2554 1472 2590 verriethe.
1508 2573 1553 2579 —

35 2628 37 2643 ·,
66 2601 166 2630 ratio
192 2599 340 2645 agendi,
366 2603 467 2636 mein
493 2603 721 2638 Benehmen.
749 2623 794 2629 —
825 2608 865 2637 ut
890 2604 981 2647 reip.
1008 2609 1123 2638 const.
1148 2605 1344 2647 praestem,
1380 2602 1462 2636 dass
1487 2601 1554 2636 ich

62 2644 103 2677 in
130 2645 305 2681 Hinsicht
330 2650 396 2682 auf
418 2650 480 2685 die
505 2652 695 2697 Republik
720 2652 845 2686 meino
871 2651 1066 2700 bisherige
1091 2648 1303 2696 Festigkeit
1334 2650 1371 2684 in
1397 2651 1553 2685 Grund-

36 2712 38 2715 -
62 2696 189 2727 satzen
212 2694 401 2732 bewiihre.
453 2699 558 2733 Diess
584 2701 755 2735 erinnert
780 2712 827 2734 an
852 2702 980 2734 Horat.
1007 2702 1133 2736 Carm.
1162 2699 1233 2735 111.
1260 2699 1302 2732 3:
1336 2699 1480 2733 Iustum
1507 2710 1553 2732 ac

37 2750 39 2795 ⁴]
62 2745 229 2778 tenacem
267 2746 451 2790 propositi
485 2748 613 2784 virum
639 2755 711 2784 etc.
743 2767 783 2775 —-
813 2749 1010 2792 bonorum,
1038 2749 1106 2783 der
1130 2753 1198 2796 gut
1225 2746 1451 2791 Gesinnten,
1485 2747 1552 2782 der
