<?xml version="1.0" encoding="UTF-8"?>
<!DOCTYPE html PUBLIC "-//W3C//DTD XHTML 1.0 Transitional//EN"
    "http://www.w3.org/TR/xhtml1/DTD/xhtml1-transitional.dtd">
<html xmlns="http://www.w3.org/1999/xhtml" xml:lang="en" lang="en">
 <head>
  <title>
</title>
<meta http-equiv="Content-Type" content="text/html;charset=utf-8" />
  <meta name='ocr-system' content='tesseract 3.04.00' />
  <meta name='ocr-capabilities' content='ocr_page ocr_carea ocr_par ocr_line ocrx_word'/>
</head>
<body>
  <div class='ocr_page' id='page_1' title='image "./epistolaeadattic00ciceuoft_0574.png"; bbox 0 0 1742 3006; ppageno 0'>
   <div class='ocr_carea' id='block_1_1' title="bbox 169 63 1391 150">
    <p class='ocr_par' dir='ltr' id='par_1_1' title="bbox 169 63 1391 150">
     <span class='ocr_line' id='line_1_1' title="bbox 169 63 1391 150; baseline -0.005 0"><span class='ocrx_word' id='word_1_1' title='bbox 169 100 263 150; x_wconf 75' lang='lat'>55³1</span> <span class='ocrx_word' id='word_1_2' title='bbox 434 101 495 143; x_wconf 81' lang='lat' dir='ltr'>M.</span> <span class='ocrx_word' id='word_1_3' title='bbox 528 101 584 144; x_wconf 92' lang='grc' dir='ltr'>Τ.</span> <span class='ocrx_word' id='word_1_4' title='bbox 626 63 966 145; x_wconf 70' lang='lat' dir='ltr'><strong>CICERONIS</strong></span> <span class='ocrx_word' id='word_1_5' title='bbox 1018 100 1391 146; x_wconf 84' lang='lat' dir='ltr'>EPISTOLAE.</span> 
     </span>
    </p>
   </div>
   <div class='ocr_carea' id='block_1_2' title="bbox 162 212 1652 606">
    <p class='ocr_par' dir='ltr' id='par_1_2' title="bbox 162 212 1652 606">
     <span class='ocr_line' id='line_1_2' title="bbox 167 212 1652 272; baseline 0 -14"><span class='ocrx_word' id='word_1_6' title='bbox 167 218 298 272; x_wconf 81' lang='lat' dir='ltr'>peto,</span> <span class='ocrx_word' id='word_1_7' title='bbox 337 217 386 255; x_wconf 85' lang='lat' dir='ltr'>ut</span> <span class='ocrx_word' id='word_1_8' title='bbox 414 227 491 266; x_wconf 80' lang='lat' dir='ltr'>ea,</span> <span class='ocrx_word' id='word_1_9' title='bbox 530 226 644 268; x_wconf 82' lang='lat' dir='ltr'>quae</span> <span class='ocrx_word' id='word_1_10' title='bbox 673 212 806 254; x_wconf 87' lang='lat' dir='ltr'>initio</span> <span class='ocrx_word' id='word_1_11' title='bbox 837 213 1102 266; x_wconf 79' lang='lat' dir='ltr'><strong>ostendisti,</strong></span> <span class='ocrx_word' id='word_1_12' title='bbox 1143 215 1356 269; x_wconf 84' lang='lat' dir='ltr'>deinceps</span> <span class='ocrx_word' id='word_1_13' title='bbox 1386 215 1565 268; x_wconf 82' lang='lat' dir='ltr'>fecisti,</span> <span class='ocrx_word' id='word_1_14' title='bbox 1595 218 1652 258; x_wconf 86' lang='lat' dir='ltr'>ad</span> 
     </span>
     <span class='ocr_line' id='line_1_3' title="bbox 166 269 1651 324; baseline 0 -10"><span class='ocrx_word' id='word_1_15' title='bbox 166 273 342 314; x_wconf 82' lang='lat' dir='ltr'>exi-tum</span> <span class='ocrx_word' id='word_1_16' title='bbox 370 269 526 324; x_wconf 85' lang='lat' dir='ltr'>augeri</span> <span class='ocrx_word' id='word_1_17' title='bbox 552 273 599 310; x_wconf 90' lang='lat' dir='ltr'>et</span> <span class='ocrx_word' id='word_1_18' title='bbox 627 270 850 311; x_wconf 78' lang='lat' dir='ltr'>cumulari</span> <span class='ocrx_word' id='word_1_19' title='bbox 912 283 961 311; x_wconf 89' lang='lat' dir='ltr'>er</span> <span class='ocrx_word' id='word_1_20' title='bbox 999 273 1042 310; x_wconf 86' lang='lat' dir='ltr'>te</span> <span class='ocrx_word' id='word_1_21' title='bbox 1071 271 1201 313; x_wconf 84' lang='lat' dir='ltr'>velis.</span> <span class='ocrx_word' id='word_1_22' title='bbox 1272 271 1326 311; x_wconf 86' lang='lat' dir='ltr'>Id</span> <span class='ocrx_word' id='word_1_23' title='bbox 1367 276 1414 313; x_wconf 80' lang='lat' dir='ltr'>et</span> <span class='ocrx_word' id='word_1_24' title='bbox 1451 272 1651 314; x_wconf 75' lang='lat' dir='ltr'>Lucceio</span> 
     </span>
     <span class='ocr_line' id='line_1_4' title="bbox 165 325 1650 382; baseline 0 -12"><span class='ocrx_word' id='word_1_25' title='bbox 165 333 213 370; x_wconf 88' lang='lat' dir='ltr'>et</span> <span class='ocrx_word' id='word_1_26' title='bbox 240 327 461 381; x_wconf 87' lang='lat' dir='ltr'>Pompeio</span> <span class='ocrx_word' id='word_1_27' title='bbox 489 325 625 367; x_wconf 77' lang='lat' dir='ltr'>valde</span> <span class='ocrx_word' id='word_1_28' title='bbox 654 329 831 379; x_wconf 84' lang='lat' dir='ltr'>gratum</span> <span class='ocrx_word' id='word_1_29' title='bbox 882 339 959 368; x_wconf 86' lang='lat' dir='ltr'>ore</span> <span class='ocrx_word' id='word_1_30' title='bbox 1003 329 1135 381; x_wconf 83' lang='lat' dir='ltr'>teque</span> <span class='ocrx_word' id='word_1_31' title='bbox 1164 326 1283 382; x_wconf 89' lang='lat' dir='ltr'>apud</span> <span class='ocrx_word' id='word_1_32' title='bbox 1313 340 1389 368; x_wconf 86' lang='lat' dir='ltr'>eos</span> <span class='ocrx_word' id='word_1_33' title='bbox 1419 328 1650 381; x_wconf 85' lang='lat' dir='ltr'>praeclare</span> 
     </span>
     <span class='ocr_line' id='line_1_5' title="bbox 165 381 1647 439; baseline -0.001 -13"><span class='ocrx_word' id='word_1_34' title='bbox 165 385 414 438; x_wconf 80' lang='lat' dir='ltr'>positurum</span> <span class='ocrx_word' id='word_1_35' title='bbox 455 381 675 423; x_wconf 88' lang='lat' dir='ltr'>confirmo</span> <span class='ocrx_word' id='word_1_36' title='bbox 713 385 758 424; x_wconf 86' lang='lat' dir='ltr'>et</span> <span class='ocrx_word' id='word_1_37' title='bbox 801 381 1012 436; x_wconf 86' lang='lat' dir='ltr'><strong>spondeo.</strong></span> <span class='ocrx_word' id='word_1_38' title='bbox 1089 382 1160 423; x_wconf 90' lang='lat' dir='ltr'>De</span> <span class='ocrx_word' id='word_1_39' title='bbox 1203 396 1251 424; x_wconf 89' lang='lat' dir='ltr'>re</span> <span class='ocrx_word' id='word_1_40' title='bbox 1293 382 1475 437; x_wconf 83' lang='lat' dir='ltr'>publica</span> <span class='ocrx_word' id='word_1_41' title='bbox 1504 384 1647 439; x_wconf 86' lang='lat' dir='ltr'>deque</span> 
     </span>
     <span class='ocr_line' id='line_1_6' title="bbox 167 437 1648 494; baseline 0 -13"><span class='ocrx_word' id='word_1_42' title='bbox 167 441 237 481; x_wconf 84' lang='lat' dir='ltr'>his</span> <span class='ocrx_word' id='word_1_43' title='bbox 283 437 481 493; x_wconf 85' lang='lat' dir='ltr'>negotiis</span> <span class='ocrx_word' id='word_1_44' title='bbox 520 437 963 492; x_wconf 76' lang='lat' dir='ltr'>cogitationibusque</span> <span class='ocrx_word' id='word_1_45' title='bbox 1003 438 1170 479; x_wconf 84' lang='lat' dir='ltr'>nostris</span> <span class='ocrx_word' id='word_1_46' title='bbox 1201 439 1553 494; x_wconf 82' lang='lat' dir='ltr'>perscripseram</span> <span class='ocrx_word' id='word_1_47' title='bbox 1589 440 1648 482; x_wconf 86' lang='lat' dir='ltr'>ad</span> 
     </span>
     <span class='ocr_line' id='line_1_7' title="bbox 164 492 1647 550; baseline 0.001 -14"><span class='ocrx_word' id='word_1_48' title='bbox 164 500 208 537; x_wconf 77' lang='lat' dir='ltr'>te</span> <span class='ocrx_word' id='word_1_49' title='bbox 247 495 498 549; x_wconf 82' lang='lat' dir='ltr'>diligenter</span> <span class='ocrx_word' id='word_1_50' title='bbox 535 494 689 547; x_wconf 82' lang='lat' dir='ltr'>paucis</span> <span class='ocrx_word' id='word_1_51' title='bbox 718 498 822 535; x_wconf 84' lang='lat' dir='ltr'>ante</span> <span class='ocrx_word' id='word_1_52' title='bbox 861 492 1021 536; x_wconf 81' lang='lat' dir='ltr'>diebus</span> <span class='ocrx_word' id='word_1_53' title='bbox 1050 506 1213 550; x_wconf 85' lang='lat' dir='ltr'>easque</span> <span class='ocrx_word' id='word_1_54' title='bbox 1243 496 1404 538; x_wconf 78' lang='lat' dir='ltr'>literas</span> <span class='ocrx_word' id='word_1_55' title='bbox 1434 495 1647 539; x_wconf 81' lang='lat' dir='ltr'>dederam</span> 
     </span>
     <span class='ocr_line' id='line_1_8' title="bbox 162 549 635 606; baseline -0.004 -14"><span class='ocrx_word' id='word_1_56' title='bbox 162 552 311 606; x_wconf 85' lang='lat' dir='ltr'>pueris</span> <span class='ocrx_word' id='word_1_57' title='bbox 342 551 445 592; x_wconf 85' lang='lat' dir='ltr'>tuis.</span> <span class='ocrx_word' id='word_1_58' title='bbox 505 549 635 591; x_wconf 83' lang='lat' dir='ltr'>Vale.</span> 
     </span>
    </p>
   </div>
   <div class='ocr_carea' id='block_1_3' title="bbox 338 740 1483 795">
    <p class='ocr_par' dir='ltr' id='par_1_3' title="bbox 338 740 1483 795">
     <span class='ocr_line' id='line_1_9' title="bbox 338 740 1483 795; baseline 0.002 -11"><span class='ocrx_word' id='word_1_59' title='bbox 338 740 657 784; x_wconf 85' lang='lat' dir='ltr'>EPISTOLA</span> <span class='ocrx_word' id='word_1_60' title='bbox 696 740 915 785; x_wconf 89' lang='lat' dir='ltr'>CLXIV.</span> <span class='ocrx_word' id='word_1_61' title='bbox 976 743 1053 795; x_wconf 88' lang='lat' dir='ltr'>(ad</span> <span class='ocrx_word' id='word_1_62' title='bbox 1085 743 1189 786; x_wconf 84' lang='lat' dir='ltr'>Div.</span> <span class='ocrx_word' id='word_1_63' title='bbox 1222 744 1360 788; x_wconf 88' lang='lat' dir='ltr'>XIII.</span> <span class='ocrx_word' id='word_1_64' title='bbox 1395 746 1483 793; x_wconf 74' lang='lat'>49.)</span> 
     </span>
    </p>
   </div>
   <div class='ocr_carea' id='block_1_4' title="bbox 545 817 1262 933">
    <p class='ocr_par' dir='ltr' id='par_1_4' title="bbox 545 817 1262 933">
     <span class='ocr_line' id='line_1_10' title="bbox 674 817 1133 864; baseline 0.002 -12"><span class='ocrx_word' id='word_1_65' title='bbox 674 817 824 864; x_wconf 78' lang='lat' dir='ltr'>Scripta</span> <span class='ocrx_word' id='word_1_66' title='bbox 849 829 944 852; x_wconf 80' lang='lat' dir='ltr'>enno</span> <span class='ocrx_word' id='word_1_67' title='bbox 971 818 1133 853; x_wconf 79' lang='lat' dir='ltr'>incerto.</span> 
     </span>
     <span class='ocr_line' id='line_1_11' title="bbox 545 886 1262 933; baseline 0.001 -12"><span class='ocrx_word' id='word_1_68' title='bbox 545 886 660 921; x_wconf 87' lang='lat' dir='ltr'>Curio</span> <span class='ocrx_word' id='word_1_69' title='bbox 688 887 732 933; x_wconf 86' lang='lat' dir='ltr'>Q.</span> <span class='ocrx_word' id='word_1_70' title='bbox 759 886 982 933; x_wconf 85' lang='lat' dir='ltr'>Pompeium</span> <span class='ocrx_word' id='word_1_71' title='bbox 1008 887 1262 923; x_wconf 79' lang='lat' dir='ltr'>commendat.</span> 
     </span>
    </p>
   </div>
   <div class='ocr_carea' id='block_1_5' title="bbox 500 973 1295 1013">
    <p class='ocr_par' dir='ltr' id='par_1_5' title="bbox 500 973 1295 1013">
     <span class='ocr_line' id='line_1_12' title="bbox 500 973 1295 1013; baseline 0.001 -2"><span class='ocrx_word' id='word_1_72' title='bbox 500 974 689 1012; x_wconf 83' lang='lat' dir='ltr'>CICERO</span> <span class='ocrx_word' id='word_1_73' title='bbox 731 973 887 1008; x_wconf 87' lang='lat' dir='ltr'>CURIO</span> <span class='ocrx_word' id='word_1_74' title='bbox 930 973 1136 1009; x_wconf 87' lang='lat' dir='ltr'>PROCOS.</span> <span class='ocrx_word' id='word_1_75' title='bbox 1171 973 1211 1009; x_wconf 90' lang='lat' dir='ltr'>S.</span> <span class='ocrx_word' id='word_1_76' title='bbox 1248 976 1295 1013; x_wconf 83' lang='lat' dir='ltr'>D.</span> 
     </span>
    </p>
   </div>
   <div class='ocr_carea' id='block_1_6' title="bbox 155 1040 1643 1266">
    <p class='ocr_par' dir='ltr' id='par_1_6' title="bbox 155 1040 1643 1266">
     <span class='ocr_line' id='line_1_13' title="bbox 268 1040 1641 1098; baseline -0.001 -14"><span class='ocrx_word' id='word_1_77' title='bbox 268 1043 326 1093; x_wconf 86' lang='lat' dir='ltr'>Q.</span> <span class='ocrx_word' id='word_1_78' title='bbox 367 1041 638 1098; x_wconf 80' lang='lat' dir='ltr'>Pompeius,</span> <span class='ocrx_word' id='word_1_79' title='bbox 690 1040 818 1084; x_wconf 85' lang='lat' dir='ltr'>Sext.</span> <span class='ocrx_word' id='word_1_80' title='bbox 849 1041 928 1093; x_wconf 83' lang='lat' dir='ltr'>F.,</span> <span class='ocrx_word' id='word_1_81' title='bbox 975 1042 1133 1083; x_wconf 87' lang='lat' dir='ltr'>multis</span> <span class='ocrx_word' id='word_1_82' title='bbox 1162 1045 1208 1083; x_wconf 91' lang='lat' dir='ltr'>et</span> <span class='ocrx_word' id='word_1_83' title='bbox 1235 1043 1464 1084; x_wconf 84' lang='lat' dir='ltr'>veteribus</span> <span class='ocrx_word' id='word_1_84' title='bbox 1494 1041 1641 1083; x_wconf 78' lang='lat' dir='ltr'>causis</span> 
     </span>
     <span class='ocr_line' id='line_1_14' title="bbox 156 1098 1643 1153; baseline -0.001 -12"><span class='ocrx_word' id='word_1_85' title='bbox 156 1099 500 1141; x_wconf 87' lang='lat' dir='ltr'>necessitudinis</span> <span class='ocrx_word' id='word_1_86' title='bbox 560 1098 677 1139; x_wconf 89' lang='lat' dir='ltr'>mihi</span> <span class='ocrx_word' id='word_1_87' title='bbox 735 1098 996 1139; x_wconf 88' lang='lat' dir='ltr'>coniunctus</span> <span class='ocrx_word' id='word_1_88' title='bbox 1037 1101 1120 1140; x_wconf 86' lang='lat' dir='ltr'>est.</span> <span class='ocrx_word' id='word_1_89' title='bbox 1194 1098 1265 1151; x_wconf 83' lang='lat' dir='ltr'>Is,</span> <span class='ocrx_word' id='word_1_90' title='bbox 1322 1112 1456 1153; x_wconf 91' lang='lat' dir='ltr'>quum</span> <span class='ocrx_word' id='word_1_91' title='bbox 1510 1101 1643 1139; x_wconf 86' lang='lat' dir='ltr'>antea</span> 
     </span>
     <span class='ocr_line' id='line_1_15' title="bbox 155 1153 1641 1208; baseline -0.002 -12"><span class='ocrx_word' id='word_1_92' title='bbox 155 1156 268 1197; x_wconf 89' lang='lat' dir='ltr'>meis</span> <span class='ocrx_word' id='word_1_93' title='bbox 308 1153 771 1196; x_wconf 83' lang='lat' dir='ltr'>commendationibus</span> <span class='ocrx_word' id='word_1_94' title='bbox 809 1157 855 1194; x_wconf 90' lang='lat' dir='ltr'>et</span> <span class='ocrx_word' id='word_1_95' title='bbox 894 1167 988 1194; x_wconf 90' lang='lat' dir='ltr'>rem</span> <span class='ocrx_word' id='word_1_96' title='bbox 1026 1159 1072 1194; x_wconf 90' lang='lat' dir='ltr'>et</span> <span class='ocrx_word' id='word_1_97' title='bbox 1100 1155 1292 1208; x_wconf 85' lang='lat' dir='ltr'>gratiam</span> <span class='ocrx_word' id='word_1_98' title='bbox 1323 1158 1369 1196; x_wconf 91' lang='lat' dir='ltr'>et</span> <span class='ocrx_word' id='word_1_99' title='bbox 1397 1154 1641 1195; x_wconf 82' lang='lat' dir='ltr'>auctorita-</span> 
     </span>
     <span class='ocr_line' id='line_1_16' title="bbox 155 1209 1641 1266; baseline -0.001 -14"><span class='ocrx_word' id='word_1_100' title='bbox 155 1216 245 1252; x_wconf 88' lang='lat' dir='ltr'>tem</span> <span class='ocrx_word' id='word_1_101' title='bbox 284 1223 410 1252; x_wconf 86' lang='lat' dir='ltr'>suam</span> <span class='ocrx_word' id='word_1_102' title='bbox 449 1210 566 1251; x_wconf 90' lang='lat' dir='ltr'>tueri</span> <span class='ocrx_word' id='word_1_103' title='bbox 606 1209 858 1263; x_wconf 78' lang='lat' dir='ltr'>consuerit,</span> <span class='ocrx_word' id='word_1_104' title='bbox 888 1222 1007 1251; x_wconf 87' lang='lat' dir='ltr'>nunc</span> <span class='ocrx_word' id='word_1_105' title='bbox 1034 1209 1256 1265; x_wconf 85' lang='lat' dir='ltr'>profecto,</span> <span class='ocrx_word' id='word_1_106' title='bbox 1285 1214 1332 1252; x_wconf 90' lang='lat' dir='ltr'>te</span> <span class='ocrx_word' id='word_1_107' title='bbox 1360 1210 1641 1266; x_wconf 87' lang='lat' dir='ltr'>provinciam</span> 
     </span>
    </p>
   </div>
   <div class='ocr_carea' id='block_1_7' title="bbox 150 1363 1636 1413">
    <p class='ocr_par' dir='ltr' id='par_1_7' title="bbox 150 1363 1636 1413">
     <span class='ocr_line' id='line_1_17' title="bbox 150 1363 1636 1413; baseline -0.001 -10"><span class='ocrx_word' id='word_1_108' title='bbox 150 1367 315 1413; x_wconf 71' lang='lat' dir='ltr'>deinceps</span> <span class='ocrx_word' id='word_1_109' title='bbox 340 1382 390 1401; x_wconf 69' lang='grc' dir='ltr'>ε.-</span> <span class='ocrx_word' id='word_1_110' title='bbox 415 1368 585 1403; x_wconf 80' lang='lat' dir='ltr'>hernach</span> <span class='ocrx_word' id='word_1_111' title='bbox 617 1380 652 1404; x_wconf 88' lang='lat' dir='ltr'>u.</span> <span class='ocrx_word' id='word_1_112' title='bbox 685 1380 786 1403; x_wconf 81' lang='lat' dir='ltr'>zwar</span> <span class='ocrx_word' id='word_1_113' title='bbox 816 1367 916 1402; x_wconf 84' lang='lat' dir='ltr'>nach</span> <span class='ocrx_word' id='word_1_114' title='bbox 949 1368 1157 1411; x_wconf 84' lang='lat' dir='ltr'>einander,</span> <span class='ocrx_word' id='word_1_115' title='bbox 1192 1367 1306 1412; x_wconf 79' lang='grc' dir='ltr'><em>ἑξείης</em></span> <span class='ocrx_word' id='word_1_116' title='bbox 1341 1370 1391 1412; x_wconf 88' lang='lat' dir='ltr'>(s.</span> <span class='ocrx_word' id='word_1_117' title='bbox 1416 1363 1582 1403; x_wconf 63' lang='lat' dir='ltr'>Ramsh.</span> <span class='ocrx_word' id='word_1_118' title='bbox 1601 1368 1636 1412; x_wconf 80' lang='lat'>§.</span> 
     </span>
    </p>
   </div>
   <div class='ocr_carea' id='block_1_8' title="bbox 153 1412 1739 1463">
    <p class='ocr_par' dir='ltr' id='par_1_8' title="bbox 153 1412 1739 1463">
     <span class='ocr_line' id='line_1_18' title="bbox 153 1412 1739 1463; baseline -0.002 -11"><span class='ocrx_word' id='word_1_119' title='bbox 153 1420 248 1460; x_wconf 81' lang='lat'>177).</span> <span class='ocrx_word' id='word_1_120' title='bbox 297 1417 360 1452; x_wconf 81' lang='lat' dir='ltr'>Sic</span> <span class='ocrx_word' id='word_1_121' title='bbox 394 1417 476 1452; x_wconf 84' lang='lat' dir='ltr'>Md.</span> <span class='ocrx_word' id='word_1_122' title='bbox 508 1428 624 1463; x_wconf 74' lang='lat' dir='ltr'>marg.</span> <span class='ocrx_word' id='word_1_123' title='bbox 657 1418 758 1451; x_wconf 86' lang='lat' dir='ltr'>Crat.</span> <span class='ocrx_word' id='word_1_124' title='bbox 788 1418 891 1451; x_wconf 84' lang='lat' dir='ltr'>Vict.</span> <span class='ocrx_word' id='word_1_125' title='bbox 926 1419 957 1451; x_wconf 90' lang='lat'>1.</span> <span class='ocrx_word' id='word_1_126' title='bbox 985 1419 1018 1453; x_wconf 86' lang='lat'>2.</span> <span class='ocrx_word' id='word_1_127' title='bbox 1053 1418 1186 1452; x_wconf 84' lang='lat' dir='ltr'>Lamb.</span> <span class='ocrx_word' id='word_1_128' title='bbox 1221 1418 1360 1453; x_wconf 81' lang='lat' dir='ltr'>Graev.</span> <span class='ocrx_word' id='word_1_129' title='bbox 1395 1417 1520 1451; x_wconf 79' lang='lat' dir='ltr'>deinde</span> <span class='ocrx_word' id='word_1_130' title='bbox 1551 1427 1670 1460; x_wconf 37' lang='lat' dir='ltr'>quae*</span> <span class='ocrx_word' id='word_1_131' title='bbox 1736 1412 1739 1415; x_wconf 61' lang='grc'><em>’</em></span> 
     </span>
    </p>
   </div>
   <div class='ocr_carea' id='block_1_9' title="bbox 143 1463 1639 1945">
    <p class='ocr_par' dir='ltr' id='par_1_9' title="bbox 145 1463 1639 1752">
     <span class='ocr_line' id='line_1_19' title="bbox 149 1463 1639 1512; baseline -0.002 -12"><span class='ocrx_word' id='word_1_132' title='bbox 149 1467 268 1512; x_wconf 79' lang='lat' dir='ltr'>Neap.</span> <span class='ocrx_word' id='word_1_133' title='bbox 295 1465 377 1501; x_wconf 81' lang='lat' dir='ltr'>Asc.</span> <span class='ocrx_word' id='word_1_134' title='bbox 404 1468 439 1503; x_wconf 71' lang='lat'>1.</span> <span class='ocrx_word' id='word_1_135' title='bbox 470 1467 569 1501; x_wconf 83' lang='lat' dir='ltr'>Crat.</span> <span class='ocrx_word' id='word_1_136' title='bbox 603 1466 837 1510; x_wconf 79' lang='lat' dir='ltr'>deincepsque</span> <span class='ocrx_word' id='word_1_137' title='bbox 871 1464 962 1499; x_wconf 88' lang='lat' dir='ltr'>Cdd.</span> <span class='ocrx_word' id='word_1_138' title='bbox 997 1466 1083 1511; x_wconf 83' lang='lat' dir='ltr'>aliq.</span> <span class='ocrx_word' id='word_1_139' title='bbox 1117 1467 1206 1499; x_wconf 88' lang='lat' dir='ltr'>Ern.</span> <span class='ocrx_word' id='word_1_140' title='bbox 1245 1465 1389 1503; x_wconf 74' lang='lat' dir='ltr'>Bened.</span> <span class='ocrx_word' id='word_1_141' title='bbox 1423 1463 1510 1499; x_wconf 90' lang='lat' dir='ltr'>Sch.</span> <span class='ocrx_word' id='word_1_142' title='bbox 1543 1465 1639 1500; x_wconf 71' lang='lat' dir='ltr'>Liin.</span> 
     </span>
     <span class='ocr_line' id='line_1_20' title="bbox 150 1512 1638 1560; baseline -0.003 -11"><span class='ocrx_word' id='word_1_143' title='bbox 150 1514 349 1550; x_wconf 81' lang='lat' dir='ltr'>ORELLI.</span> <span class='ocrx_word' id='word_1_144' title='bbox 381 1532 429 1538; x_wconf 87' lang='lat'>--·</span> <span class='ocrx_word' id='word_1_145' title='bbox 463 1515 513 1548; x_wconf 81' lang='lat' dir='ltr'>ad</span> <span class='ocrx_word' id='word_1_146' title='bbox 536 1514 623 1548; x_wconf 75' lang='lat' dir='ltr'>exit.</span> <span class='ocrx_word' id='word_1_147' title='bbox 650 1525 739 1556; x_wconf 79' lang='lat' dir='ltr'>aug.</span> <span class='ocrx_word' id='word_1_148' title='bbox 769 1518 803 1547; x_wconf 79' lang='lat' dir='ltr'>et</span> <span class='ocrx_word' id='word_1_149' title='bbox 827 1524 939 1557; x_wconf 76' lang='lat' dir='ltr'>cum,</span> <span class='ocrx_word' id='word_1_150' title='bbox 974 1525 1090 1560; x_wconf 80' lang='lat' dir='ltr'>gegen</span> <span class='ocrx_word' id='word_1_151' title='bbox 1119 1514 1183 1547; x_wconf 88' lang='lat' dir='ltr'>das</span> <span class='ocrx_word' id='word_1_152' title='bbox 1209 1514 1314 1548; x_wconf 88' lang='lat' dir='ltr'>Ende</span> <span class='ocrx_word' id='word_1_153' title='bbox 1341 1513 1405 1547; x_wconf 88' lang='lat' dir='ltr'>des</span> <span class='ocrx_word' id='word_1_154' title='bbox 1433 1512 1638 1547; x_wconf 69' lang='lat' dir='ltr'>Geschsfts</span> 
     </span>
     <span class='ocr_line' id='line_1_21' title="bbox 148 1560 1637 1608; baseline -0.002 -12"><span class='ocrx_word' id='word_1_155' title='bbox 148 1562 221 1600; x_wconf 68' lang='grc'><strong>(1.5.</strong></span> <span class='ocrx_word' id='word_1_156' title='bbox 236 1563 282 1596; x_wconf 83' lang='lat' dir='ltr'>da</span> <span class='ocrx_word' id='word_1_157' title='bbox 302 1574 342 1596; x_wconf 90' lang='lat' dir='ltr'>es</span> <span class='ocrx_word' id='word_1_158' title='bbox 355 1562 436 1596; x_wconf 84' lang='lat' dir='ltr'>sich</span> <span class='ocrx_word' id='word_1_159' title='bbox 451 1563 576 1597; x_wconf 84' lang='lat' dir='ltr'>seiner</span> <span class='ocrx_word' id='word_1_160' title='bbox 591 1563 806 1596; x_wconf 81' lang='lat' dir='ltr'>Endschaft</span> <span class='ocrx_word' id='word_1_161' title='bbox 821 1560 972 1605; x_wconf 58' lang='lat' dir='ltr'>nahert,</span> <span class='ocrx_word' id='word_1_162' title='bbox 987 1563 1212 1608; x_wconf 85' lang='lat' dir='ltr'>verdoppelt</span> <span class='ocrx_word' id='word_1_163' title='bbox 1228 1574 1263 1597; x_wconf 89' lang='lat' dir='ltr'>u.</span> <span class='ocrx_word' id='word_1_164' title='bbox 1277 1563 1479 1608; x_wconf 85' lang='lat' dir='ltr'>gesteigert</span> <span class='ocrx_word' id='word_1_165' title='bbox 1499 1560 1637 1602; x_wconf 85' lang='lat' dir='ltr'>werde,</span> 
     </span>
     <span class='ocr_line' id='line_1_22' title="bbox 146 1609 1636 1657; baseline -0.001 -13"><span class='ocrx_word' id='word_1_166' title='bbox 146 1611 197 1644; x_wconf 83' lang='lat' dir='ltr'>ad</span> <span class='ocrx_word' id='word_1_167' title='bbox 204 1611 339 1645; x_wconf 70' lang='lat' dir='ltr'>exitum</span> <span class='ocrx_word' id='word_1_168' title='bbox 353 1611 479 1657; x_wconf 84' lang='lat' dir='ltr'>gleich</span> <span class='ocrx_word' id='word_1_169' title='bbox 495 1612 564 1645; x_wconf 90' lang='lat' dir='ltr'>den</span> <span class='ocrx_word' id='word_1_170' title='bbox 574 1612 751 1645; x_wconf 85' lang='lat' dir='ltr'>Formeln</span> <span class='ocrx_word' id='word_1_171' title='bbox 769 1610 816 1643; x_wconf 80' lang='lat' dir='ltr'>ad</span> <span class='ocrx_word' id='word_1_172' title='bbox 832 1617 1050 1654; x_wconf 78' lang='lat' dir='ltr'>extremum,</span> <span class='ocrx_word' id='word_1_173' title='bbox 1068 1611 1113 1645; x_wconf 84' lang='lat' dir='ltr'>ad</span> <span class='ocrx_word' id='word_1_174' title='bbox 1124 1617 1372 1657; x_wconf 81' lang='lat' dir='ltr'>postremum,</span> <span class='ocrx_word' id='word_1_175' title='bbox 1388 1610 1436 1643; x_wconf 79' lang='lat' dir='ltr'>ad</span> <span class='ocrx_word' id='word_1_176' title='bbox 1446 1609 1636 1644; x_wconf 83' lang='lat' dir='ltr'>ultimum.</span> 
     </span>
     <span class='ocr_line' id='line_1_23' title="bbox 145 1658 1634 1705; baseline -0.001 -13"><span class='ocrx_word' id='word_1_177' title='bbox 145 1677 193 1685; x_wconf 89' lang='lat'><em>-</em></span> <span class='ocrx_word' id='word_1_178' title='bbox 210 1659 354 1703; x_wconf 83' lang='lat' dir='ltr'>Pomp.,</span> <span class='ocrx_word' id='word_1_179' title='bbox 380 1660 444 1694; x_wconf 91' lang='lat' dir='ltr'>cui</span> <span class='ocrx_word' id='word_1_180' title='bbox 471 1671 560 1694; x_wconf 88' lang='lat' dir='ltr'>cum</span> <span class='ocrx_word' id='word_1_181' title='bbox 582 1661 627 1696; x_wconf 85' lang='lat' dir='ltr'>L.</span> <span class='ocrx_word' id='word_1_182' title='bbox 657 1659 824 1693; x_wconf 86' lang='lat' dir='ltr'>Lucceio</span> <span class='ocrx_word' id='word_1_183' title='bbox 841 1660 957 1693; x_wconf 84' lang='lat' dir='ltr'>etiam</span> <span class='ocrx_word' id='word_1_184' title='bbox 973 1660 1155 1705; x_wconf 82' lang='lat' dir='ltr'>pecuniae</span> <span class='ocrx_word' id='word_1_185' title='bbox 1181 1660 1453 1693; x_wconf 86' lang='lat' dir='ltr'>commercium</span> <span class='ocrx_word' id='word_1_186' title='bbox 1480 1658 1565 1691; x_wconf 83' lang='lat' dir='ltr'>fuit.</span> <span class='ocrx_word' id='word_1_187' title='bbox 1591 1675 1634 1683; x_wconf 90' lang='lat'>·-—</span> 
     </span>
     <span class='ocr_line' id='line_1_24' title="bbox 145 1707 1637 1752; baseline -0.001 -10"><span class='ocrx_word' id='word_1_188' title='bbox 145 1711 246 1752; x_wconf 74' lang='lat' dir='ltr'>teque</span> <span class='ocrx_word' id='word_1_189' title='bbox 272 1719 332 1751; x_wconf 83' lang='lat' dir='ltr'>ap.</span> <span class='ocrx_word' id='word_1_190' title='bbox 359 1718 421 1742; x_wconf 79' lang='lat' dir='ltr'>eos</span> <span class='ocrx_word' id='word_1_191' title='bbox 444 1719 503 1752; x_wconf 79' lang='lat' dir='ltr'>pr.</span> <span class='ocrx_word' id='word_1_192' title='bbox 528 1708 744 1752; x_wconf 69' lang='lat' dir='ltr'>positurum,</span> <span class='ocrx_word' id='word_1_193' title='bbox 780 1707 894 1751; x_wconf 88' lang='lat' dir='ltr'>„und</span> <span class='ocrx_word' id='word_1_194' title='bbox 919 1707 1001 1742; x_wconf 86' lang='lat' dir='ltr'>dass</span> <span class='ocrx_word' id='word_1_195' title='bbox 1027 1709 1087 1743; x_wconf 91' lang='lat' dir='ltr'>Du</span> <span class='ocrx_word' id='word_1_196' title='bbox 1112 1720 1152 1743; x_wconf 87' lang='lat' dir='ltr'>es</span> <span class='ocrx_word' id='word_1_197' title='bbox 1176 1708 1238 1742; x_wconf 87' lang='lat' dir='ltr'>bei</span> <span class='ocrx_word' id='word_1_198' title='bbox 1262 1708 1376 1742; x_wconf 87' lang='lat' dir='ltr'>ihuen</span> <span class='ocrx_word' id='word_1_199' title='bbox 1401 1707 1508 1741; x_wconf 83' lang='lat' dir='ltr'>wohl</span> <span class='ocrx_word' id='word_1_200' title='bbox 1533 1707 1637 1740; x_wconf 80' lang='lat' dir='ltr'>anle-</span> 
     </span>
    </p>

    <p class='ocr_par' dir='ltr' id='par_1_10' title="bbox 143 1754 1638 1945">
     <span class='ocr_line' id='line_1_25' title="bbox 174 1754 1637 1802; baseline -0.001 -13"><span class='ocrx_word' id='word_1_201' title='bbox 174 1767 220 1789; x_wconf 89' lang='lat' dir='ltr'>en</span> <span class='ocrx_word' id='word_1_202' title='bbox 245 1756 398 1797; x_wconf 85' lang='lat' dir='ltr'>wirst,“</span> <span class='ocrx_word' id='word_1_203' title='bbox 430 1756 559 1802; x_wconf 84' lang='lat' dir='ltr'>gleich</span> <span class='ocrx_word' id='word_1_204' title='bbox 585 1756 708 1790; x_wconf 89' lang='lat' dir='ltr'>einem</span> <span class='ocrx_word' id='word_1_205' title='bbox 737 1756 925 1802; x_wconf 85' lang='lat' dir='ltr'>Capitale,</span> <span class='ocrx_word' id='word_1_206' title='bbox 962 1757 1025 1790; x_wconf 86' lang='lat' dir='ltr'>das</span> <span class='ocrx_word' id='word_1_207' title='bbox 1058 1757 1185 1791; x_wconf 85' lang='lat' dir='ltr'>sicher</span> <span class='ocrx_word' id='word_1_208' title='bbox 1211 1754 1514 1801; x_wconf 72' lang='lat' dir='ltr'>nutet-gebracht</span> <span class='ocrx_word' id='word_1_209' title='bbox 1537 1755 1637 1787; x_wconf 88' lang='lat' dir='ltr'>seine</span> 
     </span>
     <span class='ocr_line' id='line_1_26' title="bbox 143 1767 1638 1851; baseline -0.001 -14"><span class='ocrx_word' id='word_1_210' title='bbox 143 1767 281 1838; x_wconf 62' lang='lat' dir='ltr'>{insen</span> <span class='ocrx_word' id='word_1_211' title='bbox 306 1806 419 1850; x_wconf 65' lang='lat' dir='ltr'>tragt.</span> <span class='ocrx_word' id='word_1_212' title='bbox 473 1822 515 1830; x_wconf 92' lang='lat'>—</span> <span class='ocrx_word' id='word_1_213' title='bbox 567 1805 675 1848; x_wconf 80' lang='lat' dir='ltr'>deque</span> <span class='ocrx_word' id='word_1_214' title='bbox 700 1803 758 1838; x_wconf 75' lang='lat' dir='ltr'>his</span> <span class='ocrx_word' id='word_1_215' title='bbox 783 1814 888 1848; x_wconf 57' lang='lat' dir='ltr'>neg„</span> <span class='ocrx_word' id='word_1_216' title='bbox 924 1805 999 1839; x_wconf 85' lang='lat' dir='ltr'>und</span> <span class='ocrx_word' id='word_1_217' title='bbox 1032 1805 1126 1839; x_wconf 71' lang='lat' dir='ltr'>iiber</span> <span class='ocrx_word' id='word_1_218' title='bbox 1157 1803 1290 1838; x_wconf 89' lang='lat' dir='ltr'>mehre</span> <span class='ocrx_word' id='word_1_219' title='bbox 1316 1803 1430 1839; x_wconf 82' lang='lat' dir='ltr'>dahin</span> <span class='ocrx_word' id='word_1_220' title='bbox 1457 1803 1638 1851; x_wconf 71' lang='lat' dir='ltr'>gehon-ige</span> 
     </span>
     <span class='ocr_line' id='line_1_27' title="bbox 145 1850 1636 1897; baseline -0.001 -12"><span class='ocrx_word' id='word_1_221' title='bbox 145 1851 284 1897; x_wconf 84' lang='lat' dir='ltr'>Dinge.</span> <span class='ocrx_word' id='word_1_222' title='bbox 328 1871 374 1877; x_wconf 94' lang='lat'><strong>—</strong></span> <span class='ocrx_word' id='word_1_223' title='bbox 425 1851 557 1896; x_wconf 60' lang='lat' dir='ltr'>dilig„</span> <span class='ocrx_word' id='word_1_224' title='bbox 594 1851 862 1886; x_wconf 59' lang='lat' dir='ltr'>umstzindlich.</span> <span class='ocrx_word' id='word_1_225' title='bbox 888 1871 933 1877; x_wconf 94' lang='lat'>—</span> <span class='ocrx_word' id='word_1_226' title='bbox 956 1854 1086 1897; x_wconf 78' lang='lat' dir='ltr'>paucis</span> <span class='ocrx_word' id='word_1_227' title='bbox 1111 1857 1194 1887; x_wconf 79' lang='lat' dir='ltr'>ante</span> <span class='ocrx_word' id='word_1_228' title='bbox 1219 1852 1311 1886; x_wconf 75' lang='lat' dir='ltr'>dieb.</span> <span class='ocrx_word' id='word_1_229' title='bbox 1364 1851 1400 1886; x_wconf 89' lang='lat' dir='ltr'>S.</span> <span class='ocrx_word' id='word_1_230' title='bbox 1427 1850 1582 1888; x_wconf 82' lang='lat' dir='ltr'>Ramsb.</span> <span class='ocrx_word' id='word_1_231' title='bbox 1607 1853 1636 1896; x_wconf 63' lang='grc' dir='ltr'>ξ,</span> 
     </span>
     <span class='ocr_line' id='line_1_28' title="bbox 147 1901 752 1945; baseline -0.003 -10"><span class='ocrx_word' id='word_1_232' title='bbox 147 1901 229 1944; x_wconf 74' lang='grc'><strong>146,</strong></span> <span class='ocrx_word' id='word_1_233' title='bbox 255 1901 342 1933; x_wconf 89' lang='lat' dir='ltr'>Not.</span> <span class='ocrx_word' id='word_1_234' title='bbox 369 1901 403 1936; x_wconf 88' lang='lat'>2.</span> <span class='ocrx_word' id='word_1_235' title='bbox 430 1901 579 1936; x_wconf 82' lang='lat' dir='ltr'>Grotef.</span> <span class='ocrx_word' id='word_1_236' title='bbox 608 1901 643 1945; x_wconf 54' lang='grc' dir='ltr'><strong>ᾖ.</strong></span> <span class='ocrx_word' id='word_1_237' title='bbox 669 1901 752 1935; x_wconf 82' lang='grc'><strong>331.</strong></span> 
     </span>
    </p>
   </div>
   <div class='ocr_carea' id='block_1_10' title="bbox 142 1966 1637 2352">
    <p class='ocr_par' dir='ltr' id='par_1_11' title="bbox 142 1966 1637 2352">
     <span class='ocr_line' id='line_1_29' title="bbox 242 1966 1635 2014; baseline -0.001 -11"><span class='ocrx_word' id='word_1_238' title='bbox 242 1968 402 2004; x_wconf 82' lang='lat' dir='ltr'>GURIO</span> <span class='ocrx_word' id='word_1_239' title='bbox 425 1968 625 2003; x_wconf 80' lang='lat' dir='ltr'>PROCOS.</span> <span class='ocrx_word' id='word_1_240' title='bbox 676 1967 938 2001; x_wconf 79' lang='lat' dir='ltr'>Proconsulari</span> <span class='ocrx_word' id='word_1_241' title='bbox 970 1966 1157 2014; x_wconf 85' lang='lat' dir='ltr'>imperio,</span> <span class='ocrx_word' id='word_1_242' title='bbox 1192 1967 1260 2002; x_wconf 86' lang='lat' dir='ltr'>etsi</span> <span class='ocrx_word' id='word_1_243' title='bbox 1290 1966 1424 2001; x_wconf 85' lang='lat' dir='ltr'>consul</span> <span class='ocrx_word' id='word_1_244' title='bbox 1448 1976 1522 1999; x_wconf 85' lang='lat' dir='ltr'>non</span> <span class='ocrx_word' id='word_1_245' title='bbox 1548 1967 1635 2010; x_wconf 79' lang='lat' dir='ltr'>fuit,</span> 
     </span>
     <span class='ocr_line' id='line_1_30' title="bbox 144 2016 1637 2063; baseline -0.001 -12"><span class='ocrx_word' id='word_1_246' title='bbox 144 2017 377 2063; x_wconf 79' lang='lat' dir='ltr'>provinciam</span> <span class='ocrx_word' id='word_1_247' title='bbox 418 2017 607 2059; x_wconf 73' lang='lat' dir='ltr'>obtinuit-⁶,</span> <span class='ocrx_word' id='word_1_248' title='bbox 645 2027 758 2061; x_wconf 84' lang='lat' dir='ltr'>quam</span> <span class='ocrx_word' id='word_1_249' title='bbox 791 2022 916 2049; x_wconf 82' lang='lat' dir='ltr'>autem</span> <span class='ocrx_word' id='word_1_250' title='bbox 958 2016 1196 2060; x_wconf 80' lang='lat' dir='ltr'>provinciam</span> <span class='ocrx_word' id='word_1_251' title='bbox 1237 2021 1275 2048; x_wconf 88' lang='lat' dir='ltr'>et</span> <span class='ocrx_word' id='word_1_252' title='bbox 1310 2024 1383 2060; x_wconf 88' lang='lat' dir='ltr'>quo</span> <span class='ocrx_word' id='word_1_253' title='bbox 1416 2025 1514 2048; x_wconf 85' lang='lat' dir='ltr'>anno</span> <span class='ocrx_word' id='word_1_254' title='bbox 1547 2026 1637 2061; x_wconf 86' lang='lat' dir='ltr'>pro-</span> 
     </span>
     <span class='ocr_line' id='line_1_31' title="bbox 143 2063 1635 2111; baseline -0.001 -12"><span class='ocrx_word' id='word_1_255' title='bbox 143 2072 298 2111; x_wconf 78' lang='lat' dir='ltr'>praetor</span> <span class='ocrx_word' id='word_1_256' title='bbox 323 2066 484 2109; x_wconf 76' lang='lat' dir='ltr'>texerit,</span> <span class='ocrx_word' id='word_1_257' title='bbox 521 2076 598 2098; x_wconf 87' lang='lat' dir='ltr'>non</span> <span class='ocrx_word' id='word_1_258' title='bbox 625 2069 784 2098; x_wconf 83' lang='lat' dir='ltr'>constat.</span> <span class='ocrx_word' id='word_1_259' title='bbox 843 2064 1036 2098; x_wconf 83' lang='lat' dir='ltr'>Ernestius</span> <span class='ocrx_word' id='word_1_260' title='bbox 1062 2064 1218 2109; x_wconf 82' lang='lat' dir='ltr'>putabat</span> <span class='ocrx_word' id='word_1_261' title='bbox 1244 2074 1320 2096; x_wconf 87' lang='lat' dir='ltr'>esse</span> <span class='ocrx_word' id='word_1_262' title='bbox 1345 2063 1531 2105; x_wconf 85' lang='lat' dir='ltr'>eundem,</span> <span class='ocrx_word' id='word_1_263' title='bbox 1572 2064 1635 2109; x_wconf 87' lang='lat' dir='ltr'>qui</span> 
     </span>
     <span class='ocr_line' id='line_1_32' title="bbox 144 2108 1634 2159; baseline -0.002 -12"><span class='ocrx_word' id='word_1_264' title='bbox 144 2125 178 2147; x_wconf 79' lang='lat' dir='ltr'>a.</span> <span class='ocrx_word' id='word_1_265' title='bbox 204 2115 275 2150; x_wconf 84' lang='lat'>692</span> <span class='ocrx_word' id='word_1_266' title='bbox 301 2120 478 2159; x_wconf 80' lang='lat' dir='ltr'>quaestor</span> <span class='ocrx_word' id='word_1_267' title='bbox 504 2113 668 2147; x_wconf 79' lang='lat' dir='ltr'>urbanus</span> <span class='ocrx_word' id='word_1_268' title='bbox 695 2118 733 2145; x_wconf 87' lang='lat' dir='ltr'>et</span> <span class='ocrx_word' id='word_1_269' title='bbox 758 2123 790 2145; x_wconf 85' lang='lat' dir='ltr'>a.</span> <span class='ocrx_word' id='word_1_270' title='bbox 814 2113 885 2148; x_wconf 80' lang='lat'>697</span> <span class='ocrx_word' id='word_1_271' title='bbox 916 2112 1088 2146; x_wconf 85' lang='lat' dir='ltr'>tribunus</span> <span class='ocrx_word' id='word_1_272' title='bbox 1114 2112 1234 2157; x_wconf 83' lang='lat' dir='ltr'>plebis</span> <span class='ocrx_word' id='word_1_273' title='bbox 1260 2112 1348 2146; x_wconf 82' lang='lat' dir='ltr'>fuit.</span> <span class='ocrx_word' id='word_1_274' title='bbox 1380 2108 1383 2110; x_wconf 62' lang='grc'><strong>’</strong></span> <span class='ocrx_word' id='word_1_275' title='bbox 1407 2108 1497 2144; x_wconf 73' lang='lat' dir='ltr'>Vid-</span> <span class='ocrx_word' id='word_1_276' title='bbox 1526 2111 1634 2147; x_wconf 84' lang='lat' dir='ltr'>Orat.</span> 
     </span>
     <span class='ocr_line' id='line_1_33' title="bbox 142 2159 1634 2208; baseline -0.001 -13"><span class='ocrx_word' id='word_1_277' title='bbox 142 2173 203 2208; x_wconf 85' lang='lat' dir='ltr'>pr.</span> <span class='ocrx_word' id='word_1_278' title='bbox 238 2162 363 2196; x_wconf 83' lang='lat' dir='ltr'>Flacc.</span> <span class='ocrx_word' id='word_1_279' title='bbox 397 2174 430 2195; x_wconf 92' lang='lat' dir='ltr'>c.</span> <span class='ocrx_word' id='word_1_280' title='bbox 467 2163 523 2196; x_wconf 86' lang='lat'>13.</span> <span class='ocrx_word' id='word_1_281' title='bbox 550 2168 636 2207; x_wconf 86' lang='lat' dir='ltr'>post</span> <span class='ocrx_word' id='word_1_282' title='bbox 661 2160 790 2195; x_wconf 82' lang='lat' dir='ltr'>Redit.</span> <span class='ocrx_word' id='word_1_283' title='bbox 825 2160 866 2194; x_wconf 83' lang='lat' dir='ltr'>in</span> <span class='ocrx_word' id='word_1_284' title='bbox 901 2160 982 2194; x_wconf 84' lang='lat' dir='ltr'>Seu.</span> <span class='ocrx_word' id='word_1_285' title='bbox 1012 2173 1045 2195; x_wconf 89' lang='lat' dir='ltr'>c.</span> <span class='ocrx_word' id='word_1_286' title='bbox 1073 2162 1105 2195; x_wconf 83' lang='lat'>8.</span> <span class='ocrx_word' id='word_1_287' title='bbox 1162 2159 1317 2195; x_wconf 84' lang='lat' dir='ltr'>Excidit</span> <span class='ocrx_word' id='word_1_288' title='bbox 1353 2159 1449 2194; x_wconf 75' lang='lat' dir='ltr'>haec</span> <span class='ocrx_word' id='word_1_289' title='bbox 1475 2159 1634 2203; x_wconf 78' lang='lat' dir='ltr'>epistola</span> 
     </span>
     <span class='ocr_line' id='line_1_34' title="bbox 142 2207 1632 2249; baseline -0.001 -5"><span class='ocrx_word' id='word_1_290' title='bbox 142 2221 188 2244; x_wconf 83' lang='lat' dir='ltr'>ex</span> <span class='ocrx_word' id='word_1_291' title='bbox 221 2210 318 2246; x_wconf 86' lang='lat' dir='ltr'>Vict.</span> <span class='ocrx_word' id='word_1_292' title='bbox 344 2212 379 2244; x_wconf 83' lang='lat'>1.</span> <span class='ocrx_word' id='word_1_293' title='bbox 407 2211 440 2244; x_wconf 85' lang='lat'>2.</span> <span class='ocrx_word' id='word_1_294' title='bbox 491 2209 670 2244; x_wconf 81' lang='lat' dir='ltr'>Wieland</span> <span class='ocrx_word' id='word_1_295' title='bbox 695 2209 833 2249; x_wconf 80' lang='lat' dir='ltr'>meint,</span> <span class='ocrx_word' id='word_1_296' title='bbox 875 2219 913 2242; x_wconf 89' lang='lat' dir='ltr'>es</span> <span class='ocrx_word' id='word_1_297' title='bbox 945 2209 998 2242; x_wconf 85' lang='lat' dir='ltr'>sei</span> <span class='ocrx_word' id='word_1_298' title='bbox 1033 2209 1229 2242; x_wconf 84' lang='lat' dir='ltr'>vielleicht</span> <span class='ocrx_word' id='word_1_299' title='bbox 1254 2209 1348 2241; x_wconf 89' lang='lat' dir='ltr'>eben</span> <span class='ocrx_word' id='word_1_300' title='bbox 1375 2207 1441 2241; x_wconf 83' lang='lat' dir='ltr'>der</span> <span class='ocrx_word' id='word_1_301' title='bbox 1465 2207 1534 2245; x_wconf 73' lang='grc' dir='ltr'>Μ’.</span> <span class='ocrx_word' id='word_1_302' title='bbox 1563 2211 1632 2242; x_wconf 73' lang='lat' dir='ltr'>Cu-</span> 
     </span>
     <span class='ocr_line' id='line_1_35' title="bbox 142 2256 1632 2302; baseline 0 -10"><span class='ocrx_word' id='word_1_303' title='bbox 142 2259 235 2301; x_wconf 82' lang='lat' dir='ltr'>rius,</span> <span class='ocrx_word' id='word_1_304' title='bbox 262 2270 310 2291; x_wconf 91' lang='lat' dir='ltr'>zu</span> <span class='ocrx_word' id='word_1_305' title='bbox 338 2257 470 2291; x_wconf 86' lang='lat' dir='ltr'>dessen</span> <span class='ocrx_word' id='word_1_306' title='bbox 498 2258 669 2292; x_wconf 84' lang='lat' dir='ltr'>Gunsten</span> <span class='ocrx_word' id='word_1_307' title='bbox 698 2258 834 2291; x_wconf 87' lang='lat' dir='ltr'>Cicero</span> <span class='ocrx_word' id='word_1_308' title='bbox 859 2267 921 2302; x_wconf 84' lang='lat' dir='ltr'>ep.</span> <span class='ocrx_word' id='word_1_309' title='bbox 948 2257 995 2292; x_wconf 89' lang='lat'>50</span> <span class='ocrx_word' id='word_1_310' title='bbox 1021 2257 1084 2291; x_wconf 70' lang='lat' dir='ltr'>des</span> <span class='ocrx_word' id='word_1_311' title='bbox 1113 2258 1169 2292; x_wconf 80' lang='lat'>13.</span> <span class='ocrx_word' id='word_1_312' title='bbox 1196 2257 1238 2291; x_wconf 82' lang='lat' dir='ltr'>B.</span> <span class='ocrx_word' id='word_1_313' title='bbox 1264 2256 1310 2291; x_wconf 77' lang='lat' dir='ltr'>ad</span> <span class='ocrx_word' id='word_1_314' title='bbox 1326 2256 1410 2290; x_wconf 85' lang='lat' dir='ltr'>Div.</span> <span class='ocrx_word' id='word_1_315' title='bbox 1440 2256 1632 2300; x_wconf 85' lang='lat' dir='ltr'>(DCLIV)</span> 
     </span>
     <span class='ocr_line' id='line_1_36' title="bbox 143 2305 530 2352; baseline 0 -12"><span class='ocrx_word' id='word_1_316' title='bbox 143 2305 393 2352; x_wconf 85' lang='lat' dir='ltr'>geschrieben</span> <span class='ocrx_word' id='word_1_317' title='bbox 419 2305 530 2340; x_wconf 80' lang='lat' dir='ltr'>habe.</span> 
     </span>
    </p>
   </div>
   <div class='ocr_carea' id='block_1_11' title="bbox 145 2375 1632 2808">
    <p class='ocr_par' dir='ltr' id='par_1_12' title="bbox 145 2375 1632 2808">
     <span class='ocr_line' id='line_1_37' title="bbox 242 2375 1630 2422; baseline -0.004 -9"><span class='ocrx_word' id='word_1_318' title='bbox 242 2381 276 2413; x_wconf 81' lang='lat'>1.</span> <span class='ocrx_word' id='word_1_319' title='bbox 310 2381 343 2411; x_wconf 83' lang='lat' dir='ltr'>et</span> <span class='ocrx_word' id='word_1_320' title='bbox 370 2388 468 2418; x_wconf 80' lang='lat' dir='ltr'>rem,</span> <span class='ocrx_word' id='word_1_321' title='bbox 501 2378 575 2410; x_wconf 83' lang='lat' dir='ltr'>sein</span> <span class='ocrx_word' id='word_1_322' title='bbox 604 2379 827 2422; x_wconf 75' lang='lat' dir='ltr'>Vermogen.</span> <span class='ocrx_word' id='word_1_323' title='bbox 863 2394 909 2402; x_wconf 85' lang='lat'><em>-</em></span> <span class='ocrx_word' id='word_1_324' title='bbox 944 2375 1039 2408; x_wconf 71' lang='lat' dir='ltr'>tueri</span> <span class='ocrx_word' id='word_1_325' title='bbox 1065 2375 1103 2408; x_wconf 85' lang='lat' dir='ltr'>in</span> <span class='ocrx_word' id='word_1_326' title='bbox 1130 2382 1192 2409; x_wconf 84' lang='lat' dir='ltr'>tua</span> <span class='ocrx_word' id='word_1_327' title='bbox 1217 2375 1423 2421; x_wconf 78' lang='lat' dir='ltr'>provincia.</span> <span class='ocrx_word' id='word_1_328' title='bbox 1460 2394 1503 2400; x_wconf 86' lang='lat'><em>-</em></span> <span class='ocrx_word' id='word_1_329' title='bbox 1547 2386 1630 2409; x_wconf 79' lang='lat' dir='ltr'>con-</span> 
     </span>
     <span class='ocr_line' id='line_1_38' title="bbox 145 2423 1631 2467; baseline -0.003 -7"><span class='ocrx_word' id='word_1_330' title='bbox 145 2427 270 2460; x_wconf 75' lang='lat' dir='ltr'>suerit.</span> <span class='ocrx_word' id='word_1_331' title='bbox 307 2427 408 2459; x_wconf 83' lang='lat' dir='ltr'>Crat.</span> <span class='ocrx_word' id='word_1_332' title='bbox 445 2426 683 2459; x_wconf 69' lang='lat' dir='ltr'>consueverit.</span> <span class='ocrx_word' id='word_1_333' title='bbox 737 2445 780 2449; x_wconf 97' lang='lat'><strong>—</strong></span> <span class='ocrx_word' id='word_1_334' title='bbox 832 2428 866 2457; x_wconf 78' lang='lat' dir='ltr'>ie</span> <span class='ocrx_word' id='word_1_335' title='bbox 886 2434 989 2467; x_wconf 75' lang='lat' dir='ltr'>prov.</span> <span class='ocrx_word' id='word_1_336' title='bbox 1019 2424 1217 2466; x_wconf 77' lang='lat' dir='ltr'>obtinente,</span> <span class='ocrx_word' id='word_1_337' title='bbox 1267 2425 1340 2458; x_wconf 88' lang='lat' dir='ltr'>wie</span> <span class='ocrx_word' id='word_1_338' title='bbox 1373 2423 1631 2457; x_wconf 45' lang='lat' dir='ltr'>Processhslt</span> 
     </span>
     <span class='ocr_line' id='line_1_39' title="bbox 145 2471 1630 2511; baseline -0.003 -2"><span class='ocrx_word' id='word_1_339' title='bbox 145 2475 368 2509; x_wconf 77' lang='lat' dir='ltr'>Schmieder</span> <span class='ocrx_word' id='word_1_340' title='bbox 401 2473 439 2510; x_wconf 89' lang='lat' dir='ltr'>S.</span> <span class='ocrx_word' id='word_1_341' title='bbox 476 2476 544 2509; x_wconf 78' lang='lat'>178</span> <span class='ocrx_word' id='word_1_342' title='bbox 575 2475 639 2507; x_wconf 68' lang='lat' dir='ltr'>fur</span> <span class='ocrx_word' id='word_1_343' title='bbox 663 2473 799 2508; x_wconf 81' lang='lat' dir='ltr'>Nichts</span> <span class='ocrx_word' id='word_1_344' title='bbox 827 2473 879 2506; x_wconf 75' lang='lat' dir='ltr'>als</span> <span class='ocrx_word' id='word_1_345' title='bbox 904 2471 1062 2511; x_wconf 85' lang='lat' dir='ltr'>Schcrz,</span> <span class='ocrx_word' id='word_1_346' title='bbox 1100 2472 1187 2505; x_wconf 84' lang='lat' dir='ltr'>weil</span> <span class='ocrx_word' id='word_1_347' title='bbox 1220 2473 1286 2505; x_wconf 83' lang='grc' dir='ltr'><strong>Μ’.</strong></span> <span class='ocrx_word' id='word_1_348' title='bbox 1315 2472 1450 2506; x_wconf 82' lang='lat' dir='ltr'>Curius</span> <span class='ocrx_word' id='word_1_349' title='bbox 1482 2471 1566 2504; x_wconf 83' lang='lat' dir='ltr'>sich</span> <span class='ocrx_word' id='word_1_350' title='bbox 1592 2472 1630 2504; x_wconf 83' lang='lat' dir='ltr'>in</span> 
     </span>
     <span class='ocr_line' id='line_1_40' title="bbox 147 2520 1632 2567; baseline -0.002 -12"><span class='ocrx_word' id='word_1_351' title='bbox 147 2523 288 2556; x_wconf 78' lang='lat' dir='ltr'>Achaia</span> <span class='ocrx_word' id='word_1_352' title='bbox 324 2534 363 2556; x_wconf 85' lang='lat' dir='ltr'>so</span> <span class='ocrx_word' id='word_1_353' title='bbox 399 2523 504 2567; x_wconf 82' lang='lat' dir='ltr'>lange</span> <span class='ocrx_word' id='word_1_354' title='bbox 537 2523 784 2566; x_wconf 82' lang='lat' dir='ltr'>ausgehalten</span> <span class='ocrx_word' id='word_1_355' title='bbox 819 2533 853 2554; x_wconf 92' lang='lat' dir='ltr'>u.</span> <span class='ocrx_word' id='word_1_356' title='bbox 893 2520 1028 2555; x_wconf 77' lang='lat' dir='ltr'>Cicero</span> <span class='ocrx_word' id='word_1_357' title='bbox 1061 2521 1140 2554; x_wconf 79' lang='lat' dir='ltr'>ihm</span> <span class='ocrx_word' id='word_1_358' title='bbox 1166 2520 1235 2553; x_wconf 82' lang='lat' dir='ltr'>den</span> <span class='ocrx_word' id='word_1_359' title='bbox 1263 2521 1310 2564; x_wconf 75' lang='lat' dir='ltr'>Q,</span> <span class='ocrx_word' id='word_1_360' title='bbox 1338 2520 1536 2564; x_wconf 81' lang='lat' dir='ltr'>Pompeius</span> <span class='ocrx_word' id='word_1_361' title='bbox 1562 2531 1632 2552; x_wconf 84' lang='lat' dir='ltr'>nur</span> 
     </span>
     <span class='ocr_line' id='line_1_41' title="bbox 149 2568 1629 2613; baseline -0.002 -9"><span class='ocrx_word' id='word_1_362' title='bbox 149 2583 193 2604; x_wconf 84' lang='lat' dir='ltr'>zu</span> <span class='ocrx_word' id='word_1_363' title='bbox 219 2570 607 2605; x_wconf 77' lang='lat' dir='ltr'>sreundschaftlichen</span> <span class='ocrx_word' id='word_1_364' title='bbox 642 2571 824 2603; x_wconf 84' lang='lat' dir='ltr'>Dienstcn</span> <span class='ocrx_word' id='word_1_365' title='bbox 858 2568 1076 2613; x_wconf 83' lang='lat' dir='ltr'>cmpsohlen</span> <span class='ocrx_word' id='word_1_366' title='bbox 1112 2569 1218 2602; x_wconf 81' lang='lat' dir='ltr'>habe.</span> <span class='ocrx_word' id='word_1_367' title='bbox 1269 2569 1315 2602; x_wconf 81' lang='lat' dir='ltr'>So</span> <span class='ocrx_word' id='word_1_368' title='bbox 1343 2570 1442 2601; x_wconf 64' lang='lat' dir='ltr'>wilre</span> <span class='ocrx_word' id='word_1_369' title='bbox 1469 2569 1533 2601; x_wconf 87' lang='lat' dir='ltr'>der</span> <span class='ocrx_word' id='word_1_370' title='bbox 1560 2570 1629 2601; x_wconf 81' lang='lat' dir='ltr'>Cu-</span> 
     </span>
     <span class='ocr_line' id='line_1_42' title="bbox 149 2615 1629 2661; baseline -0.003 -9"><span class='ocrx_word' id='word_1_371' title='bbox 149 2619 242 2657; x_wconf 83' lang='lat' dir='ltr'>rius,</span> <span class='ocrx_word' id='word_1_372' title='bbox 284 2631 329 2652; x_wconf 81' lang='lat' dir='ltr'>an</span> <span class='ocrx_word' id='word_1_373' title='bbox 365 2619 528 2653; x_wconf 81' lang='lat' dir='ltr'>welchen</span> <span class='ocrx_word' id='word_1_374' title='bbox 563 2619 686 2652; x_wconf 82' lang='lat' dir='ltr'>dieser</span> <span class='ocrx_word' id='word_1_375' title='bbox 719 2617 827 2651; x_wconf 73' lang='lat' dir='ltr'>Brief</span> <span class='ocrx_word' id='word_1_376' title='bbox 849 2615 1041 2661; x_wconf 82' lang='lat' dir='ltr'>gerichtct</span> <span class='ocrx_word' id='word_1_377' title='bbox 1067 2617 1127 2658; x_wconf 79' lang='lat' dir='ltr'>ist,</span> <span class='ocrx_word' id='word_1_378' title='bbox 1156 2617 1214 2649; x_wconf 88' lang='lat' dir='ltr'>cin</span> <span class='ocrx_word' id='word_1_379' title='bbox 1242 2628 1278 2650; x_wconf 90' lang='lat' dir='ltr'>u.</span> <span class='ocrx_word' id='word_1_380' title='bbox 1305 2616 1466 2649; x_wconf 83' lang='lat' dir='ltr'>dieselbe</span> <span class='ocrx_word' id='word_1_381' title='bbox 1493 2617 1629 2649; x_wconf 82' lang='lat' dir='ltr'>Person</span> 
     </span>
     <span class='ocr_line' id='line_1_43' title="bbox 151 2664 1629 2710; baseline -0.003 -10"><span class='ocrx_word' id='word_1_382' title='bbox 151 2668 220 2700; x_wconf 81' lang='lat' dir='ltr'>mit</span> <span class='ocrx_word' id='word_1_383' title='bbox 243 2669 310 2701; x_wconf 88' lang='grc' dir='ltr'><strong>Μ’.</strong></span> <span class='ocrx_word' id='word_1_384' title='bbox 337 2669 488 2710; x_wconf 83' lang='lat' dir='ltr'>Curius,</span> <span class='ocrx_word' id='word_1_385' title='bbox 523 2679 569 2701; x_wconf 80' lang='lat' dir='ltr'>an</span> <span class='ocrx_word' id='word_1_386' title='bbox 597 2666 764 2699; x_wconf 84' lang='lat' dir='ltr'>welchen</span> <span class='ocrx_word' id='word_1_387' title='bbox 793 2665 928 2699; x_wconf 89' lang='lat' dir='ltr'>Cicero</span> <span class='ocrx_word' id='word_1_388' title='bbox 955 2664 1025 2697; x_wconf 85' lang='lat' dir='ltr'>den</span> <span class='ocrx_word' id='word_1_389' title='bbox 1052 2666 1132 2705; x_wconf 56' lang='lat'>28„</span> <span class='ocrx_word' id='word_1_390' title='bbox 1166 2667 1252 2705; x_wconf 77' lang='lat'>30.,</span> <span class='ocrx_word' id='word_1_391' title='bbox 1284 2665 1341 2698; x_wconf 83' lang='lat'>31.</span> <span class='ocrx_word' id='word_1_392' title='bbox 1369 2664 1429 2696; x_wconf 91' lang='lat' dir='ltr'>Br.</span> <span class='ocrx_word' id='word_1_393' title='bbox 1458 2664 1521 2696; x_wconf 89' lang='lat' dir='ltr'>des</span> <span class='ocrx_word' id='word_1_394' title='bbox 1550 2665 1629 2697; x_wconf 62' lang='lat' dir='ltr'>VII.</span> 
     </span>
     <span class='ocr_line' id='line_1_44' title="bbox 150 2711 1630 2756; baseline -0.003 -7"><span class='ocrx_word' id='word_1_395' title='bbox 150 2714 276 2749; x_wconf 83' lang='lat' dir='ltr'>Buchs</span> <span class='ocrx_word' id='word_1_396' title='bbox 314 2716 361 2748; x_wconf 83' lang='lat' dir='ltr'>ad</span> <span class='ocrx_word' id='word_1_397' title='bbox 394 2717 524 2749; x_wconf 73' lang='lat' dir='ltr'>Famil.</span> <span class='ocrx_word' id='word_1_398' title='bbox 565 2716 621 2749; x_wconf 85' lang='lat' dir='ltr'>od.</span> <span class='ocrx_word' id='word_1_399' title='bbox 651 2714 933 2755; x_wconf 83' lang='lat' dir='ltr'>CCCCLXXH,</span> <span class='ocrx_word' id='word_1_400' title='bbox 961 2712 1116 2746; x_wconf 88' lang='lat' dir='ltr'>DCLIll</span> <span class='ocrx_word' id='word_1_401' title='bbox 1144 2724 1177 2746; x_wconf 91' lang='lat' dir='ltr'>u.</span> <span class='ocrx_word' id='word_1_402' title='bbox 1205 2712 1382 2747; x_wconf 90' lang='lat' dir='ltr'>DCLVII</span> <span class='ocrx_word' id='word_1_403' title='bbox 1408 2711 1495 2745; x_wconf 84' lang='lat' dir='ltr'>dies.</span> <span class='ocrx_word' id='word_1_404' title='bbox 1523 2711 1630 2756; x_wconf 78' lang='lat' dir='ltr'>Ausg.</span> 
     </span>
     <span class='ocr_line' id='line_1_45' title="bbox 152 2760 1627 2808; baseline -0.001 -12"><span class='ocrx_word' id='word_1_405' title='bbox 152 2763 397 2808; x_wconf 69' lang='lat' dir='ltr'>geschriebcn</span> <span class='ocrx_word' id='word_1_406' title='bbox 424 2764 502 2806; x_wconf 77' lang='lat' dir='ltr'>hat,</span> <span class='ocrx_word' id='word_1_407' title='bbox 532 2776 565 2799; x_wconf 89' lang='lat' dir='ltr'>u.</span> <span class='ocrx_word' id='word_1_408' title='bbox 594 2764 658 2798; x_wconf 84' lang='lat' dir='ltr'>der</span> <span class='ocrx_word' id='word_1_409' title='bbox 685 2774 731 2795; x_wconf 79' lang='lat' dir='ltr'>an</span> <span class='ocrx_word' id='word_1_410' title='bbox 759 2763 895 2797; x_wconf 88' lang='lat' dir='ltr'>Cicero</span> <span class='ocrx_word' id='word_1_411' title='bbox 922 2761 990 2794; x_wconf 88' lang='lat' dir='ltr'>den</span> <span class='ocrx_word' id='word_1_412' title='bbox 1017 2763 1076 2798; x_wconf 76' lang='lat'>29.</span> <span class='ocrx_word' id='word_1_413' title='bbox 1102 2763 1164 2796; x_wconf 86' lang='lat' dir='ltr'>Br.</span> <span class='ocrx_word' id='word_1_414' title='bbox 1193 2761 1256 2794; x_wconf 82' lang='lat' dir='ltr'>des</span> <span class='ocrx_word' id='word_1_415' title='bbox 1287 2760 1367 2794; x_wconf 90' lang='lat' dir='ltr'>Vll.</span> <span class='ocrx_word' id='word_1_416' title='bbox 1396 2761 1436 2793; x_wconf 81' lang='grc' dir='ltr'><strong>Β.</strong></span> <span class='ocrx_word' id='word_1_417' title='bbox 1464 2760 1509 2793; x_wconf 76' lang='lat' dir='ltr'>ad</span> <span class='ocrx_word' id='word_1_418' title='bbox 1529 2762 1627 2794; x_wconf 72' lang='lat' dir='ltr'>Fam.</span> 
     </span>
    </p>
   </div>
   <div class='ocr_carea' id='block_1_12' title="bbox 1707 1904 1742 2435">
    <p class='ocr_par' dir='ltr' id='par_1_13' title="bbox 1707 1904 1742 2435">
     <span class='ocr_line' id='line_1_46' title="bbox 1707 1904 1742 2435; baseline 0 571"><span class='ocrx_word' id='word_1_419' title='bbox 1707 1904 1742 2435; x_wconf 95' lang='lat' dir='ltr'> </span> 
     </span>
    </p>
   </div>
   <div class='ocr_carea' id='block_1_13' title="bbox 1710 2435 1732 2486">
    <p class='ocr_par' dir='ltr' id='par_1_14' title="bbox 1710 2435 1732 2486">
     <span class='ocr_line' id='line_1_47' title="bbox 1710 2435 1728 2450; baseline -0.111 0"><span class='ocrx_word' id='word_1_420' title='bbox 1710 2435 1728 2450; x_wconf 60' lang='grc' dir='ltr'>[Χ</span> 
     </span>
     <span class='ocr_line' id='line_1_48' title="bbox 1714 2452 1732 2486; baseline 0 0"><span class='ocrx_word' id='word_1_421' title='bbox 1714 2452 1732 2486; x_wconf 64' lang='lat'>*2</span> 
     </span>
    </p>
   </div>
   <div class='ocr_carea' id='block_1_14' title="bbox 1698 2485 1734 2991">
    <p class='ocr_par' dir='ltr' id='par_1_15' title="bbox 1698 2485 1734 2991">
     <span class='ocr_line' id='line_1_49' title="bbox 1698 2485 1734 2991; textangle 90"><span class='ocrx_word' id='word_1_422' title='bbox 1698 2979 1706 2991; x_wconf 69' lang='lat'>‘-</span> <span class='ocrx_word' id='word_1_423' title='bbox 1699 2774 1731 2969; x_wconf 41' lang='lat' dir='ltr'>*sa-&amp;4:522</span> <span class='ocrx_word' id='word_1_424' title='bbox 1700 2575 1730 2762; x_wconf 32' lang='lat' dir='ltr'>..zena-m·</span> <span class='ocrx_word' id='word_1_425' title='bbox 1709 2485 1734 2564; x_wconf 38' lang='grc' dir='ltr'><strong>κρῖ..</strong></span> 
     </span>
    </p>
   </div>
  </div>
 </body>
</html>
