1742 3006
177 95 271 144 292
466 94 529 138 M.
564 94 618 137 Τ.
651 91 989 136 CICERONIS
1020 92 1393 139 EPISTOLAE.

179 212 354 252 ornatas
395 220 488 248 esse
533 205 781 260 provincias
819 205 1168 260 designatorum:
1210 210 1297 258 ιη,χ
1320 219 1451 262 quum
1490 206 1534 247 in
1573 206 1658 250 hoc

178 267 261 307 illa
289 262 560 312 constantia,
600 274 710 316 quae
739 266 833 303 erat
863 275 962 303 mea
991 274 1124 302 causa
1161 267 1391 316 suscepta,
1430 262 1658 306 imminuta

180 323 263 374 sit,
305 319 413 360 nihil
443 319 531 358 iam
561 317 699 371 possit
727 331 814 358 non
851 317 1042 358 decerni.
1111 316 1200 371 Iis,
1241 317 1299 358 ad
1337 331 1446 373 quos
1474 318 1659 360 relatum

183 382 274 426 est,
305 374 459 415 amicis
487 373 727 426 placuisse,
766 387 850 414 non
890 373 1051 413 mirum
1093 377 1172 414 est.
1240 373 1353 415 Erat
1392 373 1509 415 enim
1538 373 1658 415 diffi-

182 433 268 473 cile
297 429 514 484 reperire,
553 429 628 483 qui
669 433 824 470 contra
861 431 982 469 tanta
1020 429 1253 470 commoda
1291 429 1477 471 duorum
1507 443 1660 471 consu-

181 490 271 528 lum
299 487 443 539 palam
473 484 734 526 sententiam
765 484 946 525 diceret.
1016 483 1121 525 Fuit
1149 485 1325 526 omnino
1354 485 1542 526 difficile
1573 499 1661 527 non

181 542 360 596 obsequi
388 540 456 582 vel
487 541 757 581 amicissimo
787 539 978 592 homini,
1010 539 1224 593 Lentulo,
1254 542 1324 583 vel
1349 541 1556 594 Metello,
1586 542 1660 596 qui

180 599 446 640 simultatem
475 595 786 637 humanissime
815 595 1064 650 deponeret.
1137 595 1225 637 Sed
1254 611 1437 650 vereor,
1467 611 1549 649 ne,
1578 597 1660 639 hos

181 660 328 695 tamen
377 657 525 693 tenere
575 653 869 706 potuerimus,
928 652 1128 693 tribunos
1186 652 1322 705 plebis
1373 653 1661 695 amiserimus.

180 710 304 751 Haec
335 722 404 750 res
434 708 799 763 quemadmodum
831 708 1042 749 ceciderit
1071 712 1115 748 et
1144 711 1237 749 tota
1267 722 1336 749 res
1359 723 1444 762 quo
1468 709 1566 751 loco
1587 710 1661 757 sit,

179 766 314 806 velim
345 765 401 804 ad
432 777 501 804 me
532 765 699 805 scribas
730 768 772 805 et
801 765 888 814 ita,
919 769 968 805 ut
997 763 1239 805 instituisti.
1298 763 1413 805 Nam
1443 764 1529 806 ista
1548 765 1660 806 veri-

181 831 273 872 tas,
314 820 486 861 etiamsi
528 820 566 859 si
606 820 795 861 iucunda
835 833 920 861 non
961 825 1051 871 est,
1086 818 1202 860 mihi
1243 823 1390 862 tamen
1418 824 1543 874 grata
1581 824 1660 862 est.

180 878 282 918 Dat.
318 876 396 917 [V.
427 874 495 917 Id.
532 876 767 918 Decembr.

399 1044 717 1087 EPISTOLA
758 1045 1038 1087 LXXXIII.
1100 1046 1208 1095 (Λᾶ.
1240 1045 1324 1087 III.
1354 1045 1442 1094 25.)

262 1122 341 1155 Ser.
368 1120 605 1167 Dyrrhachii
634 1131 758 1153 mense
787 1120 985 1154 Decembr.
1012 1119 1054 1155 Α.
1081 1121 1125 1155 U.
1153 1121 1193 1155 c.
1221 1122 1301 1156 696.
1354 1123 1400 1161 (a.
1430 1121 1469 1153 c,
1496 1121 1571 1162 58.)

175 1188 291 1222 Attici
335 1188 534 1222 discessum
582 1187 627 1220 ab
669 1186 762 1220 urbe
813 1187 865 1220 sic
909 1187 1201 1232 interpretatur,
1255 1187 1325 1221 sibi
1367 1187 1408 1220 in
1448 1186 1663 1221 calamitate

727 1234 992 1269 tabescendum
1026 1246 1114 1270 esse.

688 1315 868 1351 elcERo
918 1315 1100 1351 ATTxco
1150 1315 1188 1352 S.
1679 1356 1683 1360 N

289 1390 313 1437 -ι-
343 1385 455 1427 Post
484 1388 607 1427 tuum
637 1396 663 1425 a
691 1396 762 1425 me
792 1383 1035 1425 discessum
1065 1382 1222 1425 literae
1251 1381 1361 1424 mihi
1387 1381 1536 1425 Roma
1563 1382 1666 1425 alla-

178 1507 247 1545 est,
281 1501 402 1536 durch
430 1503 556 1537 diesen
582 1502 790 1550 voreiligen
827 1501 973 1537 Schritt
999 1503 1173 1537 vereitelt
1198 1501 1257 1536 ist.
1285 1520 1329 1526 —-
1363 1501 1569 1544 designat„
1604 1500 1686 1550 (ὶίεεζ

177 1551 423 1598 Ausstattung
448 1551 516 1585 der
542 1551 746 1585 Provinzen
774 1552 876 1585 ward
903 1557 1005 1585 sonst
1030 1552 1081 1585 im
1103 1550 1222 1585 Rathe
1250 1555 1327 1583 erst
1351 1559 1664 1596 vorgenommen‚

177 1609 284 1632 waun
309 1598 370 1632 die
395 1599 629 1644 designirten
657 1600 822 1633 Consuln
855 1611 890 1632 u.
917 1600 1096 1633 Pr'atoren
1128 1599 1193 1631 ihr
1226 1597 1315 1630 Amt
1346 1596 1465 1631 sehon
1491 1603 1665 1642 angetre—

176 1652 241 1680 ten
267 1645 410 1682 hatten.
447 1667 491 1672 —
524 1647 731 1690 imminuta,
764 1648 866 1680 Man.
898 1647 1027 1682 Lamb.
1054 1647 1243 1680 immutata
1276 1644 1340 1684 sit,
1377 1645 1421 1678 da
1455 1644 1562 1678 iener
1596 1645 1664 1678 Be-

177 1694 340 1735 schluss‚
377 1695 445 1729 der
477 1694 588 1729 einen
613 1706 652 1729 so
679 1693 924 1728 standhaften
950 1695 1107 1728 Willen
1133 1695 1201 1727 fiir
1227 1693 1350 1726 meine
1377 1691 1494 1726 Sache
1519 1691 1667 1726 ankiin-

177 1741 303 1787 digte‚
331 1741 454 1776 durch
473 1743 600 1777 diesen
621 1744 804 1790 Vox-gang
829 1754 907 1776 nun
934 1743 1104 1776 einmahl
1129 1740 1357 1788 entkr'a'ftigt
1382 1740 1440 1774 ist.
1467 1759 1511 1765 -—-
1537 1745 1575 1773 ut
1591 1765 1601 1777 .
1622 1765 1631 1774 .
1650 1767 1663 1777 ,

177 1789 271 1822 nillil
297 1813 306 1823 .
334 1813 345 1824 .
374 1815 383 1824 .
409 1801 482 1824 nou
507 1790 663 1833 decerni,
690 1801 727 1824 so
746 1790 825 1823 dass
851 1791 928 1824 also
957 1815 965 1823 .
988 1815 996 1824 .
1018 1817 1027 1827 .
1056 1789 1149 1823 eher
1167 1789 1265 1822 Alles
1283 1788 1432 1832 andere,
1460 1789 1513 1822 als
1538 1788 1663 1822 meino

179 1836 321 1878 Sache,
351 1849 437 1871 vom
463 1840 596 1873 Senate
613 1838 715 1871 kann
742 1837 985 1882 ausgemacht
1000 1838 1156 1872 werden
1176 1849 1212 1870 u.
1229 1837 1353 1870 meine
1366 1836 1665 1883 Riickberufung

178 1885 220 1918 in
232 1885 523 1932 Vergessenheit
542 1887 723 1934 gerathen
740 1887 851 1919 wird.
876 1907 918 1912 —
945 1887 1011 1919 Iis.
1041 1887 1134 1920 lens.
1150 1886 1228 1918 Asc.
1256 1888 1285 1919 l.
1304 1885 1408 1918 Crat.
1429 1884 1558 1918 hamb.
1585 1885 1666 1917 Iam

180 1932 249 1967 his.
279 1951 321 1957 -—
348 1934 475 1967 mirum
502 1939 565 1968 est.
600 1934 661 1968 Sic
687 1940 790 1968 recte
816 1935 945 1974 Lami).
976 1934 1073 1969 Vict.
1101 1935 1133 1969 2.
1159 1935 1241 1966 Bos.
1268 1933 1401 1966 mirum
1426 1932 1460 1965 si
1485 1933 1563 1967 Md.
1592 1932 1664 1966 Ox.

183 1984 217 2018 1.
243 1981 374 2014 mirum
399 1982 448 2015 sit
473 1982 680 2016 Helmstad.
707 1983 817 2018 Rom,
846 1984 924 2015 Asc.
956 1985 984 2016 1.
1015 1983 1119 2017 Crat.
1149 1982 1245 2017 vict.
1276 1984 1305 2015 1.
1334 1981 1472 2014 Graev.
1499 1982 1668 2020 (utrum-

182 2039 255 2072 que
282 2035 505 2075 corruptum
532 2041 552 2063 e
578 2032 706 2075 script.
735 2031 933 2070 mirumst.)
967 2030 1099 2062 mirum
1130 2029 1223 2062 lens.
1257 2029 1348 2062 Ern.
1382 2027 1469 2062 sch.
1504 2029 1665 2062 Liinem.

183 2077 383 2114 ORELLI.
433 2079 555 2120 „Dass
582 2076 804 2125 Dieienigen
832 2080 979 2111 meiner
1010 2078 1200 2115 Freunde‚
1238 2077 1299 2110 bei
1325 2077 1445 2110 denen
1471 2087 1557 2109 man
1584 2075 1668 2109 dar-

181 2126 251 2157 auf
273 2132 429 2171 antrug‚
456 2125 543 2160 ihre
568 2126 847 2172 Einvvilligung
873 2127 965 2159 dazu
990 2126 1158 2173 gegeben
1184 2124 1327 2165 haben,
1363 2124 1540 2158 wundert
1563 2122 1670 2157 mich

182 2171 331 2206 nicht.“
366 2190 408 2197 κ
442 2184 511 2206 non
542 2174 708 2218 obsequi,
744 2173 853 2207 nicht
887 2174 1045 2222 gefffllig
1078 2186 1123 2206 zu
1155 2173 1244 2206 sein.
1278 2172 1495 2206 amicissimo
1519 2170 1670 2205 bezieht

182 2219 264 2253 sich
290 2221 358 2254 auf
382 2221 545 2255 Lentulo.
573 2241 615 2246 —
644 2222 704 2265 qui
730 2235 778 2252 z
805 2233 918 2265 quum
942 2222 971 2255 is
990 2247 998 2255 .
1018 2245 1025 2253 .
1047 2247 1054 2255 .
1073 2222 1278 2264 deponeret,
1305 2221 1350 2254 da
1370 2231 1410 2254 er
1426 2219 1553 2253 seinen
1569 2220 1667 2253 alten

184 2268 298 2302 Groll
325 2279 448 2317 geg-en
475 2269 578 2303 mich
604 2271 672 2303 auf
695 2270 754 2303 die
782 2271 920 2303 edelste
944 2269 1012 2303 Art
1031 2269 1206 2313 abgelegt
1222 2268 1304 2305 hat.
1331 2287 1376 2294 —
1403 2273 1525 2302 tamen
1550 2271 1668 2300 tenere

183 2329 209 2350 s.
236 2315 396 2359 habere,
424 2318 494 2350 auf
516 2329 671 2352 unser-er
694 2319 792 2352 Seite
817 2317 946 2351 haben.
996 2318 1047 2351 Es
1073 2317 1120 2350 ist
1146 2316 1231 2350 hier
1256 2316 1320 2350 das
1345 2326 1417 2350 vor
1438 2319 1511 2359 pot.
1538 2324 1670 2361 ausge-

183 2366 392 2398 lassene.ut
417 2378 467 2396 z
494 2371 656 2411 gesetzt,
691 2366 789 2408 dass,
823 2376 933 2399 wenn
968 2365 1081 2398 auch:
1114 2365 1187 2398 wie
1222 2366 1352 2398 Horat.
1386 2364 1458 2408 Ep.
1492 2363 1522 2405 1,
1549 2365 1582 2403 1,
1608 2362 1667 2403 58,

184 2413 250 2447 59:
287 2412 388 2454 „Sed
421 2413 494 2455 (ut)
520 2413 802 2458 quadringentis
829 2424 893 2447 nex
918 2419 1059 2458 septem
1086 2412 1206 2446 millia
1232 2412 1373 2453 desint,
1411 2410 1516 2444 Plebs
1548 2409 1671 2443 eris.“

186 2460 275 2493 ibid.
303 2473 338 2494 v.
365 2460 428 2495 28:
464 2459 580 2503 „Non
611 2463 725 2505 possis
751 2461 861 2494 oculo
888 2467 1069 2505 quantum
1104 2460 1333 2494 contendere
1360 2459 1550 2503 Lynceus,
1582 2457 1670 2491 Non

186 2514 314 2541 tamen
341 2507 485 2542 idcirco
512 2514 729 2542 contemnas
755 2509 879 2553 lippus
905 2508 1083 2555 inungi.“
1132 2507 1197 2541 Sic
1214 2508 1298 2544 Md.
1329 2507 1418 2540 Cdd.
1446 2505 1535 2539 noti.
1562 2505 1669 2539 Rom.
1726 2507 1733 2519 ⁸

187 2556 291 2592 Vict.
320 2558 354 2592 1.
381 2557 413 2591 2.
442 2556 522 2590 Bos.
551 2556 684 2591 Graev.
713 2555 865 2590 Schiitz.
892 2556 957 2590 Itos
982 2565 1087 2600 quum
1118 2559 1241 2589 tenere
1266 2557 1362 2589 lens.
1388 2554 1473 2590 Asc.
1501 2556 1536 2588 1.
1563 2553 1666 2586 Crat.

189 2603 319 2638 Lamb.
347 2602 410 2636 hos
441 2614 545 2647 quum
578 2608 697 2638 tamen
734 2609 861 2637 tenere.
895 2605 990 2638 Ern.
1025 2603 1124 2640 coni.
1162 2605 1316 2637 Liinem.
1352 2600 1548 2636 ORELLI.
1585 2599 1666 2634 Vid.

188 2650 255 2693 lv,
277 2652 307 2683 l.
335 2669 377 2674 —
404 2651 482 2690 ita,
508 2656 545 2685 ut
569 2653 672 2695 inst„
699 2653 724 2686 i.
749 2662 778 2684 e.
806 2653 939 2695 plane,
963 2652 1031 2686 mit
1058 2651 1202 2685 Deiner
1226 2650 1440 2695 bisherigen
1467 2646 1667 2683 Offenheit.

189 2716 234 2724 —-
259 2698 333 2731 IV.
361 2698 415 2730 Id.
442 2698 552 2742 Dea,
580 2712 640 2734 am
668 2702 775 2734 loten
801 2700 892 2735 Dec.

286 2748 316 2781 1.
346 2745 431 2778 Post
457 2750 553 2781 tuum
579 2758 601 2781 a
626 2758 689 2781 me.
717 2750 805 2781 Voc.
834 2759 856 2781 a
881 2758 936 2781 me
961 2747 1006 2781 ‹le
1040 2748 1143 2782 Man.
1173 2753 1209 2782 et
1237 2746 1391 2784 corrad.
1420 2754 1522 2789 susp.
1550 2742 1667 2776 delev-
