1742 3006
572 66 894 110 EPISTOLA
925 68 1087 111 XXX.
1498 67 1586 116 133

92 182 139 221 in
170 180 338 222 laboris
370 194 423 221 ac
452 180 666 232 muneris,
698 192 784 220 non
816 182 984 220 temere
1015 180 1104 221 uisi
1136 179 1314 221 libertis
1345 182 1437 222 suis
1456 181 1581 223 dese-

94 238 281 285 rebant3
340 236 498 291 quibus
536 236 612 275 illi
650 235 834 290 quidem
878 248 965 275 non
1009 237 1153 277 multo
1182 249 1312 277 secus
1353 250 1406 277 ac
1436 240 1580 279 servis

93 294 387 346 imperabant.
459 291 531 331 Sit
568 291 705 332 lictor
743 305 830 331 non
861 303 991 342 suae,
1022 291 1104 331 sed
1135 296 1236 334 tuae
1267 293 1470 335 lenitatis
1500 306 1577 348 ap-

94 349 292 403 paritor:
323 347 582 401 maioraque
614 346 871 401 praeferant
902 345 1048 389 fasces
1079 346 1153 388 illi
1182 362 1237 389 ac
1266 361 1445 391 secures
1476 349 1575 404 dig-

93 404 252 445 nitatis
283 402 492 456 insignia,
523 416 656 457 quam
686 402 939 457 potestatis.
1016 402 1127 444 Toti
1158 403 1353 459 denique
1382 407 1443 447 sit
1472 419 1573 460 pro-

93 461 269 500 vinciae
299 459 528 513 cognitum
560 459 645 499 tibi
679 459 900 510 omnium,
950 459 1108 514 quibus
1138 462 1334 513 praesis,
1374 462 1574 514 salutem,

92 516 275 568 liberos,
306 514 486 566 samam,
518 513 723 555 fortunas
754 528 850 555 esse
881 515 1154 556 carissimas.
1221 516 1428 572 Denique
1459 517 1573 559 haec

92 572 245 626 opinio
276 571 361 622 sit,
392 583 479 610 non
510 570 643 611 modo
674 571 746 621 iis,
776 571 853 625 qui
885 571 1059 626 aliquid
1089 572 1375 625 acceperint,
1406 573 1483 614 sed
1514 574 1572 614 iis

90 628 242 679 etiam,
272 627 350 680 qui
380 626 606 679 dederint,
637 630 680 667 te
712 627 960 678 inimicum,
992 627 1030 667 si
1061 626 1108 666 id
1139 629 1420 682 cognoveris,
1450 629 1570 670 futu-

90 697 199 723 rum.
285 682 443 737 Neque
473 696 581 724 vero
612 683 848 737 quisquam
879 682 1028 734 dabit,
1070 696 1204 736 quum
1235 684 1323 724 erit
1353 684 1440 726 hoc
1469 698 1569 739 per—

88 742 305 794 spectum,
336 738 453 779 nihil
485 752 565 793 per
594 752 696 789 eos,
727 739 805 793 qui
836 739 1049 779 simulant
1078 751 1125 779 se
1155 739 1274 794 apud
1305 743 1349 781 te
1379 741 1569 782 multum

89 808 244 850 posse,
274 796 351 836 abs
380 799 426 836 te
456 795 603 835 solere
633 795 881 849 impetrari.
948 794 1046 835 Nec
1084 798 1231 836 tamen
1271 794 1386 837 haec
1424 797 1637 841 oratiolll

91 865 191 892 mea
220 855 288 892 est
317 851 564 902 eiusmodi,
594 854 645 891 ut
675 854 719 891 te
751 851 797 891 in
828 854 928 891 tuos
958 854 1035 892 aut
1065 850 1225 891 durum
1256 865 1352 892 esse
1383 852 1570 893 nimium

89 911 166 948 aut
195 907 491 961 suspiciosum
521 904 673 948 velim.
732 905 848 947 Nam
878 907 915 946 si
947 907 1049 961 quis
1080 910 1148 947 est
1178 920 1345 958 eorum,
1376 909 1455 962 qui
1485 909 1571 949 tibi

87 963 259 1006 biennii
287 962 435 1017 spatio
465 976 688 1016 nunquam
720 962 766 1003 in
797 962 1095 1016 suspicionem
1127 963 1348 1004 avaritiae
1377 963 1571 1015 venerit,

87 1042 141 1048 -
178 1023 227 1059 ut
265 1032 347 1072 ego
379 1019 587 1060 Caesium
629 1023 675 1059 et
703 1018 1010 1073 Chaerippum
1051 1021 1097 1059 et
1124 1017 1380 1060 Labeonem
1421 1023 1466 1060 et
1495 1032 1571 1061 au-

87 1074 164 1115 dio
195 1078 254 1127 et,
285 1075 392 1130 quia
421 1074 631 1130 cognovi,
662 1075 895 1126 existimo,
923 1097 978 1103 —
1008 1073 1125 1116 nihil
1145 1080 1228 1126 est,
1257 1075 1379 1129 quod
1409 1089 1496 1116 non
1526 1079 1572 1116 et

88 1132 145 1172 iis
175 1135 220 1172 et
250 1131 289 1171 si
319 1131 421 1186 quis
451 1136 521 1172 est
549 1131 667 1172 alius
698 1130 1025 1171 eiusdemmodi
1055 1133 1102 1171 et
1132 1132 1356 1172 committi
1375 1135 1420 1172 et
1443 1131 1570 1172 credi

89 1187 342 1228 rectissime
381 1191 546 1242 putem.
616 1187 708 1228 Sed
738 1188 777 1227 si
809 1187 910 1241 quis
941 1191 1024 1239 est,
1055 1188 1102 1226 in
1132 1201 1220 1242 quo
1250 1188 1340 1228 iam
1371 1187 1570 1229 offende-

88 1244 174 1295 ris,
205 1242 261 1284 de
293 1258 382 1299 quo
412 1243 588 1298 aliquid
618 1243 836 1291 senseris3
866 1242 976 1283 huic
1005 1242 1124 1283 nihil
1156 1243 1432 1296 credideris,
1472 1244 1571 1284 nul-

87 1300 177 1340 lam
206 1304 380 1353 partem
411 1300 767 1341 existimationis
795 1302 897 1339 tuae
928 1299 1222 1340 commiseris.

197 1368 254 1410 V.
313 1369 365 1409 In
395 1368 632 1422 provincia
660 1382 768 1409 vero
799 1368 921 1420 ipsa,
961 1368 1000 1408 si
1031 1382 1161 1423 quem
1191 1381 1238 1409 es
1270 1371 1451 1420 nactus,
1493 1369 1572 1422 qui
1587 1372 1638 1413 15

88 1428 134 1465 in
166 1428 286 1465 tuam
330 1424 693 1465 familiaritatem
724 1424 899 1479 penitus
930 1423 1140 1477 intrarit,
1186 1424 1262 1479 qui
1302 1425 1430 1466 nobis
1469 1428 1573 1466 ante

86 1584 301 1617 Richtbeile
338 1583 376 1616 in
411 1583 478 1615 der
511 1582 646 1621 Mitte,
683 1594 760 1616 vor.
796 1601 840 1607 —
868 1593 938 1615 non
963 1593 1049 1616 suae
1075 1583 1243 1616 lenitatis
1277 1595 1302 1616 s.
1337 1581 1501 1616 iustitiae
1534 1581 1574 1613 iu

86 1631 345 1666 moderatione
371 1631 700 1664 animadvextendi.
751 1631 840 1664 Vid.
866 1632 965 1676 Part.
995 1643 1047 1663 or.
1076 1643 1107 1664 c.
1134 1634 1191 1666 22.
1219 1633 1349 1675 Itaque
1376 1629 1576 1675 praecipit,

85 1687 124 1714 ut
150 1681 326 1726 Quintus,
353 1679 384 1712 si
409 1680 498 1713 velit
523 1681 562 1712 in
589 1678 925 1713 animadvertendo
951 1678 1074 1712 lenior
1101 1691 1190 1722 esse,
1215 1680 1253 1713 id
1281 1680 1359 1724 ipse
1385 1679 1577 1719 decernat,

86 1740 159 1762 non
191 1740 333 1774 poenae
370 1729 672 1762 moderationem
703 1728 832 1761 lictori
864 1739 928 1761 suo
964 1728 1172 1773 permittat.
1229 1722 1447 1762 SCHUTZ.
1503 1727 1576 1760 Ein

87 1778 232 1811 solclier
258 1777 366 1812 liesse
393 1777 474 1810 sich
503 1783 628 1820 sonst,
659 1777 729 1810 wie
766 1776 926 1816 Sestius,
961 1776 1026 1809 der
1060 1776 1192 1809 Lictor
1225 1776 1289 1809 des
1322 1779 1476 1816 Verres,
1511 1775 1577 1808 fiir

87 1826 321 1871 Annieldung
355 1826 428 1858 und
462 1826 662 1870 Zulassung
696 1837 782 1858 zum
816 1828 958 1865 Herm,
997 1825 1061 1861 fiir
1087 1825 1315 1871 Milderung
1352 1825 1418 1857 der
1450 1823 1576 1856 Folter

89 1875 179 1908 oder
224 1875 289 1908 des
324 1874 587 1914 Hinrichtens‚
628 1874 722 1907 kurz
755 1875 820 1906 fiir
854 1873 953 1906 Alles
987 1874 1180 1910 bezahlen,
1239 1874 1363 1906 *SVozu
1395 1873 1473 1905 also
1507 1873 1578 1905 mit

88 1923 241 1957 Ursinus
264 1934 335 1956 non
359 1933 446 1956 suae
470 1923 643 1956 saevitiae
679 1922 770 1955 oder
803 1922 873 1955 mit
900 1922 1048 1955 Ernesti
1082 1921 1295 1960 voluntatis,
1333 1921 1405 1953 wie
1439 1920 1577 1954 vorher

89 1973 189 2005 heim
215 1971 360 2016 Ringe‚
386 1971 601 2005 verbessern
629 1970 798 2004 wollen‘?
831 1989 875 1996 --
903 1981 1022 2011 cmm,
1056 1981 1088 2014 q.
1113 1970 1257 2014 praesis
1281 1967 1521 2004 Umschreib.
1549 1969 1574 2001 f.

91 2021 214 2053 aller
240 2020 381 2052 Deiner
408 2021 712 2065 Untergebenen,
740 2018 775 2052 S.
803 2017 958 2052 Ramsh.
986 2020 1019 2063 §.
1046 2019 1116 2053 203
1142 2019 1214 2058 ΙΙΙ,
1242 2018 1278 2053 2.
1307 2037 1350 2043 --
1377 2027 1446 2050 non
1472 2017 1578 2051 modo

88 2069 199 2102 iis...
227 2068 291 2101 sed
315 2067 386 2108 iis,
421 2068 523 2102 Med.
551 2068 668 2101 his...
700 2067 766 2101 sed
789 2067 859 2101 his.
895 2085 939 2092 -—
965 2066 1185 2110 acceperint,
1219 2066 1265 2098 iis
1298 2072 1446 2099 tuorum
1480 2066 1576 2099 ami-

89 2127 219 2150 corum
246 2115 306 2149 vel
331 2116 607 2161 apparitorum,
641 2116 709 2162 qui
741 2115 837 2149 dona
861 2115 1102 2160 acceperint,
1136 2120 1176 2147 ut
1204 2114 1346 2159 aliquid
1374 2126 1393 2147 a
1420 2119 1456 2146 te
1484 2114 1578 2147 offe—

89 2165 259 2199 rentibus
294 2164 522 2209 impetrent,
562 2165 622 2199 vel
662 2164 736 2198 alio
779 2163 895 2198 modo
940 2163 1047 2197 donis
1089 2163 1281 2208 corrumpi
1329 2173 1366 2195 se
1407 2162 1579 2196 siverint.

90 2206 306 2248 SCHUTZ.
334 2232 379 2237 —
406 2213 466 2256 qui
490 2213 686 2255 simulant,
713 2213 857 2246 welche
884 2213 1083 2260 vorgeben.

188 2275 245 2309 14.
283 2278 336 2308 est
369 2275 516 2314 eiusm,
550 2275 611 2308 Sic
648 2275 751 2308 Med.
786 2276 887 2308 Vict.
925 2278 943 2310 1
977 2277 1019 2315 2,
1052 2277 1105 2306 est
1139 2272 1174 2307 Ιι.
1209 2286 1243 2309 ο.
1279 2284 1357 2306 mea
1391 2275 1485 2306 Cett.
1534 2291 1577 2296 -

91 2323 276 2356 eiusmodi.
325 2322 385 2357 Sic
412 2323 515 2358 Med.
535 2324 655 2357 Oxon.
686 2326 718 2365 1,
746 2325 778 2358 3.
807 2324 909 2357 Vict.
941 2326 971 2357 l.
1001 2325 1033 2358 2.
1060 2321 1262 2355 huiusmodi
1287 2323 1383 2356 Cett.
1413 2339 1456 2346 -
1485 2320 1580 2353 Cae-

91 2372 182 2405 sium
208 2379 282 2405 cet.
311 2371 432 2414 Alles,
459 2383 531 2405 was
559 2383 645 2405 man
671 2384 745 2405 von
774 2371 899 2405 diesen
927 2371 1007 2404 drei
1035 2371 1224 2404 Personen
1254 2371 1356 2410 weis,
1399 2370 1460 2408 ist,
1498 2368 1579 2400 dass

93 2419 147 2452 sie
174 2431 259 2453 zum
286 2420 451 2464 Gesolge
477 2420 645 2462 (cohors)
673 2420 736 2453 des
763 2422 914 2453 Prators
941 2419 1074 2454 Cicero
1111 2419 1307 2463 geh'cirten.
1333 2437 1376 2442 —
1410 2414 1502 2448 m'lzil
1526 2420 1579 2449 est

96 2468 188 2510 quod
218 2479 288 2501 non
321 2483 369 2500 z
401 2469 584 2514 quicquid
618 2470 683 2511 sit,
727 2469 862 2502 onmia.
919 2467 1070 2500 Ramsh.
1109 2467 1141 2510 §.
1182 2467 1270 2505 184,
1303 2466 1346 2503 2,
1381 2465 1430 2499 Ν,
1468 2466 1506 2503 l,
1541 2465 1576 2498 2.

98 2517 233 2559 Zumpt
259 2519 287 2560 ᾖ.
314 2518 395 2552 562.
424 2536 465 2541 -
502 2517 592 2550 etsi
625 2517 707 2562 quis
743 2521 793 2549 est
830 2530 878 2548 :z
913 2515 949 2549 εἴ
978 2528 1042 2555 τις.
1099 2514 1138 2551 S,
1173 2513 1321 2549 Ramsh.
1354 2515 1385 2556 ᾗ.
1426 2513 1510 2552 160,
1543 2513 1579 2552 2,

98 2565 188 2597 Not.
216 2565 249 2598 2.
277 2583 319 2589 -
347 2565 613 2598 eiusdemmodi.
664 2565 725 2598 Sic
753 2565 870 2607 (Md.)
903 2566 1039 2609 Margo
1067 2565 1168 2596 Crat.
1204 2562 1301 2594 Vict.
1331 2563 1363 2594 1.
1403 2561 1436 2595 2.
1486 2561 1579 2593 Ern.

97 2612 248 2644 Schiitz.
276 2612 445 2646 eiusmodi
471 2615 524 2646 Iu.
552 2615 657 2648 Crat.
683 2615 787 2648 Man.
817 2613 945 2645 Lamb.
974 2632 1016 2638 —
1044 2611 1134 2644 null.
1162 2613 1315 2652 part...
1343 2608 1582 2646 commiserim

99 2661 198 2707 Dein
231 2666 403 2693 verti-ane
435 2662 570 2695 Nichts
604 2673 671 2702 ani,
712 2662 834 2694 wobei
861 2662 957 2694 Dein
1005 2666 1112 2703 guter
1146 2659 1264 2691 Name
1304 2656 1491 2690 betroffen
1526 2656 1583 2688 ist.

99 2708 201 2742 Uber
241 2707 311 2740 den
346 2709 544 2743 Coniunct.
582 2711 684 2743 Pers.
728 2715 818 2742 statt
859 2710 923 2742 des
964 2710 1142 2754 Imperat.
1184 2718 1215 2742 ε,
1251 2705 1401 2739 Grotef.
1441 2707 1467 2750 ξ.
1507 2705 1584 2740 182.

98 2755 251 2791 Ramsh.
279 2759 307 2802 ς.
340 2759 423 2795 167,
452 2760 494 2791 Ν.
523 2760 567 2801 2,
594 2760 730 2805 Zumpt
757 2760 787 2802 ς.
817 2758 899 2793 586.
