1742 3006
176 67 260 113 102
432 68 495 110 M.
527 68 580 110 rr.
614 64 954 110 olcERoNis
994 29 1361 112 EPISTOLAE.

166 180 288 221 cuius
328 192 408 233 ego
445 177 654 232 quaedam
700 179 827 220 initia
865 178 981 219 sensi
1021 191 1075 220 ex
1115 179 1320 222 Curione.
1392 180 1487 222 Iam
1524 196 1628 226 vero

166 237 322 277 Arrius
351 235 620 276 consulatum
659 234 740 275 sibi
770 238 966 289 ereptum
996 233 1160 277 fremit.
1230 235 1556 290 Megabocchus
1585 243 1627 280 et

165 291 275 333 haec
304 290 583 343 sanguinaria
610 289 808 332 iuventus
836 289 1140 332 inimicissima
1158 294 1236 335 est.
1294 292 1492 334 Accedat
1507 306 1628 347 vero,

165 346 346 389 accedat
373 345 504 386 etiam
532 345 618 386 ista
646 346 743 386 rixa
771 349 1018 400 auguratus.
1091 345 1232 400 Spero
1268 360 1339 389 me
1381 349 1629 402 praeclaras

166 404 218 443 (le
247 402 343 442 istis
371 401 500 442 rebus
529 401 736 455 epistolas
765 402 821 442 ad
850 406 894 442 ie
923 413 1052 455 saepe
1074 403 1319 444 missurum.
1378 403 1490 453 Sed,
1514 405 1629 446 »illud

163 458 267 516 quid
295 457 380 508 sit,
410 457 526 498 scire
555 458 708 511 cupio,
748 456 866 512 quod
895 456 1004 498 iacis
1033 456 1240 512 obscure,
1285 459 1374 500 iam
1413 459 1545 501 etiam
1575 474 1629 501 ex

160 515 267 568 ipsis
306 513 603 566 quinqueviris
645 513 762 567 loqui
800 512 1022 566 quosdam.
1097 512 1321 563 Quidnam
1360 514 1408 555 id
1437 516 1529 558 est?
1579 515 1629 559 Si

161 573 228 611 est
255 570 369 610 enim
399 568 591 622 aliquid,
630 569 726 622 plus
766 573 833 609 est
868 568 995 620 boni,
1035 578 1166 623 quam
1204 574 1418 624 putaram.
1486 570 1629 626 Atque

160 625 291 676 haec,
321 624 387 665 sic
414 625 547 665 velim
568 624 812 675 existimes,
843 636 929 663 non
958 636 1027 664 me
1045 626 1122 666 abs
1144 628 1188 665 te
1216 630 1321 666 κατοὶ
1347 630 1393 665 τὸ
1419 632 1629 676 πρακτικὸν

159 692 384 736 quaerere,
412 680 530 734 quod
558 680 716 733 gestiat
744 680 912 719 animus
935 679 1100 734 aliquid
1129 693 1260 734 agere
1289 682 1335 722 in
1363 695 1412 723 re
1441 683 1623 736 publica.

160 739 256 777 lam
283 735 456 789 pridem
484 736 723 789 gubernare
751 748 820 775 me
853 735 1077 785 medebam
1116 737 1248 777 etiam
1287 750 1419 790 quum
1456 739 1627 780 licebat.

158 792 288 833 Nunc
315 804 421 832 vero
450 803 580 844 quum
610 804 744 845 cogar
771 791 891 831 exire
921 790 977 832 de
1015 791 1143 844 navi,
1180 805 1268 832 non
1306 792 1512 845 abiectis,
1552 793 1627 835 sed

158 847 322 901 ereptis
363 846 688 902 gubernaculis,
741 846 870 899 cupio
921 847 1105 887 istorum
1148 847 1380 901 naufragia
1420 862 1473 889 ex
1510 850 1630 890 terra

158 902 341 952 intueri5
369 902 524 956 cupio,
554 905 602 942 ut
621 903 683 943 ait
703 905 799 943 tuus
819 901 986 943 amicus
1010 901 1250 957 Sophocles
1265 934 1277 955 ,
1307 907 1382 943 κάν
1407 901 1484 945 ὑπὸ
1512 906 1631 953 στέγῃ

457 960 612 1000 Πυκνᾶς
639 956 792 997 οἷκούειν
819 956 989 1009 ψεκάδος
1017 956 1182 1008 εὗδούσῃ
1210 962 1335 1010 φρενί.

157 1076 264 1109 Amb.
283 1076 337 1110 16.
362 1075 508 1109 Ernest.
537 1075 635 1110 coni.
653 1074 804 1109 Schiitz.
823 1076 977 1122 Liinem.
998 1075 1088 1109 istos
1107 1078 1202 1111 cett.
1221 1086 1307 1109 cum
1331 1076 1412 1110 Md.
1432 1075 1625 1110 ORELLI.

158 1143 200 1149 «-
229 1135 273 1156 ex
299 1123 470 1157 Curione.
509 1123 543 1156 S.
570 1124 667 1170 folg.
694 1123 819 1167 Epist.
871 1124 976 1157 Uber
1008 1124 1132 1157 diesen
1167 1125 1205 1158 G.
1235 1123 1350 1158 Curio
1376 1124 1419 1162 C.
1448 1125 1488 1158 F.
1514 1137 1540 1157 s.
1568 1135 1624 1170 ep.

161 1173 218 1213 19,
243 1172 280 1207 5.
307 1190 350 1195 —
384 1170 527 1204 Arrius.
561 1172 594 1204 S.
621 1182 677 1216 ep.
704 1171 829 1213 XXXI,
857 1172 890 1206 2.
926 1190 972 1196 —
1005 1170 1289 1213 Megabocchus.
1325 1172 1397 1205 Est
1429 1173 1468 1205 C.
1496 1172 1626 1219 Mega-

159 1219 321 1253 bocchus
346 1228 374 1251 s,
401 1219 669 1260 Megaboccus,
696 1218 761 1262 qui
785 1224 1015 1252 memor-atur
1037 1230 1108 1262 pro
1132 1219 1271 1252 Scauro
1296 1221 1324 1263 §.
1349 1221 1406 1254 60.
1434 1221 1472 1251 V.
1492 1220 1628 1264 Kreys-

159 1267 216 1313 sig
240 1266 282 1298 in
307 1265 431 1299 Beieri
455 1267 605 1315 Fragm.
631 1277 668 1311 p.
696 1268 775 1301 291.
804 1266 1001 1300 ORELLI.
1053 1269 1095 1299 In
1124 1265 1317 1300 Plutarcbs
1342 1266 1626 1313 Pompei-§vird

159 1316 221 1347 ein
247 1311 526 1357 Megabacchus
551 1314 724 1347 erwiihnt
745 1314 798 1346 als
816 1313 1179 1348 Mitverscbworner
1200 1315 1262 1347 (les
1289 1314 1458 1351 Catilina,
1508 1315 1626 1348 Uber-

160 1362 279 1406 haupt
304 1360 386 1394 sind
412 1360 497 1394 hier
521 1361 581 1394 die
607 1361 905 1394 commissatores
929 1361 1221 1403 coniurationis,
1247 1361 1437 1394 barbatuli
1462 1361 1628 1398 iuvenes.

158 1409 218 1442 die
254 1408 351 1441 noch
382 1408 543 1453 iibrigen
577 1407 900 1442 Schinausbriider
931 1409 993 1442 des
1027 1409 1190 1442 Catilina
1223 1415 1333 1442 unter
1366 1408 1450 1442 dem
1486 1408 1627 1455 iungen

156 1457 251 1490 Adel
278 1467 326 1489 zu
349 1456 443 1490 Rom
470 1457 655 1500 gemeint‚
688 1456 748 1489 ein
784 1456 977 1490 ruchloses
1008 1457 1085 1489 und
1121 1457 1398 1503 gelddiirftiges
1437 1457 1626 1496 Gesindel,

159 1506 221 1538 das
253 1515 323 1536 nur
355 1504 422 1536 auf
452 1504 636 1538 Unruhen
668 1505 831 1545 lauerte‚
871 1515 935 1537 um
971 1504 1053 1537 sich
1079 1515 1149 1538 vor
1174 1505 1299 1538 seinen
1327 1505 1554 1549 Glaubigern
1579 1517 1626 1538 zu

159 1558 292 1586 renen.
329 1550 364 1585 S.
399 1562 455 1597 ep.
491 1553 547 1594 19,
580 1553 613 1587 5.
644 1554 702 1591 21,
733 1554 785 1587 ll.
813 1553 870 1592 21,
906 1554 938 1586 8.
963 1552 1226 1594 sanguinaria,
1259 1553 1382 1585 caedis
1408 1554 1554 1597 cupida.
1583 1571 1623 1576 --

158 1600 414 1633 inimicissima
439 1599 527 1639 sibi,
552 1605 664 1633 unter
688 1599 769 1632 sich
796 1598 932 1633 h'dchst
958 1600 1143 1632 erbittert.
1174 1620 1215 1624 —
1248 1603 1469 1641 auguratus,
1497 1610 1625 1644 wegen

159 1650 221 1680 des
246 1647 365 1680 durch
391 1647 542 1680 Metells
567 1648 647 1680 'rod
679 1647 889 1693 erledigten
921 1648 1105 1692 Augurats
1141 1645 1190 1688 (S.
1220 1658 1280 1692 ep.
1307 1647 1432 1689 XXXI,
1458 1649 1532 1689 2.)‚
1564 1660 1625 1680 um

158 1693 324 1730 welches
349 1694 457 1727 Viele
481 1693 562 1727 sich
588 1695 797 1728 bewerben.

252 1743 285 1775 4.
314 1752 375 1783 erc,
403 1742 528 1775 bamb.
555 1742 598 1774 de
621 1742 708 1785 ipsis
732 1743 792 1783 (de
819 1743 944 1788 Pomp.
974 1748 1012 1776 et
1037 1742 1217 1783 Caesare).
1245 1762 1287 1768 —
1317 1744 1427 1776 Ca'sar
1451 1741 1556 1777 hatte
1581 1755 1625 1777 zu

158 1790 228 1823 den
254 1790 307 1822 oft
336 1788 555 1823 erw'ahnten
588 1790 812 1834 vigintiviri
844 1790 912 1824 der
941 1791 1004 1824 lex
1034 1790 1185 1837 agraria
1216 1789 1315 1824 noch
1350 1791 1438 1824 siinf
1466 1793 1626 1825 Mannei-

157 1837 235 1877 (εἰη
261 1837 595 1883 Quinqueviratus)
621 1848 707 1871 vom
734 1844 856 1871 ersten
881 1839 1008 1882 Rangc
1034 1837 1306 1884 hinzugefiigt,
1332 1849 1395 1870 um
1423 1838 1491 1872 der
1516 1838 1622 1871 Voll-

158 1884 324 1930 ziehung
341 1884 456 1917 dieses
475 1885 646 1919 Gesetzes
664 1884 775 1919 mehr
800 1887 908 1927 Krast
933 1899 979 1920 zu
1003 1887 1131 1930 geben.
1158 1886 1194 1921 S.
1211 1896 1268 1930 ep.
1296 1886 1443 1924 XXXII,
1461 1887 1491 1921 2.
1519 1885 1623 1919 Auch

157 1934 240 1965 «lem
268 1933 402 1967 Cicero
427 1944 506 1965 war
530 1933 593 1965 das
625 1933 900 1978 Quinquevirat
931 1939 1180 1981 angetragen,
1218 1943 1293 1966 was
1318 1944 1360 1966 er
1385 1932 1517 1966 iedoch
1544 1945 1625 1966 aus*

156 1980 381 2026 gnschlagen
406 1979 521 2017 hatte.
558 1979 593 2014 S.
622 1982 721 2014 Orat.
749 1981 793 2014 (le
818 1981 988 2026 provinc.
1016 1981 1156 2014 consul.
1184 1981 1216 2024 ᾖ.
1245 1982 1299 2015 17.
1326 2000 1367 2006 —-
1402 1981 1500 2024 loqui
1523 1991 1622 2024 quos-

158 2030 241 2061 dam
266 2034 393 2061 contra
419 2029 610 2062 Caesarem
630 2036 665 2062 ct
687 2030 916 2074 Pompeium.
944 2048 983 2052 -
1012 2029 1055 2061 Si
1081 2056 1085 2061 .
1114 2053 1122 2061 .
1149 2054 1157 2062 .
1183 2028 1339 2072 aliquid,
1367 2039 1475 2062 wenn
1496 2029 1623 2062 Etwas

159 2077 275 2108 daran
302 2076 359 2108 ist.
386 2094 429 2100 —
455 2075 569 2111 κατὰ
593 2075 641 2110 τὸ
666 2075 942 2123 πρακτικὸν,
969 2088 1098 2110 rerum
1118 2077 1347 2120 agendarum
1368 2076 1507 2118 studio,
1536 2077 1621 2109 weil

159 2124 219 2156 ich
247 2121 346 2156 noch
372 2124 462 2157 Lust
486 2123 608 2167 hiitte,
634 2125 716 2158 eine
740 2124 884 2174 th'zitige
898 2125 1003 2159 Rolle
1028 2125 1066 2156 in
1093 2125 1159 2157 der
1176 2123 1364 2169 Republik
1391 2135 1438 2157 zu
1464 2123 1617 2168 spielen.
1670 2139 1671 2142 ¹
1713 2117 1716 2158 ἶ

158 2190 202 2194 ο-
228 2180 298 2203 non
322 2171 492 2213 abiectis,
518 2182 593 2206 non
619 2178 770 2218 sponte,
805 2174 866 2205 sed
900 2178 1048 2205 coactus
1084 2172 1316 2216 reipublicae
1343 2182 1471 2204 curam
1498 2171 1620 2204 omisi.

158 2236 199 2242 -—
229 2218 374 2261 ereptis.
409 2217 470 2251 Sic
506 2221 641 2267 Margo
670 2221 748 2253 Md.
773 2221 862 2255 C2d.
891 2221 1046 2264 Malasp.
1074 2220 1154 2253 Asc.
1191 2222 1222 2253 l.
1249 2221 1348 2254 Crat.
1374 2219 1504 2252 Lamb.
1531 2219 1619 2252 Ern.
1671 2235 1674 2238 ·
1714 2215 1715 2248 ἶ

155 2265 302 2298 Schiitz.
329 2266 484 2299 Liinem.
518 2268 674 2312 receptis
698 2267 776 2301 Md.
805 2268 904 2301 Vict.
935 2270 964 2301 l,
992 2269 1025 2301 2.
1052 2267 1133 2299 Bos.
1161 2267 1297 2300 Graev.
1334 2265 1526 2300 ORELLJ.
1564 2276 1621 2298 re-

156 2315 270 2356 ceptis·
301 2319 355 2346 est
392 2315 564 2349 retractis
598 2317 636 2348 in
661 2327 792 2349 navem
818 2322 856 2349 et
882 2325 946 2349 suo
973 2315 1169 2348 commodo
1196 2314 1393 2359 depositis;
1429 2319 1622 2358 receperat

156 2362 199 2394 ad
233 2371 268 2394 se
306 2361 583 2406 gubernacula,
616 2368 658 2396 ut
694 2364 737 2396 iis
769 2363 825 2396 uti
857 2370 939 2408 post
972 2368 1103 2407 posset.
1154 2362 1223 2396 Sed
1255 2361 1328 2394 iam
1364 2361 1512 2394 tenebat
1537 2367 1622 2394 ante

152 2421 262 2452 quam
288 2409 407 2441 exiret
431 2409 477 2443 de
502 2412 610 2452 navi,
644 2421 689 2443 ex
722 2422 795 2454 qua
829 2411 932 2444 exiit.
985 2409 1165 2453 Beispiele
1201 2421 1245 2442 zu
1279 2409 1350 2442 den
1386 2409 1491 2442 bildl.
1528 2409 1621 2442 Aus-

153 2457 318 2489 drijcken
345 2456 460 2489 findet
484 2468 571 2490 man
607 2458 652 2491 de
679 2459 783 2491 Orat.
814 2460 845 2499 l,
875 2460 929 2500 11,
955 2458 1011 2492 46.
1039 2458 1084 2490 ad
1111 2458 1252 2491 Divers.
1284 2459 1314 2497 l,
1341 2457 1375 2494 9,
1402 2457 1458 2491 (30-
1488 2456 1615 2489 Horat>

155 2507 278 2537 Carm.
313 2504 344 2543 I,
387 2505 437 2537 14.
469 2516 512 2537 zu
547 2516 591 2537 ex
628 2510 728 2539 terra
764 2506 901 2538 intueri
933 2505 1032 2539 Orat.
1063 2515 1121 2549 pr.
1157 2506 1258 2540 Sext.
1292 2505 1315 2538 9
1341 2509 1616 2548 tempestatem,-

152 2550 237 2583 hier
263 2561 318 2595 ep.
349 2551 438 2592 CIX,
464 2553 502 2587 2:
533 2553 569 2585 in
597 2554 664 2586 otii
690 2558 842 2598 portum
868 2554 1085 2599 confugere.
1112 2551 1249 2586 Slatius
1274 2551 1365 2585 Silv.
1396 2552 1446 2594 11,
1473 2553 1508 2589 2.
1527 2552 1616 2586 129-

159 2600 231 2631 132.
260 2618 301 2622 --
330 2595 411 2632 κᾶν
436 2598 526 2632 ὑπὸ
553 2624 559 2632 .
597 2625 603 2631 .
641 2626 647 2633 .
682 2598 841 2645 φρενὶ,
875 2601 987 2645 cupio
1018 2600 1146 2643 utique
1185 2599 1249 2632 sub
1281 2605 1381 2632 tecto
1415 2599 1617 2632 confertim

150 2646 335 2677 labentem
372 2647 500 2680 andire
534 2648 725 2692 pluviam,
762 2648 882 2692 sopito
914 2654 951 2681 et
984 2647 1112 2691 quieto
1146 2648 1280 2681 animo.
1321 2647 1477 2680 Ernesti.
1512 2646 1616 2679 Diess

150 2694 352 2738 Fragment
385 2695 445 2727 cles
478 2694 690 2739 Sophokles
723 2695 839 2729 findet
872 2695 953 2728 sich
987 2695 1043 2727 bei
1077 2696 1233 2728 Stobzius
1265 2706 1296 2727 c.
1323 2697 1378 2729 57.
1430 2695 1506 2727 Fiir
1537 2689 1616 2727 κᾶν

149 2741 292 2773 Metuit,
321 2752 353 2772 u.
385 2742 506 2776 bamb.
539 2756 570 2777 ιι.
598 2745 746 2779 Ernest.
775 2741 872 2783 nal„-
898 2744 961 2776 fiir
986 2740 1169 2777 ἀκούειν
1196 2743 1336 2777 Manui.
1365 2738 1566 2775 ἀκοῦσαι.
