1742 3006
130 57 216 105 156
394 60 456 104 Μ.
491 62 544 104 Τ.
577 59 913 105 CICERONIS
954 62 1313 109 EPISTOLAE

414 197 731 242 EPISTOLA
760 199 970 243 XXXII.
1005 202 1113 253 (Λα.
1146 202 1208 244 ΙΙ.
1241 204 1302 251 6.)

310 274 389 308 scr.
436 276 475 309 in
522 276 663 311 Antiati
709 276 753 312 A.
804 279 845 313 U.
900 280 939 313 c.
989 279 1070 314 695.
1119 279 1176 320 (a.
1226 280 1265 313 c.
1317 280 1400 322 59.)

117 340 260 374 Scribit
300 352 338 374 se
385 340 431 375 de
473 353 584 389 opere
623 344 901 390 geographico,
955 344 1054 390 quod
1093 347 1334 391 promiserat,
1381 346 1478 379 nihil
1519 346 1592 380 iani

117 398 339 433 magnopere
365 390 611 434 confirmare,
635 393 724 437 quia
749 394 804 426 sie
829 393 1044 438 complexus
1069 394 1118 427 sit
1143 395 1284 434 otium,
1311 399 1350 427 ut
1367 394 1494 428 divelli
1517 405 1590 427 non

115 443 246 480 queat5
282 438 313 470 ,1.
340 438 508 482 cogitare
540 446 666 473 tamen
695 439 740 473 de
773 437 978 480 ἄνεκῠότοις
1003 441 1217 476 scribendis.
1274 442 1420 476 Deinde
1446 442 1591 488 quaerit

230 483 277 517 de
300 484 432 531 Quinti
457 487 588 522 fratris
612 489 764 533 negotio
790 495 829 522 et
854 489 901 521 de
927 500 1033 522 muro
1059 490 1248 524 Palatinae
1265 491 1409 525 domus.
1435 493 1468 527 2.

624 573 809 610 CICERO
833 573 1014 610 ATTICO
1039 574 1074 610 S.

223 637 357 689 Quod
385 639 467 682 tibi
504 639 805 695 superioribus
843 638 984 681 literis
1021 640 1339 695 promiseram,
1379 643 1501 693 sore,
1541 646 1587 684 ut

111 706 220 748 opus
251 698 444 738 exstaret
463 695 591 737 huius
609 695 1002 750 peregrinationis;
1031 695 1141 737 nihil
1165 696 1253 738 iam
1274 711 1431 752 magno
1453 711 1586 753 opere

109 749 344 795 confirmo.
412 751 491 793 Sic
520 751 638 794 enim
665 765 761 793 sum
791 752 1043 806 complexus
1074 750 1238 804 otium,
1276 757 1325 794 ut
1353 755 1407 794 ab
1436 767 1490 795 eo
1517 754 1585 793 di-

108 805 217 847 velli
244 820 331 848 non
359 820 529 862 queam.
602 808 754 863 Itaque
791 811 866 850 aut
894 808 1018 850 libris
1046 821 1116 848 me
1153 807 1350 861 delecto,
1399 822 1584 863 quorum

107 860 247 904 habeo
275 863 399 904 Antii
427 863 635 906 festivam
664 863 858 919 copiam:
897 868 971 905 aut
1008 863 1168 905 fluctus
1204 877 1400 906 numero.
1467 863 1584 905 Nam

106 916 165 957 ad
202 918 442 972 captandos
479 920 668 962 lacertos
704 922 988 974 tempestates
1025 934 1114 962 non
1144 924 1243 960 sunt
1279 920 1478 962 idoneae.
1544 920 1584 961 Α

105 972 341 1015 scribendo
383 987 563 1029 prorsus
602 975 812 1017 abhorret
846 976 1030 1018 animus.
1097 976 1277 1017 Etenim
1312 979 1584 1027 γεωγραφικοὲ,

104 1041 216 1082 quae
252 1031 592 1079 constitueram,
630 1044 837 1086 magnum
877 1043 986 1085 opus
1015 1034 1081 1072 est
1096 1046 1120 1081 ς,
1150 1031 1213 1073 ita
1249 1031 1378 1073 valde
1419 1031 1578 1072 Erato-

103 1083 301 1139 sthenes,
331 1099 461 1140 quem
489 1085 599 1127 mihi
625 1100 958 1141 proposueram,
987 1099 1014 1128 a
1043 1088 1286 1141 Serapione
1313 1091 1356 1129 et
1385 1087 1439 1128 ab
1469 1087 1579 1141 Hip-

99 1139 269 1194 parcho
298 1141 656 1196 reprehenditur:
695 1142 801 1198 quid
831 1155 1008 1197 censes,
1051 1144 1089 1184 si
1118 1143 1353 1198 Tyrannio
1383 1156 1579 1185 accesse-

194 1260 284 1295 1-2.
308 1259 420 1304 Fore,
445 1265 494 1296 ut.
520 1259 556 1297 S.
571 1261 728 1296 Ramsh.
745 1260 785 1305 §0
810 1262 888 1304 168,
908 1263 948 1296 Β.
973 1263 1006 1304 4,
1023 1263 1066 1294 Ν.
1086 1263 1117 1296 l.
1146 1261 1295 1295 Grotef.
1311 1260 1346 1304 §.
1365 1261 1448 1296 310.
1467 1260 1576 1293 Amn.

94 1307 131 1342 6.
158 1325 203 1331 —
227 1311 266 1340 ut
291 1318 348 1352 op.
365 1334 374 1344 .
391 1334 400 1343 .
420 1336 429 1344 .
453 1309 647 1353 peregrin.
669 1309 705 1343 S.
724 1320 781 1354 ep.
798 1310 933 1343 XXIX.
957 1309 990 1352 §.
1007 1311 1042 1344 3.
1069 1308 1232 1349 confirm.
1253 1320 1346 1351 rem,
1372 1309 1437 1341 fiir
1454 1309 1577 1341 Etwas

93 1354 241 1389 stehen.
269 1374 311 1379 —
341 1358 530 1401 complecti
555 1356 683 1399 olium,
710 1368 770 1390 am
795 1357 1062 1402 Miissiggange
1087 1357 1164 1390 sein
1179 1358 1415 1403 Vergniigen
1440 1356 1580 1398 finden,

93 1402 178 1436 sich
204 1403 287 1437 ihm
312 1406 486 1450 ergeben.
543 1404 592 1438 So
619 1404 811 1448 complecti
833 1403 1101 1449 philosophiam
1135 1406 1238 1439 Brut.
1262 1406 1320 1440 93.
1345 1408 1447 1439 artes
1473 1404 1577 1438 Ovid.

93 1462 139 1484 ex
166 1451 270 1485 Pont.
293 1454 323 1495 1,
340 1455 375 1493 6,
396 1455 430 1489 9.
457 1453 670 1498 Eigentlich
695 1464 784 1486 vom
810 1454 1009 1488 Umfassen
1038 1465 1068 1487 z.
1096 1453 1135 1487 Β.
1162 1453 1207 1486 de
1231 1453 1375 1487 Senect.
1405 1454 1465 1487 15:
1493 1452 1578 1486 vitis

92 1499 287 1535 claviculis
312 1502 404 1542 suis,
432 1501 619 1547 quidquid
644 1506 700 1534 est
724 1507 857 1544 nacta,
884 1501 1169 1546 complectitur,
1202 1513 1238 1536 u.
1265 1513 1352 1535 vom
1371 1501 1577 1535 Umarmen

93 1546 343 1584 entlelmt.⁴'—
369 1550 490 1594 itaque
514 1564 564 1581 Ξ
589 1555 626 1583 et
651 1549 704 1582 ita
729 1549 775 1582 fit
800 1554 857 1591 ut,
883 1562 918 1585 n.
945 1562 997 1583 so.
1036 1548 1071 1582 S.
1098 1549 1254 1583 Ramsli.
1292 1550 1325 1593 §.
1355 1549 1436 1588 187,
1465 1551 1515 1592 11,
1544 1551 1574 1582 l.

92 1595 274 1643 Madvig,
311 1608 373 1643 ep.
399 1598 485 1632 crit.
511 1598 558 1631 ad
585 1597 703 1631 Orell·
729 1609 768 1642 p.
801 1598 861 1634 84.
897 1609 971 1641 seq.
1024 1615 1066 1620 --
1115 1598 1288 1638 Antium,
1339 1607 1474 1630 wovon
1505 1608 1575 1630 nur

91 1643 191 1676 noch
230 1645 297 1679 der
332 1645 477 1680 Thurm
523 1645 661 1679 d'Anzo
707 1655 755 1677 an
797 1644 863 1677 der
901 1644 1129 1689 Landspitze
1172 1645 1337 1678 crhalten
1374 1644 1441 1686 ist,
1493 1645 1575 1678 cine

89 1690 282 1735 Seestadt,
331 1695 460 1727 Nero’s
502 1693 728 1726 Geburtsort
767 1692 806 1725 in
844 1693 995 1727 Latium
1037 1694 1160 1725 Vetus.
1226 1694 1315 1727 Hier
1350 1693 1471 1726 besass
1515 1694 1574 1726 Ci—

90 1750 180 1772 cero
222 1741 330 1773 einen
372 1740 564 1776 Landsitz.
613 1740 649 1774 S.
685 1752 742 1784 ep.
777 1741 905 1780 XXVI,
943 1744 975 1775 l.
1027 1759 1069 1764 —
1114 1741 1253 1778 fluctus
1294 1751 1452 1782 numero,
1503 1741 1574 1775 wie

89 1787 165 1822 Die
199 1798 238 1821 es
278 1789 458 1832 macheu,
498 1789 557 1822 die
597 1799 659 1821 am
697 1788 931 1823 Niclitsthun
975 1789 1036 1821 ihr
1075 1789 1294 1833 Vergniigen
1337 1789 1476 1835 finden·
1528 1808 1569 1813 —

87 1835 140 1868 ad
163 1839 257 1879 capt.
286 1838 467 1877 lacertos,
501 1837 586 1870 zurn
618 1836 793 1873 Fischen.
853 1838 1033 1870 Lacertus
1068 1848 1197 1880 wegen
1232 1838 1298 1870 der
1330 1837 1572 1871 Almlichkeit

87 1884 156 1916 der
180 1886 302 1918 Farbe
327 1886 398 1919 mit
423 1885 489 1919 der
514 1887 635 1919 Fax-be
662 1885 728 1917 der
746 1885 928 1919 Eidechse
955 1885 1055 1918 ward
1083 1884 1148 1916 der
1174 1886 1394 1926 Stocker,
1422 1886 1588 1933 Ιὶωιιεὴ-μ

86 1931 283 1974 schwanz,
308 1932 493 1968 Scomber
519 1933 736 1967 Trachurus
762 1934 867 1966 Linn.
895 1934 937 1976 (s,
965 1932 1101 1968 Blochs
1130 1933 1187 1968 56.
1206 1935 1350 1975 Tafel)‚
1377 1932 1569 1979 τραχυῦρος

85 1981 127 2012 in
160 1980 328 2026 Oppians
364 1982 584 2024 Halieutic„
621 1982 756 2014 Aelian.
791 1982 896 2023 XIII,
923 1983 981 2019 27,
1019 1982 1145 2015 Galen.
1175 1981 1221 2013 de
1247 1983 1347 2015 alim.
1377 1983 1491 2016 Class.
1519 1985 1564 2016 Il.

83 2035 258 2072 genannt.
291 2032 325 2063 S.
354 2032 448 2064 Plin.
475 2031 631 2069 XXXII,
661 2032 715 2064 ll.
742 2031 901 2063 Invennl.
932 2030 1027 2069 XIV,
1058 2031 1135 2065 131.
1162 2031 1330 2064 Martial.
1356 2031 1400 2070 X,
1427 2032 1485 2070 48,
1514 2033 1554 2064 ll

87 2076 279 2111 Columell.
308 2080 410 2122 VIII,
440 2081 494 2121 17,
526 2079 579 2113 12.
607 2078 702 2113 Cels.
728 2079 776 2112 11.
806 2079 859 2113 18.
888 2078 983 2113 Stat.
1010 2077 1092 2111 silv.
1124 2078 1186 2119 IV,
1213 2080 1247 2119 9,
1278 2080 1332 2113 13.
1359 2079 1452 2113 iiber
1469 2078 1569 2112 diese

83 2124 154 2157 Art
177 2126 357 2161 Makrele.
416 2126 564 2160 Andere
600 2127 731 2159 wollen
767 2127 931 2159 lacertus
958 2127 1079 2160 durch
1107 2126 1230 2159 Gadus
1255 2128 1350 2161 Lota
1377 2127 1481 2164 Liun.
1511 2127 1569 2160 die

85 2174 259 2218 Quappe,
292 2175 475 2220 Aalranpe
503 2175 685 2208 erkl'dren.
733 2175 797 2210 Cd.
824 2174 926 2208 Med.
954 2175 1003 2207 ml
1027 2175 1227 2219 captandas
1253 2176 1435 2216 lacertas,
1473 2178 1565 2208 Cen.

83 2221 134 2254 ad
157 2221 319 2256 lacertas
345 2228 439 2266 capt.
492 2223 612 2256 Orelli
638 2223 786 2269 scripsit
807 2224 856 2256 ad
879 2224 1073 2266 captandos
1099 2224 1278 2265 lacertos,
1305 2225 1449 2256 Ernest.
1478 2223 1564 2257 Sch.

83 2269 128 2303 de
156 2270 257 2303 Man.
287 2277 325 2304 et
351 2271 522 2304 Gronov.
551 2271 693 2315 suspic‚
720 2272 768 2304 ad
793 2272 861 2304 lac.
889 2273 1100 2313 captandos.
1129 2290 1172 2295 —
1200 2271 1472 2313 Eratosthenes,
1500 2272 1559 2305 dei

81 2316 393 2352 mathematische
422 2319 646 2366 Geograph,
681 2320 780 2353 lebte
814 2320 866 2352 als
897 2319 1086 2352 Ausseher
1112 2320 1179 2353 der
1204 2319 1564 2352 Alexandrinischen

79 2365 298 2400 Bibliothek
324 2372 437 2400 unter
462 2367 697 2400 Ptolemaeus
725 2368 950 2415 Euergetes,
989 2366 1207 2413 Philopator
1232 2367 1308 2400 und
1333 2366 1563 2412 Epiphanes.

82 2432 126 2437 —
153 2414 344 2457 Serapion.
373 2414 408 2447 S.
436 2427 480 2448 zu
507 2425 564 2460 ep.
590 2415 721 2457 XXIX,
752 2418 784 2452 l.
813 2434 854 2439 —
881 2415 1117 2459 Hipparchus
1141 2427 1204 2449 aus
1231 2415 1349 2448 Niciia
1376 2416 1415 2447 in
1434 2415 1563 2460 Bithy-

82 2460 193 2500 nien‚
229 2462 290 2495 ein
317 2463 539 2501 Asu-onom,
574 2462 672 2495 lebtc
703 2464 768 2497 100
795 2463 905 2497 Iabre
932 2466 1059 2508 spiiter
1084 2465 1136 2497 als
1162 2463 1452 2503 Eratosthenes,
1479 2463 1564 2496 dem

82 2520 125 2542 er
151 2509 251 2543 seine
279 2510 497 2544 Irrthi'nner
524 2511 562 2542 in
589 2510 694 2544 einer
719 2511 925 2544 besondern
951 2511 1097 2544 §christ
1122 2510 1322 2544 nachvaes.
1352 2531 1396 2535 —
1424 2512 1560 2556 Tyran-

81 2557 161 2595 nio,
197 2558 259 2590 ein
294 2558 533 2606 Zeitgenosse
560 2571 593 2591 u.
623 2558 817 2605 gelehrter
854 2560 1094 2593 Hausfreund
1122 2558 1295 2594 Cicero's.
1331 2558 1366 2592 S.
1395 2569 1452 2604 ep.
1485 2561 1561 2595 102.

86 2606 161 2638 105.
198 2608 275 2639 111.
318 2608 396 2643 11¹1.
435 2607 515 2641 442.
550 2608 629 2641 2153.
665 2613 784 2640 zuerst
822 2606 922 2640 hiess
958 2618 1000 2640 er
1035 2606 1275 2651 lecophrasl‚
1310 2606 1484 2641 nachher
1510 2608 1562 2641 als

83 2651 228 2685 helirer
261 2653 329 2687 der
364 2655 508 2701 lugend
539 2655 579 2687 in
614 2655 737 2688 seiner
771 2656 983 2688 Vaterstadt
1018 2656 1215 2699 Tyrannio,
1259 2656 1347 2688 weil
1385 2666 1429 2688 er
1462 2655 1560 2688 diese

82 2706 211 2748 streng
245 2701 412 2744 anlsselt,
456 2703 527 2736 wie
567 2703 646 2737 sein
688 2703 905 2748 Mitbiirger
946 2703 1079 2736 Strabo
1120 2704 1173 2738 im
1207 2704 1287 2736 XII.
1322 2704 1360 2736 Β.
1400 2704 1547 2738 ενιὲίΙιὶῒ

84 2749 162 2782 Von
189 2751 235 2783 da
262 2749 416 2785 brachie
444 2751 582 2786 Lucuu
609 2751 676 2785 ihn
705 2751 756 2785 als
783 2752 1027 2797 Gesaugenen
1054 2752 1123 2785 mit
1158 2751 1256 2785 nach
1283 2752 1399 2793 Rom,
1435 2762 1494 2786 wo
1521 2762 1561 2784 er
