1742 3006
598 55 909 100 EPISTOLA
950 57 1052 99 LII.
1471 52 1564 100 217

85 171 275 227 placuit:
304 169 467 221 monui,
497 169 629 221 suasi,
660 168 894 210 deterrui«
928 168 1086 220 quibus
1117 166 1162 208 in
1195 166 1323 208 rebus
1355 169 1492 209 etiam
1525 170 1565 209 si

86 227 286 269 fidelitas
316 237 484 267 summa
511 228 579 264 est
607 247 660 252 —
700 222 820 278 quod
859 235 1041 276 prorsus
1083 222 1241 274 credo,
1272 225 1484 277 quoniam
1515 229 1566 264 tu

87 285 153 324 ita
191 283 365 324 iudicas
401 302 455 309 —
493 283 642 320 tamen
682 279 854 333 species
896 278 993 331 ipsa
1032 280 1123 317 tam
1171 279 1359 331 gratiosi
1409 280 1565 320 liberti

89 342 168 380 aut
206 339 326 379 servi
365 334 631 390 dignitatem
670 334 835 375 habere
873 333 1043 373 nullam
1083 336 1242 386 potest.
1301 335 1448 389 Atque
1478 334 1568 374 hoc

89 396 157 435 sic
184 393 346 434 habeto
376 412 429 418 --
457 390 591 430 nihil·
642 391 759 430 enim
797 395 880 430 nec
917 392 1084 428 temere
1123 387 1275 429 dicere
1305 403 1388 430 nec
1418 393 1566 431 astute

93 450 281 491 reticere
320 447 459 487 debeo
499 468 553 474 —-
592 446 824 486 materiam
871 457 1045 485 omnem
1098 457 1347 485 sermonum
1395 459 1567 498 eorum,

92 505 251 559 quide
279 507 324 544 te
364 501 604 542 detrahere
644 502 840 553 vellent,
880 500 1073 540 Statium
1103 499 1305 539 dedisse:
1348 505 1392 541 et
1435 507 1570 543 antea

92 564 262 601 tantum
290 558 490 611 intelligi
522 557 735 611 potuisse,
765 557 904 597 iratos
935 560 1036 596 tuae
1067 555 1301 595 severitati
1331 569 1426 596 esse
1457 571 1568 598 non-

91 616 262 656 nullos:
292 613 379 654 hoc
408 613 694 667 manumisso,
724 613 870 664 iratis,
899 610 1017 666 quod
1047 612 1352 666 loquerentur,
1382 625 1469 653 non
1491 614 1568 655 de-

91 670 243 712 fuisse.

200 726 261 767 11.
321 724 452 766 Nunc
493 724 768 779 respondebo
811 724 867 766 ad
907 737 980 765 eas
1021 725 1262 779 epistolas,
1311 739 1421 779 quas
1450 723 1567 767 mihi

94 780 295 824 reddidit
323 781 375 822 L.
407 781 592 821 Caesius
621 803 676 811 --
706 781 804 832 cui,
835 781 1045 834 quoniam
1074 782 1140 822 ita
1168 785 1212 822 te
1242 781 1363 822 velle
1393 783 1567 823 intelli-

93 851 166 890 go,
194 837 317 877 nullo
349 837 448 877 loco
477 837 612 877 deero
642 860 696 866 —
724 848 909 890 quarum
950 837 1095 877 altera
1136 841 1204 877 est
1233 836 1289 876 de
1318 836 1569 878 Blandenio

92 893 316 944 Zeuxide,
346 906 475 946 quem
505 892 666 932 scribis
697 892 995 932 certissimum
1023 891 1308 933 matricidam
1338 894 1422 932 tibi
1452 906 1479 934 a
1497 907 1569 933 me

92 950 249 989 intime
280 947 596 989 commendari.
663 946 765 996 Qua
803 947 859 988 de
900 960 948 987 re
989 951 1034 987 et
1063 948 1119 988 de
1146 946 1236 988 hoc
1265 961 1427 1001 genere
1457 952 1570 1000 toto,

92 1017 147 1044 ne
186 1003 304 1045 forte
343 1017 413 1044 me
454 1004 500 1043 in
541 1003 739 1044 Graecos
777 1006 868 1043 tam
918 1003 1204 1044 ambitiosum
1251 1002 1423 1044 factum
1471 1017 1570 1044 esse

92 1060 269 1111 mirere,
299 1073 442 1114 pauca
472 1072 702 1113 cognosce.
759 1059 859 1112 Ego
893 1072 1028 1112 quum
1059 1059 1332 1100 Graecorum
1362 1060 1570 1114 querelas

93 1116 279 1155 nimium
307 1116 459 1156 valere
489 1115 702 1155 sentirem
732 1118 915 1168 propter
943 1113 1172 1155 hominum
1197 1115 1376 1169 ingenia
1394 1115 1451 1156 ad
1482 1114 1570 1156 fal-

94 1171 274 1212 lendum
303 1175 483 1225 parata:
522 1183 808 1225 quoscunque
837 1169 893 1212 de
923 1174 968 1210 te
998 1171 1127 1225 queri
1155 1171 1332 1223 audivi,
1373 1184 1570 1225 quacun-

94 1240 177 1281 que
234 1228 360 1281 potui
417 1226 590 1268 ratione
645 1225 839 1281 placavi.
926 1225 1131 1267 Primum
1175 1226 1570 1283 DionysopolitaS,

95 1370 243 1404 Statius.
272 1371 392 1407 Oxon.
417 1372 451 1405 2.
484 1372 582 1404 Crat.
610 1371 736 1404 lunius
771 1368 994 1415 ἀσφαλῶς,
1024 1390 1066 1395 -
1093 1372 1219 1416 quibus
1244 1372 1284 1406 in
1309 1374 1425 1407 rebus.
1462 1374 1567 1420 Quo-

95 1418 220 1458 niam,
254 1419 310 1452 uti
335 1419 457 1462 liquet
481 1429 527 1451 ex
552 1429 638 1454 voc.
663 1419 716 1451 ita
741 1419 990 1464 videruntque
1018 1418 1115 1453 Viet.
1142 1421 1174 1455 2.
1201 1426 1238 1453 et
1264 1421 1462 1464 Luenem.,
1487 1433 1574 1458 voc.

96 1466 137 1499 id
166 1465 256 1499 milti
284 1477 353 1500 non
385 1466 527 1509 placuit
551 1491 558 1498 .
588 1492 596 1500 .
626 1493 634 1500 .
669 1467 832 1502 deterrui
863 1468 941 1502 scil.
973 1468 1178 1513 Quintum,
1212 1467 1324 1502 Statii
1349 1476 1453 1511 sunt,
1492 1480 1571 1502 non

96 1514 149 1547 Μ.
177 1515 388 1552 Ciceronis,
431 1514 745 1556 quemadmodum
778 1517 962 1561 accepisse
997 1516 1173 1550 videntur
1205 1517 1341 1550 ceteri:
1379 1517 1574 1560 „deterrui

95 1561 304 1600 Statiu1n3“
330 1562 383 1594 sic
402 1561 709 1608 distinguendum
736 1569 817 1596 erat
843 1564 1098 1611 gratissimum
1125 1561 1391 1598 ἀνακόλουθον.
1442 1565 1572 1598 Ceteri

97 1610 170 1642 sic:
201 1610 303 1644 Quod
332 1613 450 1642 autem
482 1627 527 1633 —
561 1628 602 1633 —-
637 1613 840 1653 postularet
872 1612 993 1655 (qnam
1024 1613 1163 1645 multos
1208 1631 1253 1640 ·-
1281 1633 1322 1639 —
1356 1613 1412 1646 ita
1440 1618 1572 1657 prolu-

97 1656 221 1698 lissel)
247 1657 287 1690 id
308 1656 398 1690 milti
422 1676 466 1681 —
491 1675 538 1681 —
563 1657 733 1693 deterrui.
786 1659 919 1693 Quibus
951 1660 988 1692 z'n
1023 1660 1126 1692 rebus
1152 1667 1223 1693 cet.
1252 1661 1449 1695 ORELLI.
1494 1661 1574 1704 qui-

97 1706 159 1738 bus
182 1705 219 1738 in
246 1705 351 1738 rebus
376 1703 524 1738 bezieht
549 1706 629 1738 sich
656 1708 720 1739 auf
745 1707 804 1740 die
829 1707 1068 1751 Ausdriicgzffi
1103 1708 1162 1741 die
1197 1708 1278 1741 sich
1304 1708 1442 1742 Statius
1474 1709 1574 1741 nach

100 1753 261 1798 eigenem
290 1753 549 1787 Gestzindnisse
578 1764 698 1800 gegen
726 1753 883 1796 Quintus
905 1755 981 1788 wie
1014 1756 1074 1788 ein
1106 1755 1207 1789 Rath
1245 1757 1284 1789 in
1318 1757 1578 1790 ordentlicher

98 1802 244 1844 Sitzung
270 1801 418 1834 erlaubt
443 1801 557 1834 hatte.
584 1820 629 1825 ——
649 1800 836 1844 fidelitas,
870 1814 981 1836 wenn
1015 1814 1057 1837 er
1091 1804 1153 1837 das
1179 1805 1278 1837 Alles
1312 1806 1408 1839 auch
1437 1804 1577 1838 hochst

98 1850 244 1883 ehrlich
269 1849 343 1882 und
391 1855 476 1882 treu
508 1850 638 1882 meint.
673 1871 715 1876 —
743 1854 855 1883 tamen
881 1852 1018 1893 species
1042 1877 1049 1883 .
1079 1877 1086 1885 .
1117 1878 1124 1886 .
1149 1857 1282 1895 potest,
1310 1866 1350 1886 so
1376 1855 1465 1886 liisst
1489 1853 1575 1886 sich

99 1897 198 1938 doch
232 1897 293 1930 die
334 1897 451 1930 blosse
491 1897 577 1930 Idee
613 1897 712 1930 eines
746 1909 784 1931 so
826 1898 929 1931 hoch
968 1900 1231 1946 begiinstigten
1267 1902 1577 1946 Freigelasseneu

100 1946 188 1979 oder
213 1944 365 1980 Sklaven
392 1945 461 1977 mit
486 1944 619 1977 keiner
645 1946 800 1979 xVin-de
825 1947 1057 1995 vereinigen.
1079 1967 1120 1972 —-
1145 1948 1207 1981 Sic
1231 1947 1360 1982 habeto
1387 1951 1411 1982 i.
1441 1961 1472 1982 e.
1501 1950 1574 1982 sci-

98 2001 205 2027 to.—-
235 1998 382 2035 temere,
411 1993 507 2025 ohne
534 1994 679 2027 Grund.
699 2014 740 2019 —
760 2004 879 2027 eorum
904 1996 1110 2034 hominum,
1138 1997 1198 2040 qui
1212 1997 1252 2028 de
1268 2002 1301 2030 te
1319 1996 1456 2031 (iarah.
1475 1997 1573 2034 vell„

100 2042 158 2075 die
184 2042 282 2074 Dich
307 2041 547 2074 verkleinern
573 2042 740 2074 wollten.
767 2061 811 2066 —-
841 2046 875 2075 et
901 2048 972 2076 (ml.
1002 2048 1090 2078 tant.
1119 2044 1235 2077 intell.
1261 2050 1355 2089 pot.‚
1395 2044 1472 2078 und
1495 2045 1576 2079 dass

99 2101 183 2124 man
215 2089 351 2123 vorher
382 2101 419 2122 es
453 2089 634 2122 allenfalls
669 2090 890 2134 begreiflich
924 2092 1050 2124 finden
1079 2090 1240 2133 konnte,
1274 2093 1363 2126 dass.
1415 2112 1458 2118 —
1510 2092 1576 2126 lzoc

99 2149 194 2172 man.
223 2163 251 2171 ..
277 2137 450 2180 defuisse,
479 2138 557 2169 dass
586 2148 623 2169 es
649 2137 752 2177 aber,
779 2139 847 2172 seit
873 2139 958 2172 dem
986 2140 1106 2172 dieser
1132 2140 1375 2186 freigelassen
1403 2141 1464 2183 ist,
1485 2142 1575 2176 Dei-

99 2197 169 2220 nen
197 2186 439 2230 ergrimmten
453 2184 613 2219 Feinden
640 2185 750 2219 nicht
775 2198 821 2220 an
838 2186 937 2220 Stoff
960 2199 1043 2220 zum
1054 2187 1278 2221 Afterreden
1298 2189 1446 2236 gefehlt
1461 2190 1573 2223 habe.

193 2234 242 2267 11.
268 2235 302 2270 4.
356 2235 397 2268 L.
425 2233 592 2273 Caesius,
635 2234 679 2266 de
715 2234 873 2268 cohorte
910 2235 1040 2279 Quinti
1081 2236 1274 2269 Ciceronis
1315 2237 1505 2282 praetoria
1538 2238 1576 2270 in

99 2282 184 2315 Asia
210 2282 362 2327 eiusque
387 2287 624 2327 procurator.
650 2281 737 2315 Vid.
764 2293 823 2327 ep.
852 2284 957 2320 XXX,
986 2286 1042 2317 14.
1070 2302 1114 2308 —
1147 2284 1376 2327 Βῖαιαῖεηίο,
1417 2297 1459 2319 ex
1486 2286 1577 2319 urbe

101 2329 239 2363 Blando
265 2330 303 2362 in
329 2329 505 2377 Phrygia.
533 2347 577 2353 —
611 2329 750 2363 cer-tiss.
784 2331 1019 2364 nzatricz'dam
1050 2331 1140 2364 kurz
1174 2339 1304 2379 gesagt
1337 2340 1425 2368 statt
1463 2345 1576 2379 quum

100 2378 302 2422 (obgleich)
329 2384 474 2411 certum
502 2377 550 2410 sit
577 2389 660 2411 eum
685 2388 761 2411 esse
795 2379 1044 2412 matricidam.
1062 2398 1119 2404 ·—-
1162 2382 1205 2414 de
1236 2380 1302 2413 ltoc
1328 2392 1462 2423 genere
1488 2386 1576 2424 tolo,

102 2427 196 2458 iiber
223 2426 284 2458 das
310 2437 427 2470 ganze
460 2426 699 2459 Verh'ailtniss.
729 2444 772 2450 —-
814 2427 960 2469 ambil„
996 2427 1020 2459 i.
1057 2438 1088 2460 e.
1125 2434 1201 2462 tam
1236 2429 1412 2474 cupidum
1445 2440 1577 2463 eorum

40 2495 44 2499 -
103 2473 262 2517 gratiam
287 2473 484 2518 captandi,
524 2473 630 2514 „dass
667 2473 728 2507 ich
766 2475 867 2507 mich
902 2485 940 2508 so
977 2476 1160 2522 sgr-ewaltig
1191 2489 1254 2510 um
1281 2477 1339 2510 die
1366 2478 1486 2511 Gunst
1511 2478 1579 2512 der

104 2522 289 2554 Griechen
315 2522 521 2555 beeifere.“
572 2522 729 2567 Quintus
755 2521 906 2556 mochte
933 2515 1013 2555 ibin
1041 2525 1111 2557 Das
1150 2525 1413 2571 vorgeworfen
1440 2525 1574 2559 haben.

104 2588 146 2593 —
175 2569 319 2601 nimium
345 2571 462 2603 valere
487 2570 569 2603 scil.
596 2571 752 2610 Romae,
799 2570 878 2603 dass
913 2571 972 2604 die
999 2572 1142 2617 Klagen
1177 2572 1245 2605 der·
1271 2572 1463 2606 Griechen
1493 2574 1575 2609 hier

104 2617 210 2649 einen
237 2628 281 2649 zu
308 2627 457 2659 grossen
484 2617 674 2652 Eindruck
700 2616 888 2653 machten.
918 2640 958 2644 —
987 2620 1034 2652 ad
1048 2620 1143 2661 sall.
1168 2624 1315 2662 parata,
1342 2632 1425 2654 zum
1443 2622 1574 2657 Bou-u-

105 2674 175 2709 gen
202 2664 276 2697 und
302 2665 431 2710 Liigen
457 2665 704 2712 abgerichtet.
754 2664 802 2699 So
836 2666 1029 2712 gesunken
1055 2678 1135 2699 war
1168 2666 1283 2700 sehon
1318 2668 1482 2704 damahls
1509 2672 1576 2704 der

107 2711 315 2746 Charakter
349 2712 415 2746 der
441 2713 646 2748 Griechen!
675 2733 716 2738 —-—
769 2713 1085 2758 Dionysopolitas,
1139 2715 1196 2749 die
1234 2716 1348 2751 Lente
1382 2728 1448 2752 von
1485 2720 1576 2754 Dio—
