1742 3006
204 120 297 170 366
476 124 541 166 Μ.
571 124 630 169 Τ.
656 123 1000 170 CICERONIS
1034 125 1409 173 EPISTOLAE.

200 240 481 289 φθιμένοισιν,
519 236 601 279 sed
628 240 774 279 tamen
803 238 954 280 multis
984 239 1109 280 annis
1139 240 1252 282 civis
1281 252 1411 281 nemo
1446 243 1542 281 erat
1569 252 1685 281 mor-

200 299 328 347 tuus,
358 294 433 348 qui
461 292 640 348 quidem
744 293 852 336 Tibi
881 295 1049 336 nummi
1077 309 1175 338 meo
1205 296 1404 351 periculo
1432 295 1542 346 sint3
1581 296 1686 350 quid

202 350 320 392 enim
332 349 519 403 vereris,
540 363 841 406 quemcunque
856 350 1064 393 heredem
1078 351 1211 395 fecit?
1239 352 1325 394 nisi
1335 351 1542 394 Publium
1565 351 1684 393 fecit.

201 405 370 446 Verum
384 404 493 447 fecit
503 420 588 448 non
598 407 825 462 improbe;
848 420 1111 463 quamquam
1124 408 1210 451 suit
1223 409 1330 464 ipse.
1362 408 1514 459 Quare
1534 408 1580 448 in
1601 406 1686 449 hoc

201 459 375 502 thecam
413 464 707 505 nummariam
746 477 833 505 non
874 465 1114 515 retexeris5
1166 465 1215 507 in
1254 465 1353 507 aliis
1383 464 1472 506 eris
1501 463 1683 505 cautior.

203 516 311 558 Mea
339 516 548 560 mandata
576 518 631 561 de
660 518 792 560 domo
822 520 1020 562 curabis:
1059 521 1284 575 praesidia
1312 520 1503 570 locabis3
1553 519 1684 560 Milo-

200 585 303 613 nem
333 573 606 617 admonebis.
674 575 954 630 Arpinatium
984 576 1190 618 fremitus
1230 581 1298 620 est
1326 575 1600 618 incredibilis
1630 575 1686 616 de

198 627 396 674 Laterio.
457 629 577 680 Quid
607 632 808 685 quaeris?
838 632 1041 687 equidem
1071 632 1208 674 dolui.
1275 630 1296 673 ὁ
1323 635 1366 674 δὲ
1395 632 1465 673 οὐκ
1494 629 1686 681 ἐμπάζετο

195 683 353 733 μύθων.
411 685 533 736 Quid
561 687 790 741 superest?
847 689 1015 732 Etiam.
1085 688 1283 731 Puerum
1313 689 1581 731 Ciceronem
1611 700 1686 727 cu-

198 741 316 783 rabis
345 744 390 783 et
417 742 603 796 amabis,
632 747 682 785 ut
710 743 836 787 sacis.

196 901 428 942 ausmitteln,
452 902 615 937 welcher
639 903 776 938 Metell
801 902 884 937 hier
906 903 1075 946 gemeint
1102 901 1168 935 sei.
1194 919 1240 925 —
1266 896 1345 944 οὐχ
1369 897 1475 946 ὁσίη
1501 900 1686 947 φθιμέ-

195 959 368 988 νοισιν,
396 961 471 983 non
496 951 554 985 fas
581 959 635 985 est
662 952 852 985 defunctis
877 951 1077 986 insultare.
1126 950 1184 982 De
1209 950 1368 983 mortuis
1394 951 1448 984 nil
1474 951 1545 984 nisi
1571 951 1684 985 bene!

195 997 271 1030 Aus
296 999 458 1032 Homers
484 999 653 1046 Odyssee
679 1002 730 1043 X,
756 1001 846 1034 412:
893 994 965 1041 Οόχ
1002 995 1085 1040 ὁσίη
1121 997 1432 1041 κταμένοισιν
1465 995 1519 1033 ἐπ’
1547 995 1683 1045 ἀνδρά-

196 1055 255 1078 σιν
296 1042 551 1089 εὖχειᾶασθαι.
610 1047 670 1092 qui
709 1047 849 1092 quidem
884 1073 892 1081 .
921 1071 930 1079 .
956 1071 966 1080 .
1001 1046 1082 1080 scil.
1116 1046 1330 1090 improbior
1374 1053 1482 1081 esset.
1548 1044 1689 1092 Figura

197 1089 460 1138 ἀποσιώπησις.
486 1114 533 1121 -—-
561 1096 643 1130 Tibi
667 1096 805 1130 nummi
831 1101 902 1129 cet.
929 1095 953 1131 i.
980 1106 1013 1129 e.
1040 1093 1142 1140 quod
1169 1094 1214 1126 ad
1241 1106 1412 1129 nummos
1424 1102 1509 1129 tuos
1536 1097 1683 1136 attinet,

196 1153 293 1188 quos
318 1144 477 1177 Metello
504 1144 742 1186 credideras,
793 1155 855 1177 eos
889 1149 929 1176 te
965 1150 1277 1188 recuperaturum
1311 1144 1368 1176 vel
1399 1156 1483 1178 meo
1515 1144 1683 1190 periculo

196 1191 373 1235 spondeo.
400 1192 510 1226 SCH.
537 1211 581 1218 -
615 1190 775 1225 heredem
792 1191 919 1234 fecit!
957 1192 1087 1226 Lamb.
1121 1194 1228 1225 Bent.
1260 1192 1430 1236 fecerit,
1465 1200 1508 1226 ut
1533 1193 1683 1227 volebat

196 1239 360 1273 Ernesti.
387 1258 429 1264 -—-
456 1239 529 1273 nisi
554 1240 723 1274 Publium
752 1240 938 1279 Clodium,
966 1252 1052 1275 aere
1076 1240 1201 1273 alieno
1227 1240 1426 1281 obrutum,
1443 1242 1545 1284 fecit
1570 1243 1681 1274 here-

198 1287 297 1320 dem.
323 1306 372 1313 —
396 1298 467 1321 non
490 1288 664 1332 improbe,
690 1300 732 1322 er
758 1289 823 1322 hat
849 1289 918 1322 auf
941 1288 1051 1322 keine
1077 1288 1252 1333 gofflose,
1279 1288 1342 1321 fiir
1358 1289 1457 1322 Dich
1480 1289 1681 1323 schlimme

195 1338 263 1369 Art
298 1336 407 1370 einen
441 1337 570 1372 Erben
606 1336 788 1384 gewiihlt.
839 1336 936 1373 cdd.
972 1337 1083 1371 Iunii.
1119 1336 1208 1370 Sch.
1251 1335 1435 1381 richtiger
1482 1338 1681 1381 improbum

194 1384 393 1429 heredem,
426 1395 498 1427 „er
521 1385 588 1419 hat
613 1386 748 1419 keinen
776 1385 1010 1427 Bosewicht‚
1046 1385 1118 1419 wie
1147 1384 1317 1429 Clodius,
1341 1397 1424 1419 zum
1449 1386 1577 1419 Erben
1602 1387 1680 1420 ein-

196 1434 378 1478 gesetzt.“
425 1433 533 1467 Denn
559 1445 597 1467 es
625 1434 743 1479 folgt:
783 1444 922 1478 quamq.
943 1434 983 1476 s.
1009 1433 1090 1478 ipse
1115 1433 1325 1479 improbus.
1363 1453 1407 1459 —
1452 1434 1573 1468 Quare
1599 1461 1608 1471 .
1634 1459 1645 1468 .

193 1491 266 1515 non
293 1482 473 1517 retexeris
496 1482 523 1517 i.
551 1495 583 1517 e.
609 1494 727 1528 quare
753 1482 850 1515 nihil
877 1494 969 1528 opus
995 1489 1062 1522 est,
1089 1488 1130 1515 ut
1157 1493 1201 1514 ex
1227 1493 1314 1515 arca
1339 1488 1404 1515 tua
1428 1482 1538 1516 aliam
1564 1494 1681 1528 pecu—

193 1530 299 1564 niam
324 1530 521 1575 depromas
547 1530 596 1565 ad
620 1532 805 1565 iacturam
830 1531 932 1565 illius
957 1531 1141 1577 pecuniae
1168 1531 1466 1573 resarciendam3
1506 1542 1678 1564 numera«

194 1578 300 1612 bitur
333 1579 436 1613 enim
465 1579 543 1613 tibi
576 1580 624 1613 ab
658 1579 798 1613 herede
825 1580 983 1614 Metelli.
1010 1579 1121 1615 SCH.
1157 1597 1204 1604 -
1243 1580 1281 1613 e'n
1307 1580 1394 1613 aliis
1421 1582 1496 1613 eris
1521 1580 1680 1612 cautior.
1706 1586 1709 1589 '

195 1626 515 1674 dessungeachtet
555 1628 664 1669 wirst
696 1629 756 1662 Du
797 1628 834 1660 in
869 1628 1033 1662 Zukunft
1064 1628 1128 1662 bei
1159 1626 1312 1661 Andern
1346 1627 1446 1662 Dich
1484 1628 1607 1661 besser
1639 1628 1679 1660 in

195 1675 296 1710 Acht
322 1677 487 1711 nehmen
511 1676 589 1711 und
613 1677 713 1710 Dein
744 1677 841 1711 Geld
867 1676 975 1711 nicht
1001 1689 1042 1711 so
1069 1676 1240 1710 misslich
1268 1675 1471 1710 ausleihen.

289 1745 324 1779 3.
350 1744 542 1787 praesidia
567 1745 707 1779 locabis
737 1745 763 1779 i.
800 1756 834 1779 e.
869 1744 1040 1779 homines
1066 1751 1229 1779 armatos
1256 1750 1388 1777 contra
1415 1743 1537 1778 Clodii
1560 1744 1680 1789 impe-

194 1798 274 1834 tus,
310 1803 404 1838 quos
429 1793 530 1826 forte
556 1794 687 1827 facere
711 1795 830 1839 possit
854 1794 892 1826 in
919 1805 1064 1834 meam,
1106 1804 1202 1839 quae
1230 1793 1476 1835 aedificatur,
1513 1793 1677 1827 domum.

193 1840 230 1874 S.
257 1851 320 1886 ep.
348 1840 442 1881 CIX,
468 1842 491 1876 3
516 1852 551 1874 u.
578 1853 604 1875 s.
632 1842 660 1875 f.
703 1860 751 1867 —
799 1842 976 1876 Milonem
1001 1842 1230 1883 admonebis,
1273 1847 1313 1874 ut
1338 1841 1416 1886 ipse
1440 1847 1592 1886 paratus
1617 1841 1679 1881 sit,

193 1889 225 1923 si
260 1888 362 1922 forte
389 1888 542 1923 Clodius
575 1890 881 1924 aedificationem
914 1890 1004 1924 velit
1035 1890 1231 1935 impedire.
1311 1890 1401 1922 Man
1437 1888 1554 1932 sieht,
1598 1889 1680 1922 dass

193 1937 318 1971 dieser
344 1938 452 1972 Brief
474 1937 564 1971 kurz
596 1949 663 1972 vor
691 1939 856 1972 Cicero's
883 1938 1148 1972 Zuriickkunft
1180 1936 1280 1971 nach
1307 1939 1407 1971 Rom
1432 1937 1679 1981 geschrieben
1728 1944 1731 1950 ⁴

192 1985 265 2026 ist,
309 1985 370 2019 die
404 1986 473 2019 auf
503 1985 576 2019 den
607 1987 692 2022 ssten
724 1987 807 2021 Mai
839 1993 1034 2030 engesetzt
1069 1997 1144 2020 war
1175 1997 1231 2031 ep.
1271 1986 1406 2026 CVII..
1443 1986 1525 2019 weil
1550 1986 1679 2020 Milo's

193 2034 351 2068 Tei-min
376 2035 444 2068 auf
470 2033 545 2067 den
570 2036 657 2070 7ten
684 2035 758 2069 fiel.
786 2053 830 2059 --
857 2035 900 2068 de
926 2034 1089 2070 Laterio.
1140 2033 1298 2076 Quintus
1319 2035 1451 2068 Cicero
1477 2034 1582 2067 hatte
1608 2034 1678 2067 seit

192 2083 314 2116 seiner
340 2082 615 2118 Zuriickkunft
641 2094 703 2117 aus
731 2085 840 2118 Asien
867 2083 938 2117 mil:
963 2084 1104 2121 diesem
1137 2083 1266 2116 seinen
1292 2083 1489 2127 Landgute
1522 2083 1583 2116 bei
1609 2084 1676 2115 Ar-

191 2131 231 2176 pi
257 2129 608 2177 Vergrosserungen
641 2132 718 2166 und
746 2131 1110 2177 Vei-schonerungen
1137 2142 1456 2176 vorgenommen,
1507 2131 1570 2164 die
1604 2131 1677 2163 den

191 2181 471 2214 benachbarten
497 2180 788 2226 Arpinatischen
815 2181 1048 2215 Landleuten
1084 2180 1194 2225 liistig
1226 2180 1319 2214 oder
1343 2191 1412 2226 gar
1438 2178 1677 2224 nachtbeilig

193 2227 390 2264 schienen.
450 2228 485 2263 S.
513 2241 571 2274 ep.
605 2230 768 2266 CXLVI.
822 2248 865 2254 ——
916 2226 935 2262 ὁ
969 2226 1017 2263 δὲ
1043 2255 1052 2263 .
1081 2255 1092 2266 .
1118 2254 1127 2263 .
1159 2223 1348 2272 μύθων,
1382 2228 1448 2262 hic
1476 2228 1676 2274 (Quintus)
1738 2265 1739 2268 Ἴ

193 2288 282 2312 vero
308 2289 387 2311 non
415 2278 598 2320 curabat,
626 2288 719 2322 quae
745 2278 983 2312 dicebantur.
1046 2278 1120 2312 Ein
1148 2279 1239 2310 Vers
1265 2288 1331 2311 aus
1353 2279 1513 2311 Homers
1540 2276 1672 2321 OdysS.

192 2328 237 2363 A.
262 2327 346 2361 271.
373 2327 456 2361 305.
487 2346 530 2352 -—
559 2327 653 2361 Quid
673 2325 865 2371 superest!
901 2326 1038 2360 Etiam.
1102 2327 1192 2359 Ἔνος
1225 2326 1331 2359 hatte
1367 2324 1434 2358 ich
1468 2326 1540 2358 Dir
1575 2324 1677 2358 noch

191 2385 239 2408 zu
267 2374 489 2408 schreiben?
553 2375 665 2408 Doch
692 2376 747 2419 ia,
773 2376 865 2409 ietzt
892 2374 978 2408 stillt
1003 2375 1108 2407 mir's
1135 2375 1205 2407 ein.
1231 2392 1275 2399 --
1309 2373 1454 2407 curabis
1487 2377 1520 2407 et
1545 2372 1676 2413 amab„

191 2429 280 2456 stutt
316 2423 379 2457 des
416 2424 675 2469 imperativus.
735 2424 772 2458 S.
808 2423 960 2458 Ramsh.
986 2424 1014 2467 ξ.
1044 2424 1134 2465 164,
1170 2423 1239 2457 111.
1266 2423 1369 2455 Anm.
1398 2423 1430 2457 8.
1459 2422 1493 2455 b.
1523 2420 1674 2454 Grotef.
