1742 3006
544 53 861 98 EPISTOLA
906 54 1084 98 XCIII.
1473 53 1566 103 325

78 170 268 219 ducere3
298 182 429 224 quem
457 182 541 223 ego
572 168 715 221 ipsum
744 180 878 220 quum
907 166 1058 217 audio,
1088 180 1269 222 prorsus
1289 180 1388 209 eum
1417 167 1560 209 libero

76 226 197 266 omni
226 227 481 280 suspicione
511 223 801 278 cupiditatis;
832 236 965 277 quum
995 227 1143 264 autem
1182 225 1279 265 eius
1310 223 1559 264 familiares

75 282 271 322 omnium
300 281 507 322 ordinum
537 279 700 331 video,
731 278 980 334 perspicio,
1011 278 1058 318 id
1090 281 1206 333 quod
1237 280 1325 320 iam
1356 279 1558 319 omnibus

77 341 146 377 est
175 341 402 391 apertum,
432 340 570 376 totam
601 349 695 375 rem
724 336 859 376 istam
887 334 977 374 iam
1008 334 1183 387 pridem
1203 349 1230 376 a
1252 335 1389 376 certis
1411 333 1558 375 homi-

76 393 230 445 nibus,
279 406 367 433 non
405 392 552 432 invito
594 404 698 445 rege
739 391 838 444 ipso
886 389 1252 444 consiliariisque
1293 391 1415 443 eius,
1460 403 1558 431 esse

75 452 346 502 corruptam.
424 446 552 488 Haec
593 447 754 501 scripsi
796 460 833 487 a.
875 445 917 486 d.
959 444 1096 487 XVI.
1136 445 1242 489 Kal.
1283 448 1414 488 Febr.
1454 450 1556 487 ante

75 504 234 544 lucem.
301 503 369 544 Eo
409 502 483 543 die
522 507 700 543 senatus
741 506 838 543 erat
875 501 1065 542 futurus.
1145 500 1240 542 Nos
1288 503 1335 543 in
1384 506 1557 554 senatu,

74 558 445 614 quemadmodum
475 572 631 612 spero,
677 558 943 613 dignitatem
974 560 1197 610 nostram,
1236 560 1285 598 ut
1324 562 1473 612 potest
1509 558 1558 598 in

73 620 199 656 tanta
226 614 456 655 hominum
486 613 678 669 perfidia
700 619 745 655 et
767 613 1031 668 iniquitate,
1061 613 1365 655 retinebimus.
1425 613 1559 663 Quod

72 671 130 711 ad
160 671 422 725 popularem
460 671 679 711 rationem
720 671 905 722 attinet,
941 669 1030 710 hoc
1069 668 1278 710 videmur
1316 682 1413 711 esse
1452 681 1559 709 con-

72 726 244 779 secuti,
287 730 337 767 ut
374 740 429 766 ne
469 727 580 780 quid
618 727 691 781 agi
731 739 831 766 cum
872 725 1035 780 populo
1066 730 1144 766 aut
1172 725 1312 766 salvis
1342 725 1560 779 auspiciis

73 786 150 823 aut
187 783 326 823 salvis
370 782 542 835 legibus
581 788 658 823 aut
695 781 888 836 denique
929 783 1025 822 sine
1061 782 1109 822 vi
1149 781 1305 836 possit.
1376 781 1448 822 De
1487 779 1560 821 his

75 839 205 878 rebus
236 837 407 892 pridie,
437 852 568 891 quam
598 837 712 878 haec
741 837 928 892 scripsi,
969 842 1149 878 senatus
1179 836 1428 877 auctoritas
1458 849 1560 890 gra-

74 894 260 935 vissima
289 894 565 934 intercessit:
606 894 677 933 cui
707 907 844 947 quum
874 893 989 934 Cato
1021 898 1066 934 et
1094 893 1312 934 Caninius
1342 893 1560 933 interces-

73 950 259 1002 sissent,
297 955 445 990 tamen
477 953 544 990 est
573 949 839 1003 perscripta.
907 949 1024 989 Eam
1063 949 1121 990 ad
1165 953 1211 990 te
1249 949 1432 989 missam
1462 960 1559 988 esse

72 1006 282 1046 arbitror.
351 1005 420 1046 De
462 1006 626 1046 ceteris
657 1005 810 1058 rebus,
851 1004 1075 1059 quidquid
1106 1005 1195 1045 erit
1224 1008 1400 1055 actum,
1446 1003 1559 1044 scri-

70 1061 174 1102 bam
211 1060 268 1101 ad
307 1064 375 1102 te:
423 1064 494 1109 et,
535 1065 585 1101 ut
624 1073 755 1115 quam
784 1061 1037 1102 rectissime
1074 1065 1258 1115 agatur,
1302 1059 1424 1100 omni
1460 1071 1562 1100 mea

0 1129 11 1175 ιἸ
73 1130 204 1170 cura,
233 1130 392 1171 opera,
423 1116 691 1171 diligentia,
719 1118 870 1171 gratia
896 1117 1160 1171 providebo.
1218 1115 1354 1158 Vale.

71 1234 139 1270 illo
163 1236 252 1269 s'um.
278 1254 320 1260 -
348 1235 577 1280 cupiditatis,
604 1235 712 1269 einer
737 1235 1033 1285 eigenniitzigen
1059 1233 1226 1270 Absicht.

170 1284 203 1318 4.
230 1296 264 1318 a.
293 1285 328 1320 d.
355 1283 464 1319 XVI.
493 1284 580 1317 Kal.
606 1283 738 1326 Feb-12,
771 1296 830 1318 am
866 1285 978 1319 14ten
1007 1284 1160 1320 Ianuar.
1192 1302 1234 1308 -
1269 1286 1309 1316 ut
1338 1285 1456 1325 potest
1481 1280 1561 1315 scil.

74 1330 174 1364 fieri.
226 1324 330 1366 U'ber
355 1332 454 1366 diese
481 1331 695 1376 Veredlung
721 1332 784 1365 des
810 1331 1026 1365 Ausdrucks
1051 1331 1175 1366 durch
1201 1332 1328 1364 Kiirze
1353 1341 1381 1364 s.
1408 1327 1561 1363 Ramsh.

74 1379 102 1420 §.
129 1379 210 1418 205,
235 1381 270 1421 3,
304 1381 341 1416 b.
373 1398 418 1405 -—-
457 1379 505 1414 ad
533 1390 616 1422 pop.
653 1383 747 1421 rat.‚
782 1378 842 1413 die
874 1381 1102 1427 Massregel‚
1146 1380 1206 1413 die
1238 1376 1359 1412 Sache
1389 1387 1461 1411 vor
1497 1377 1562 1410 das

74 1426 176 1460 Volk
205 1439 248 1461 zu
266 1428 428 1477 bringen
467 1447 510 1452 —-
535 1427 628 1460 salv.
657 1438 755 1470 ausp.
782 1437 821 1461 so
846 1428 959 1474 lange
984 1425 1186 1472 Auspicien
1212 1439 1250 1465 u.
1278 1426 1437 1461 Gesetze
1461 1424 1562 1458 noch

72 1475 200 1508 Etwas
227 1476 354 1522 gelten
370 1502 379 1518 ,
405 1475 475 1509 soll
501 1486 589 1509 vom
615 1475 738 1509 Volke
765 1474 901 1508 Nichts
926 1487 972 1508 zu
997 1475 1180 1509 fiirchten
1215 1474 1311 1508 sein.
1362 1473 1469 1509 Denn
1495 1471 1562 1508 ich

72 1523 200 1556 werde
226 1525 347 1556 durch
375 1525 556 1565 Manner,
590 1523 663 1556 wie
690 1523 758 1556 der
790 1524 936 1556 Tribun
961 1523 1127 1557 Racilius
1152 1523 1230 1557 und
1257 1522 1427 1556 Plancius
1452 1523 1495 1563 (s.
1524 1523 1560 1556 d.

6 1583 8 1606 ³,
72 1571 183 1605 90ten
209 1571 324 1604 Brief.
351 1571 380 1614 §.
408 1573 460 1612 3.)
486 1571 557 1613 ist,
583 1581 706 1618 gegen
731 1570 792 1604 die
818 1571 985 1617 Anfrage
1011 1571 1110 1604 beim
1129 1571 1252 1605 Volke
1278 1571 1338 1604 ein
1359 1569 1454 1603 Veto
1480 1571 1562 1603 ein-

5 1617 8 1654 ?
71 1618 183 1665 legen
219 1619 310 1652 oder
342 1617 464 1652 durch
498 1618 559 1652 die
592 1618 756 1663 spectio,
792 1618 856 1652 das
888 1629 1040 1652 servare
1075 1619 1119 1653 de
1151 1620 1280 1658 caelo,
1314 1618 1388 1652 alle
1420 1619 1562 1653 Unter·

72 1666 270 1715 handlung
302 1667 372 1700 mit
403 1667 487 1701 dem
522 1666 644 1700 Volke
676 1672 904 1714 untersagen
939 1667 1079 1708 lassen3
1112 1679 1188 1700 was
1220 1665 1340 1709 doch,
1375 1676 1413 1699 so
1447 1667 1562 1712 lange

73 1714 231 1748 Gesetze
266 1716 413 1762 gelten,
452 1713 629 1760 geachtet
662 1714 737 1747 und
770 1714 915 1759 befolgt
949 1714 1099 1748 werden
1130 1726 1241 1748 muss.
1277 1713 1317 1751 S.
1352 1714 1453 1749 Orat.
1489 1723 1562 1758 pro

3 1779 7 1801 1
74 1761 202 1796 Sextio
229 1775 260 1797 c.
287 1765 347 1799 36.
375 1754 539 1807 Philipp.
567 1763 597 1803 Ι,
626 1764 682 1797 10.
709 1781 754 1787 --
779 1762 859 1796 sine
882 1762 937 1802 vi,
973 1761 1073 1796 ohne
1099 1762 1179 1796 dass
1211 1763 1271 1796 die
1304 1761 1448 1795 andern
1473 1760 1563 1796 Tri-

72 1810 196 1843 bunen
224 1812 372 1845 Gewalt
395 1809 640 1859 gebrauchen
666 1811 754 1851 (wie
780 1810 947 1856 Philipp.
976 1810 1007 1851 l,
1036 1813 1092 1845 10.
1120 1811 1203 1855 Vgl.
1223 1811 1268 1844 ad
1286 1808 1414 1851 Quint.
1431 1810 1560 1844 Fratr.

2 1869 5 1886 ¹
71 1858 124 1899 11,
150 1860 183 1894 2.
211 1859 397 1904 suspicor,
429 1870 498 1904 per
524 1859 597 1891 vim
633 1858 872 1905 rogationem
913 1858 1110 1892 Caninium
1144 1858 1428 1904 perlaturum),
1460 1857 1560 1891 deun

74 1906 136 1939 das
167 1905 263 1941 Volk
291 1908 342 1941 sei
371 1907 450 1939 ihm
478 1905 584 1939 nicht
610 1905 759 1940 abhold.
785 1905 823 1943 S.
849 1917 905 1952 ep.
933 1907 1042 1941 XCV.
1073 1925 1113 1932 —
1147 1911 1294 1940 senalus
1324 1909 1418 1939 auct.
1447 1916 1560 1948 grav.

1 1954 4 1981 ἐ
73 1954 221 1996 intera,
254 1955 314 1988 ein
342 1953 687 1988 nachdriickliches
712 1955 1049 1999 Senatsgutachten
1076 1955 1123 1988 ist
1147 1961 1296 1998 gestern
1323 1954 1490 1999 dagegen
1517 1965 1563 1986 zu

74 2002 269 2036 Protokoll
287 2003 467 2050 gegeben.
495 2021 539 2027 —
569 2001 609 2035 C.
628 2001 721 2036 Cato
746 2002 975 2036 adolescens.
1002 2002 1039 2037 S.
1061 2014 1118 2048 ep.
1140 2004 1218 2046 XC,
1245 2004 1277 2038 2.
1304 2020 1352 2027 —
1377 2005 1416 2034 ut
1442 2012 1563 2045 quam,

73 2050 373 2097 Martyni-Lag.
403 2049 489 2083 Sch.
516 2051 612 2084 Liin.
638 2054 743 2094 utque
771 2062 877 2095 quam
902 2055 1034 2084 contra
1061 2051 1143 2085 Md.
1171 2069 1213 2076 —
1254 2049 1352 2084 omni
1375 2059 1469 2085 mea.
1498 2049 1562 2083 Sic

73 2097 176 2131 Vict.
206 2100 240 2133 2.
269 2103 408 2139 agatur
433 2098 553 2131 omnia
579 2108 655 2130 mea
680 2099 759 2132 Md.
786 2105 978 2144 corrupte.
1002 2103 1165 2141 agantur
1180 2099 1322 2140 omnia,
1348 2108 1430 2131 mea
1456 2099 1559 2133 Crat.

74 2142 175 2179 Vict.
212 2149 243 2180 1.
282 2148 420 2179 Graev.
454 2146 545 2179 Ern.
581 2145 715 2180 Bened.
750 2146 837 2180 sch.
874 2147 967 2179 hun.
1002 2151 1185 2189 agantur,
1230 2146 1324 2179 omni
1363 2156 1441 2179 mea
1473 2146 1560 2180 Ald.

73 2193 203 2226 Lamb.
237 2195 343 2239 prob.
373 2192 514 2227 D'a‘hne.
550 2199 711 2235 agantur
748 2195 885 2236 omnia,
930 2194 1022 2226 ounn'
1067 2205 1143 2227 mea
1183 2194 1481 2240 Martyni-Lag.
1515 2194 1561 2227 de

74 2243 189 2286 Beng.
217 2243 314 2275 coni.
345 2241 537 2274 0R13LL1.
566 2260 611 2265 —
644 2243 791 2284 gratia,
818 2243 890 2277 mit
916 2242 1079 2275 meinem
1106 2242 1249 2278 Credit.
1276 2262 1320 2267 —
1350 2242 1560 2286 providebo.

74 2287 136 2322 Sic
162 2290 242 2323 Md.
270 2291 373 2323 Vict.
404 2291 433 2323 l.
471 2291 504 2324 2.
540 2290 841 2338 Martyni-Lag.
876 2290 962 2324 add.
997 2289 1093 2325 Vale
1126 2290 1279 2335 Ceteri3
1312 2290 1351 2325 id
1384 2290 1484 2336 quod
1519 2290 1560 2324 in

74 2347 176 2382 seqq.
202 2350 278 2372 non
304 2338 377 2372 iam
405 2337 604 2372 notabitur.
632 2338 832 2374 ORELLI.
