1742 3006
532 54 873 99 EPISTOLA.
893 55 1089 114 exui.
1465 55 1558 104 443

77 170 310 213 obscuram
337 179 476 223 neque
502 170 603 221 post
629 167 849 221 ingratam
879 141 1029 209 fuisse.
1089 167 1184 209 Iter
1209 167 1461 210 Asiaticum
1489 172 1556 211 tu-
1593 178 1622 217 2

12 256 13 267 ,
78 240 152 267 um
183 228 286 280 puto
312 224 396 265 tibi
423 223 751 277 suscipiendum
781 222 934 265 fuisse.
991 222 1228 278 Nunquam
1249 224 1366 265 enim
1384 228 1433 266 tu
1462 225 1558 267 sine

79 281 322 323 iustissima
351 292 483 322 causa
510 282 601 320 tam
644 280 772 333 longe
802 292 829 321 a
856 282 924 334 tot
951 279 1040 320 tuis
1069 284 1113 321 et
1140 279 1388 322 hominibus
1418 284 1463 321 et
1491 294 1560 323 re-

79 339 160 379 bus
190 334 433 378 carissimis
463 337 508 375 et
535 335 810 376 suavissimis
839 335 992 376 abesse
1015 335 1240 376 voluisses.
1299 334 1388 377 Sed
1407 335 1561 378 huma-

12 384 15 396 ‘
81 393 264 434 nitatem
292 395 412 432 tuam
441 403 722 444 amoremque
752 392 797 431 in
840 395 939 432 tuos
976 389 1145 432 reditus
1183 391 1387 435 celeritas
1417 391 1561 434 decla-

82 449 215 490 rabit.
271 444 359 487 Sed
387 459 570 499 vereor,
601 460 657 488 ne
684 447 836 501 lepore
864 451 908 488 te
936 460 1015 489 suo
1045 446 1239 488 detineat
1267 446 1432 489 diutius
1463 447 1561 490 rhe-

81 509 154 546 tor
183 501 365 545 Clodius
395 504 438 543 et
465 501 598 543 homo
627 502 932 557 pereruditus,
973 506 1022 543 ut
1062 504 1206 554 aiunt,
1246 507 1290 543 et
1327 516 1440 545 nunc
1468 504 1562 559 qui-

81 559 184 601 dem
213 558 387 600 deditus
417 557 604 599 Graecis
632 559 774 599 literis
803 558 1051 600 Pituanius.
1120 558 1233 609 Sed,
1264 558 1399 605 silvis
1429 558 1562 603 homo

81 628 200 666 esse,
230 614 379 669 recipe
407 617 452 655 te
481 613 537 654 ad
559 628 654 667 nos,
685 614 740 655 ad
764 615 880 668 quod
906 618 1077 668 tempus
1100 612 1391 657 confirmasti.
1449 616 1564 658 Cum

80 671 172 712 illis
201 674 372 722 tamen,
412 683 543 724 quum
584 671 696 711 salvi
735 671 955 723 venerint,
994 669 1169 712 Romae
1206 670 1356 712 vivere
1398 669 1562 714 licebit.

79 727 226 769 Avere
254 729 298 767 te
327 725 514 779 scribis,
556 727 758 781 accipere
797 726 963 781 aliquid
990 739 1019 767 a
1047 740 1118 767 me
1147 726 1400 777 literarum3
1442 727 1562 782 dedi,
1600 734 1628 775 3

81 796 148 830 ac,
165 781 316 823 multis
346 781 522 836 quidem
551 781 608 822 de
637 783 791 835 rebus,
834 780 1092 832 ἡμερολεγδὸν
1119 781 1365 836 perscripta
1393 784 1563 826 omnia:

81 837 184 891 sed,
215 842 263 879 ut
291 837 508 889 conficio,
549 839 758 890 quoniam
786 837 896 877 mihi
924 852 1013 880 non
1044 837 1213 880 videris
1241 837 1288 878 in
1315 838 1457 892 Epiro
1487 840 1564 881 diu

81 893 244 947 fuisse,
275 893 469 934 redditas
497 893 580 932 tibi
607 906 694 933 non
723 893 930 933 arbitror.
992 894 1141 935 Genus
1171 897 1317 934 autem
1351 907 1563 949 mearum,

82 948 140 990 ad
168 953 211 990 te
238 948 436 1003 quidem,
473 948 701 989 literarum
731 947 949 989 eiusmodi
979 948 1073 989 fere
1103 952 1193 1001 est,
1237 953 1288 989 ut
1313 962 1401 989 non
1430 951 1564 993 libeat

18 1030 21 1041 ι
80 1004 285 1059 cuiquam
315 1004 446 1054 dare,
485 1004 571 1045 nisi
600 1003 655 1045 de
683 1017 768 1058 quo
799 1003 1074 1058 exploratum
1103 1004 1163 1044 sit
1187 1003 1270 1045 tibi
1291 1016 1391 1045 eum
1414 1006 1563 1047 reddi-

79 1064 238 1101 turum.
295 1059 426 1102 Nunc
445 1056 670 1101 Romanas
691 1073 763 1101 res
794 1060 960 1113 accipe.
1017 1060 1069 1101 Α.
1090 1059 1133 1101 d.
1156 1059 1243 1102 ΙΙΙ.
1266 1059 1384 1102 Non.
1408 1061 1560 1112 Quint.
1601 1071 1634 1113 4

80 1115 270 1158 Sufenas
313 1120 357 1157 et
395 1116 510 1157 Cato
549 1117 766 1157 absoluti:
818 1115 1042 1157 Procilius
1089 1117 1423 1158 condemnatus.
1490 1118 1563 1160 Ex

81 1186 167 1227 quo
197 1171 468 1213 intellectum
499 1175 566 1213 est
592 1174 957 1221 τριςαρειοπαγίτας
985 1171 1220 1222 ambitum,
1251 1174 1456 1225 comitia,
1497 1175 1564 1215 in-

81 1232 347 1282 terregnum,
377 1228 669 1279 maiestatem,
697 1231 836 1268 totam
859 1227 1046 1281 (lenique
1068 1241 1161 1268 rem
1179 1228 1399 1281 publicam
1428 1229 1562 1272 flocci

80 1297 168 1326 non
196 1285 361 1326 facere.
420 1284 643 1324 Debemus
673 1287 841 1337 patrem
873 1283 1065 1324 familias
1089 1283 1211 1324 domi
1231 1297 1335 1325 suae
1355 1285 1564 1328 occidere

81 1340 219 1390 nolle5
260 1353 400 1395 neque
437 1343 584 1380 tamen
628 1339 677 1379 id
718 1340 861 1393 ipsum
898 1339 1096 1381 abunde:
1140 1352 1241 1380 nam
1283 1341 1567 1385 absolverunt

80 1484 179 1519 theil
204 1496 252 1518 an
278 1484 418 1518 seinem
452 1483 619 1525 Mende,
655 1483 693 1516 in
725 1493 791 1517 suo
824 1483 970 1527 dolore,
1004 1483 1044 1517 in
1077 1483 1202 1517 exsilii
1234 1485 1466 1531 calamitate,
1501 1501 1565 1538 ge-

79 1544 258 1567 nommen
293 1531 408 1565 batte.
458 1550 505 1556 --
555 1533 769 1575 obscuram,
811 1531 1051 1572 unbekannt,
1085 1532 1328 1578 unbemerkt3
1364 1535 1565 1582 ingratam,

80 1591 302 1626 vergessen‚
328 1578 554 1614 unbelohnt.

177 1643 211 1677 2.
239 1642 322 1675 lter
353 1641 567 1675 Asiaticum.
601 1642 640 1679 S.
673 1653 717 1675 zu
750 1652 807 1687 ep.
845 1640 1061 1675 cxxxvn.
1096 1652 1155 1674 am
1191 1642 1311 1677 Ende.
1348 1663 1393 1670 -
1433 1645 1567 1682 Sextus

83 1690 251 1726 Clodius.
280 1688 434 1730 rhetor,
467 1688 625 1726 Siculus,
651 1690 741 1724 Vid.
769 1690 920 1724 sueton.
948 1690 987 1723 in
1014 1688 1104 1723 clar.
1131 1688 1287 1725 Rhetor.
1315 1702 1347 1725 c.
1377 1694 1410 1729 5.
1443 1695 1565 1734 Cicer.

82 1737 286 1783 Philippic.
312 1737 364 1776 11,
392 1748 425 1772 c.
453 1738 520 1780 393
555 1738 764 1776 Pituanius,
797 1739 997 1774 Romanus.
1025 1755 1069 1761 ·-
1103 1736 1224 1781 homo,
1259 1739 1320 1772 ein
1347 1741 1465 1777 Mann
1490 1754 1567 1779 von

12 1785 29 1812 L
81 1787 219 1821 Wort.
245 1803 293 1810 —
318 1785 367 1818 ad
390 1785 483 1829 quod
506 1789 642 1829 tempus
665 1791 702 1820 te
728 1786 942 1820 rediturum
969 1796 1045 1820 esse
1070 1784 1308 1826 confirmasti.

178 1849 211 1882 3.
238 1842 578 1892 ἡμερολεγδόν,
613 1853 656 1880 ut
681 1857 851 1891 quaeque
877 1847 1038 1894 singulis
1065 1846 1195 1880 diebus
1221 1848 1459 1893 acciderunt,
1492 1864 1568 1887 was

85 1896 155 1931 seit
179 1896 322 1929 Deiner
345 1894 497 1929 Abreise
523 1906 598 1930 von
623 1895 717 1929 Rom
744 1895 821 1928 und
846 1895 916 1928 wie
943 1906 980 1929 es
1005 1906 1081 1930 von
1107 1896 1209 1941 Tage
1231 1909 1276 1930 zu
1301 1897 1403 1945 Tage
1428 1910 1568 1949 vorge-

114 1956 158 1977 an
191 1954 236 1977 en
262 1943 320 1976 ist.

86 1956 111 1993 g
164 1956 211 2026 gbl.
238 1992 311 2024 Res
342 1991 545 2034 Romanas,
576 1991 678 2024 Was
705 1990 744 2023 in
770 1991 865 2025 Rom
892 2001 1005 2025 neues
1033 1992 1272 2040 vorgefallen
1299 1993 1354 2027 ist.
1383 2013 1427 2019 —
1459 1997 1508 2029 Α.
1535 1998 1568 2031 d.

81 2040 160 2073 111.
186 2039 281 2073 Νοη.
309 2038 449 2082 Quint„
481 2051 540 2072 am
567 2039 653 2073 ὅτευ
680 2037 807 2072 Iulius.
832 2057 880 2064 -
912 2039 968 2072 M.
998 2039 1146 2073 Nonius
1170 2040 1331 2082 Sufenas
1355 2049 1508 2086 praetor
1533 2058 1568 2084 a.

88 2088 134 2123 U.
162 2087 241 2122 705.
270 2086 330 2118 Cf.
358 2086 403 2120 ad
437 2087 549 2120 Attio.
581 2087 689 2127 VIII,
722 2087 755 2122 5.
789 2087 940 2131 Pighius
967 2088 1013 2121 ad
1037 2087 1079 2121 A.
1108 2088 1152 2121 U.
1181 2090 1261 2123 703.
1295 2089 1334 2122 C.
1363 2090 1454 2124 Cato
1481 2093 1569 2128 ado-

83 2136 238 2169 lescens.
273 2132 362 2168 vid.
389 2144 448 2179 ep.
475 2135 555 2177 Lu,
592 2135 635 2169 15
669 2141 741 2168 etc.
803 2135 971 2179 Uterque
1007 2136 1051 2168 de
1085 2136 1227 2169 ambitu
1261 2148 1347 2170 reus
1381 2139 1570 2175 absolutus

84 2189 155 2221 est.
183 2200 225 2206 —
261 2182 450 2216 Procilius
476 2183 520 2216 ob
548 2182 700 2216 caedem
726 2183 765 2216 in
792 2188 900 2228 patre
927 2183 1089 2216 familias
1121 2184 1179 2217 vel
1218 2191 1473 2230 perpetratam
1507 2190 1570 2223 vel

85 2231 308 2265 intentatam
335 2240 419 2263 reus
445 2231 581 2264 fuerat.
607 2230 715 2265 SCH.
745 2229 830 2275 vgl.
859 2241 918 2275 ep.
948 2229 1082 2271 CXVI,
1106 2233 1136 2265 1.
1156 2243 1192 2265 u.
1212 2233 1368 2271 CXLIX,
1387 2236 1421 2269 3.
1473 2237 1571 2270 Ver-

85 2278 264 2312 schieden
290 2288 364 2312 von
390 2277 471 2311 ihm
496 2278 543 2312 ist
568 2278 636 2312 der
661 2279 700 2311 in
726 2289 783 2324 ep.
809 2278 959 2315 XXVII,
987 2278 1178 2312 erw'zihnte
1203 2281 1415 2316 Histoi-lker
1442 2284 1571 2317 Proci-

84 2327 171 2360 lius.
213 2344 257 2350 —
297 2324 757 2372 τριςαρειοπαγίτας,
799 2326 959 2360 eximios
1000 2328 1087 2360 illos
1128 2328 1391 2376 Areopagitas:
1434 2332 1573 2365 ironice

86 2374 203 2408 iustos
228 2379 266 2407 et
291 2383 437 2407 severos
471 2374 623 2408 scilicet.
659 2373 768 2408 SCH.
824 2374 920 2408 Eine
954 2374 1187 2423 Anspielung
1219 2379 1287 2409 auf
1319 2378 1381 2411 die
1414 2380 1574 2414 Richter

86 2423 150 2456 des
175 2420 394 2468 Areopagus
426 2424 466 2455 in
497 2423 620 2456 Athen
653 2423 730 2456 und
754 2423 821 2456 auf
845 2423 904 2455 die
932 2423 1014 2456 drei
1044 2424 1192 2457 Classen
1220 2435 1291 2457 von
1319 2425 1502 2460 Richter-n
1529 2441 1575 2461 zu

88 2471 199 2505 Rom,
226 2488 270 2494 -—
296 2468 468 2509 comitia,
494 2471 647 2512 interm,
674 2471 777 2510 mai.‚
806 2470 1116 2504 autriihrerische
1136 2472 1346 2514 Comitien,
1374 2473 1575 2509 nothwen-

89 2516 155 2561 dig
188 2516 406 2563 gemachtes
438 2518 722 2564 Interregnum‚
757 2519 1185 2553 Maiestatsverbrechen
1221 2532 1254 2551 u.
1290 2534 1315 2553 s.
1345 2523 1371 2554 f.
1401 2540 1443 2545 -—-
1479 2524 1574 2558 occi-

88 2564 187 2597 dere.
221 2563 305 2598 Sch.
341 2576 438 2610 susp.
472 2567 603 2600 occidi.
658 2566 796 2611 Agitur
831 2566 934 2600 enim
972 2567 1017 2600 de
1052 2567 1238 2600 iudicibus
1271 2567 1370 2603 intex-
1409 2570 1573 2606 sicarios.

91 2612 239 2645 Horum
264 2617 318 2645 est
344 2614 567 2656 providere,
595 2624 642 2647 ne
667 2616 768 2648 cives
794 2615 1035 2654 occiduntur,
1062 2625 1200 2660 poenas
1222 2615 1368 2662 legibus
1395 2616 1430 2650 ci
1458 2621 1573 2653 male-

92 2658 180 2693 ficio
206 2659 426 2695 constitutas
452 2662 722 2708 persequendo.
752 2681 790 2687 -—
820 2674 927 2706 neque
944 2688 951 2696 .
973 2689 980 2695 .
1008 2686 1017 2695 .
1046 2662 1195 2696 abunde.
1223 2660 1426 2707 εἰρωνικιῖιςε
1454 2679 1574 2712 neque

92 2712 220 2741 tamen
245 2717 338 2753 opus
362 2715 434 2753 est,
469 2716 509 2744 ut
545 2710 653 2744 multi
681 2711 742 2744 vel
770 2721 899 2744 omnes
926 2711 1067 2745 iudices
1095 2710 1144 2743 ita
1173 2712 1353 2754 seminum
1379 2714 1460 2748 scil.
1486 2718 1574 2760 quia
