1742 3006
571 67 894 109 EPISTOLA
926 68 1044 110 XXI.
1508 70 1567 116 67

58 182 105 220 ut
133 182 286 234 aperte
316 178 478 219 victrix
508 179 700 232 nequitia
733 191 785 219 ac
816 179 953 220 libido
984 194 1147 234 poenas
1179 182 1232 222 ab
1261 184 1430 238 optimo
1459 198 1566 239 quo-

56 249 139 290 que
168 240 338 291 peteret
367 235 434 275 sui
465 234 650 287 doloris,
681 248 813 288 quem
841 236 1173 289 improbissimo
1204 240 1363 294 cuique
1393 241 1561 281 inusse-

56 296 127 332 rat
157 292 370 333 severitas
400 291 652 331 consulatus
681 292 782 331 mei.
846 291 972 332 Idem
1003 306 1085 347 ego
1117 295 1207 344 illo,
1237 312 1301 324 ——‘
1323 310 1411 337 non
1442 297 1559 338 enim

56 347 168 388 mihi
196 347 352 390 videor
379 346 622 387 insolenter
643 347 844 401 gloriari,
876 360 1008 402 quum
1032 349 1085 388 de
1105 364 1173 390 me
1195 351 1312 405 apud
1330 357 1374 393 te
1387 353 1558 407 loquor,

55 404 100 444 in
132 417 184 445 ea
212 404 476 457 praesertim
505 403 717 457 epistola,
759 416 889 457 quam
920 404 1024 445 nolo
1054 405 1154 446 aliis
1186 407 1297 461 legi,
1330 431 1380 438 —
1423 409 1558 460 idem,

53 460 254 514 inquam,
308 472 391 513 ego
432 459 631 501 recreavi
671 459 869 501 afflictos
912 461 1082 501 animos
1111 462 1350 515 bonorum,
1405 479 1559 506 unum-

52 529 267 571 quemque
298 514 580 567 confirmans,
612 516 825 556 excitans.
886 516 1164 558 Insectandis
1193 533 1301 560 vero
1332 523 1558 575 exagitan-

52 572 208 626 disque
245 572 503 612 nummariis
542 571 762 613 iudicibus
801 586 976 613 omnem
1023 575 1224 615 omnibus
1264 577 1474 619 studiosis
1505 591 1557 619 ac

51 628 299 669 fautoribus
330 628 452 668 illius
482 628 700 670 victoriae
730 631 960 678 παρρησίαν
989 629 1156 683 eripui3
1206 631 1421 674 Pisonem
1453 648 1555 674 con-

49 685 188 725 sulem
218 684 342 724 nulla
370 684 416 724 in
449 697 495 725 re
523 685 768 725 consistere
799 698 988 738 unquam
1020 699 1116 725 sum
1146 700 1334 740 passus:
1366 689 1555 743 despon-

49 753 143 781 sam
180 740 351 781 homini
388 741 476 780 iam
517 740 697 795 Syriam
748 740 919 781 ademi:
981 747 1180 783 senatum
1221 745 1278 784 ad
1318 747 1553 799 pristinam

47 810 171 838 suam
201 797 480 839 severitatem
509 797 717 839 revocavi
747 802 878 851 atque
908 797 1127 838 abiectum
1169 802 1391 843 excitavi:
1452 802 1553 844 Clo-

47 853 171 893 dium
198 857 478 907 praesentem
509 852 627 908 fregi
668 854 714 893 in
745 857 900 894 senatu
929 867 1061 907 quum
1093 857 1293 897 oratione
1323 861 1549 912 perpetua,

46 910 306 963 plenissima
342 909 600 962 gravitatis,
655 913 748 950 tum
778 910 1070 951 altercatione
1101 913 1344 965 eiusmodi,
1383 928 1437 954 ex
1465 929 1551 969 qua

45 966 149 1006 licet
186 978 327 1019 pauca
367 965 585 1020 degustes.
663 965 781 1006 Nam
831 970 981 1007 cetera
1021 981 1110 1008 non
1149 974 1335 1022 possunt
1385 969 1551 1012 habere

42 1035 182 1076 neque
212 1022 302 1062 vim
332 1034 471 1075 neque
501 1025 791 1074 venustatem,
823 1027 993 1063 remoto
1023 1024 1099 1064 illo
1130 1025 1277 1066 studio
1305 1028 1551 1068 contentio-

43 1078 127 1129 nis,
157 1091 287 1131 quem
316 1075 449 1125 ᾰγῶνει
476 1092 554 1119 vos
586 1078 830 1134 appellatis.
900 1078 1042 1132 Nam,
1094 1084 1142 1121 ut
1181 1081 1296 1123 Idib.
1328 1081 1463 1124 Maiis
1503 1084 1549 1124 in

43 1139 242 1175 senatum
281 1134 588 1186 convenimus,
641 1139 820 1189 rogatus
859 1148 940 1189 ego
982 1137 1244 1177 sententiam
1285 1140 1425 1180 multa
1455 1140 1548 1180 dixi

42 1191 99 1231 de
141 1204 310 1231 summa
347 1203 397 1230 re
443 1192 618 1244 publica
655 1196 786 1245 atque
824 1191 898 1232 ille
936 1192 1060 1233 iocus
1090 1193 1298 1235 inductus
1328 1208 1354 1235 a
1383 1208 1454 1235 me
1484 1202 1550 1237 est

41 1246 276 1288 divinitus:
320 1259 412 1297 »ne‚
442 1260 530 1287 una
558 1248 690 1302 plaga
719 1252 916 1301 accepta,
948 1253 1096 1303 patres
1127 1251 1371 1304 conscripti
1402 1254 1549 1292 conci-

44 1303 224 1354 derent,
274 1316 327 1343 ne
366 1302 632 1344 deficerent:
681 1304 837 1345 vulnus
876 1318 973 1345 esse
1003 1306 1247 1358 eiusmodi,
1288 1306 1406 1360 quod
1436 1308 1547 1349 mihi

41 1372 123 1399 nec
153 1358 520 1399 dissimulandum
550 1373 631 1399 nec
659 1360 1063 1414 pertimescendum
1092 1362 1345 1403 videretur:
1387 1377 1443 1404 ne
1474 1370 1547 1407 aut

41 1415 288 1470 ignorando
313 1414 564 1456 stultissimi
586 1419 660 1456 aut
674 1415 909 1457 metuendo
931 1417 1210 1470 ignavissimi
1222 1418 1544 1463 iudicaremur:

134 1547 168 1581 8.
194 1545 284 1579 aliis
305 1552 396 1581 statt
423 1547 468 1579 ab
493 1546 591 1579 aliis.
654 1539 758 1580 Uber
785 1547 912 1580 diesen
941 1548 1053 1581 Dativ
1080 1549 1142 1581 bei
1168 1550 1327 1586 Passivis
1354 1565 1380 1586 s.
1409 1552 1546 1598 Zumpt

39 1597 73 1639 ᾗ,
99 1595 184 1629 419.
244 1594 398 1627 Ramsh.
428 1595 461 1637 ᾗ.
492 1595 573 1630 124.
621 1615 662 1620 —
698 1595 838 1638 inquam
865 1596 977 1629 fuhrt
1003 1597 1099 1629 nach
1128 1598 1216 1631 dem
1243 1596 1545 1635 2wischensa⁴tze

41 1643 108 1677 auf
135 1643 196 1676 die
224 1644 492 1676 Construction
520 1643 582 1676 des
607 1644 858 1688 Hauptsatzes
884 1645 1043 1681 zuruck.
1103 1647 1136 1678 S.
1166 1648 1304 1693 Zumpt
1329 1651 1358 1693 §.
1389 1650 1470 1684 736.
1501 1670 1545 1675 -—

39 1692 213 1731 excitans,
240 1691 324 1724 edd.
352 1694 504 1724 Ascens.
534 1691 563 1725 1.
620 1693 719 1725 Crat.
747 1693 882 1725 Lamb.
909 1697 943 1726 et
969 1694 1143 1730 excitans.
1170 1715 1213 1720 —
1241 1697 1472 1731 Insectandis

39 1739 217 1773 iudicibus
242 1740 270 1772 f.
296 1740 516 1773 insectando
545 1766 552 1772 .
581 1765 591 1775 .
621 1765 630 1773 .
657 1741 960 1786 exagitandoque
988 1743 1220 1776 nummarios
1247 1746 1325 1785 (die
1343 1747 1544 1780 bestoche-

40 1792 128 1824 nen>
161 1788 318 1821 iudices.
380 1788 606 1822 Wesshalb'.)
665 1789 704 1821 S.
740 1790 879 1834 Zumpt
909 1790 941 1833 ᾖ.
975 1791 1055 1826 667.
1120 1793 1274 1827 Ramsh.
1310 1796 1337 1838 §.
1378 1796 1467 1837 169,
1505 1797 1539 1830 5.

38 1837 335 1881 παῤῥησίαν,
377 1837 437 1870 die
463 1837 558 1869 freie
584 1837 776 1882 Sprache‚
819 1837 883 1871 das
918 1838 1015 1871 freie
1040 1839 1178 1874 Reden.
1208 1861 1253 1866 —
1279 1844 1478 1877 consistere
1503 1845 1542 1876 in

38 1897 94 1926 re,
128 1886 249 1918 festen
275 1886 366 1919 Fuss
399 1886 514 1919 worin
540 1886 765 1930 gewinnen;
809 1898 880 1920 von
918 1887 985 1920 der
1017 1888 1316 1924 Fechterschule
1350 1891 1541 1926 entlehnt.

38 1952 85 1958 —
125 1944 233 1978 quum
267 1958 275 1965 .
301 1961 309 1968 .
337 1959 345 1966 .
382 1937 453 1967 tum
486 1947 535 1965 z
562 1934 709 1967 sowohl
746 1959 754 1968 .
782 1959 790 1966 .
820 1960 829 1968 .
871 1935 924 1968 als
958 1936 1248 1972 in’sbesondere.
1314 1940 1349 1973 S.
1383 1941 1538 1974 Ramsh.

39 1982 74 2025 ᾗ.
103 1984 184 2018 178.
212 1982 259 2016 Ν.
288 1984 321 2017 2.
380 1982 516 2027 Zumpt
543 1983 576 2026 §.
603 1984 684 2018 339.
742 1982 888 2017 Schiitz
913 1984 952 2017 in
978 1985 1035 2018 ed.
1062 1986 1155 2020 min.
1184 1991 1253 2020 tum
1281 2017 1288 2024 .
1316 2013 1325 2021 .
1350 2013 1359 2022 .
1387 1993 1470 2023 tum.
1499 2008 1541 2013 -

37 2035 133 2063 orat.
159 2041 265 2073 perp.
294 2030 412 2063 durch
441 2031 526 2063 eine
552 2031 910 2064 ununterbrochene
937 2033 1061 2076 Rede,
1105 2035 1159 2067 im
1187 2035 1353 2081 Gegens,
1381 2048 1457 2070 von
1484 2039 1541 2071 al-

40 2082 130 2112 terc.
160 2079 322 2123 hitziger
349 2075 638 2113 WVostwechsel.
689 2082 789 2113 Statt
815 2081 989 2115 eiusmodi
1014 2083 1098 2127 gibt
1122 2084 1223 2117 Med.
1251 2097 1284 2117 u.
1313 2085 1370 2119 ed.
1398 2087 1538 2120 Vict.].

36 2125 250 2160 huiusmodi.
276 2145 324 2151 —
357 2132 493 2160 remoto
519 2128 588 2161 illo
613 2129 731 2161 studio
758 2129 785 2162 f.
813 2141 930 2174 quum
956 2137 1145 2165 remotum
1174 2133 1220 2166 sit
1246 2133 1340 2168 illud
1361 2135 1540 2178 studium,

38 2175 86 2207 da
111 2175 191 2208 ihm
218 2175 281 2208 das
306 2176 429 2209 Feuer
456 2176 519 2209 des
536 2177 669 2210 Streits
693 2177 850 2222 abgeht‚
877 2178 961 2212 weil
981 2179 1105 2213 dieser
1122 2182 1289 2216 voriiber
1307 2183 1365 2216 ist.
1417 2184 1538 2220 Denn.

36 2234 102 2257 um
129 2223 193 2256 das
217 2223 301 2258 Salz
325 2224 399 2257 und
425 2225 483 2257 die
509 2223 680 2259 Anmuth
707 2225 770 2260 des
795 2227 1104 2270 Wortwoehsels,
1132 2231 1236 2264 einer
1261 2232 1471 2265 streitrede
1498 2245 1542 2266 zu

35 2271 185 2315 sumen,
213 2284 312 2306 muss
336 2285 422 2307 man
450 2274 552 2307 heim
575 2274 716 2307 Streite
748 2277 1011 2322 gegenw5rtig
1035 2278 1128 2312 sein.
1188 2272 1294 2313 Uber
1320 2280 1395 2313 den
1417 2280 1540 2313 Ablat.

37 2319 153 2354 absol.
181 2332 207 2354 s.
234 2322 372 2367 Zumpt
397 2324 425 2367 ξ.
451 2323 533 2364 640,
560 2323 641 2358 641.
690 2323 842 2363 Ramsh.
871 2326 901 2368 ξ.
922 2326 1002 2364 171,
1029 2327 1071 2360 Β.
1101 2345 1142 2351 --
1172 2323 1295 2372 ἀγῶνα
1321 2340 1386 2362 vos
1411 2330 1539 2373 appel-

36 2368 128 2402 latis
157 2369 181 2402 i.
217 2381 248 2402 e.
282 2373 395 2416 quem
429 2376 554 2405 tecum
588 2372 728 2405 Graeci
762 2373 964 2417 populares
999 2375 1057 2408 tui
1084 2372 1208 2421 ἀγῶνα
1234 2378 1435 2423 appellant.
1487 2378 1540 2411 Er

36 2417 184 2461 spricht
211 2430 292 2452 zum
318 2419 468 2453 Attikus
503 2421 557 2453 als
579 2432 634 2454 ·zu
659 2421 782 2453 einem
804 2421 1021 2467 geborenen
1049 2424 1259 2469 Griechen,
1290 2435 1357 2459 'um
1385 2427 1446 2458 ein
1472 2426 1540 2459 fei-

33 2475 100 2498 nes
127 2467 379 2511 Compliment
403 2468 486 2501 ihm
511 2480 554 2501 zu
580 2468 755 2504 macheu.
1152 2499 1153 2502 ,
1256 2478 1258 2482 ’
1305 2512 1308 2514 Α
1344 2476 1347 2478 “

131 2515 164 2549 9.
190 2515 239 2548 id.
266 2517 374 2560 Mai„
401 2528 463 2550 am
489 2518 546 2552 15.
571 2518 661 2551 Mai.
713 2518 775 2551 Sic
804 2525 912 2552 recte
937 2518 1024 2555 Asc.
1041 2521 1145 2555 Maii
1161 2523 1375 2567 pleraeque.
1405 2522 1534 2556 01³.—

33 2561 78 2594 de
103 2572 131 2595 s.
166 2573 240 2606 rep.
276 2565 356 2598 edd.
388 2566 472 2599 Asc.
500 2568 534 2600 1.
570 2567 672 2600 Crat.
700 2567 734 2602 d.
760 2576 788 2599 s.
816 2568 876 2600 rei
897 2569 1088 2612 publicae,
1127 2571 1222 2603 iiber
1256 2570 1317 2601 die
1342 2571 1445 2618 Lege
1476 2572 1539 2604 des

32 2609 168 2644 staats.
196 2629 240 2635 ——
275 2613 448 2648 divinitus
482 2627 531 2644 Ξ
557 2614 705 2658 divine,
732 2616 1030 2659 admirabiliter,
1057 2618 1129 2651 mit
1155 2619 1225 2651 der
1253 2618 1407 2663 Wiirme
1435 2620 1535 2653 eines

33 2657 325 2703 Begeisterten.=
348 2662 402 2697 ,80
430 2663 475 2696 de
503 2661 663 2705 Oh-atJI,
690 2665 713 2699 2
739 2664 918 2698 divinitus
946 2666 1069 2707 di'cta;
1096 2668 1142 2700 43
1156 2666 1335 2700 divinitus
1354 2673 1536 2701 tractare.

34 2724 78 2730 —
105 2707 312 2749 ignorando
340 2736 347 2743 .
432 2710 509 2752 ign.
539 2712 700 2749 inditur.
750 2714 836 2746 Non
865 2713 1009 2748 habent
1037 2715 1130 2748 haec
1149 2719 1212 2749 aut
1228 2716 1308 2749 niet.
1328 2716 1408 2758 ign.
1429 2717 1535 2752 Med.

35 2754 157 2790 Oxou..⁵
179 2758 212 2797 1,
241 2758 275 2792 2.
311 2758 405 2793 edd..
430 2759 519 2797 Asc.
560 2760 599 2794 1>
645 2763 748 2799 Crat.
785 2761 934 2796 Victor.
966 2765 998 2803 1,
1018 2764 1061 2797 ’2.
1113 2761 1452 2798 Μειη.’Μᾱήίἱεειο
1479 2772 1532 2797 ta-

1000 2814 1064 2857 5.

1599 302 1626 343 8
