1742 3006
504 60 823 107 EPISTULA
853 61 1035 106 XXVI.
1441 66 1528 113 107

37 179 144 220 riae.
204 177 306 219 Hoc
334 179 474 219 totum
503 178 618 224 σῶμα
646 174 810 215 curabo
839 175 888 214 ut
914 173 1087 215 habeas.
1156 175 1218 217 Et
1246 177 1453 231 quoniam
1483 184 1528 220 te

36 246 170 289 quum
192 234 374 288 scripta,
402 236 494 273 tum
517 244 589 272 res
613 244 736 272 meae
762 229 1003 271 delectant:
1034 230 1192 273 iisdem
1218 246 1273 274 ex
1291 233 1416 275 libris
1428 248 1527 288 per-

18 290 196 346 spicies
207 294 250 331 et
261 302 372 345 quae
381 288 595 344 gesserim
608 292 654 328 et
673 299 786 341 quae
806 285 1025 334 dixerim3
1055 291 1130 327 aut
1151 302 1205 329 ne
1224 291 1528 344 poposcisses3

37 360 120 401 ego
132 347 250 387 enim
260 346 342 387 tibi
352 358 421 385 me
437 356 525 385 non
543 342 798 384 offerebam.
831 341 964 391 Quod
987 344 1176 395 quaeris,
1196 346 1302 399 quid
1316 347 1388 399 sit,
1409 347 1528 401 quod

13 414 15 428 ²
37 407 82 444 te
106 415 342 449 arcessam,
371 413 426 441 ac
454 399 586 441 simul
611 398 870 453 impeditum
895 401 940 439 te
961 399 1152 451 negotiis
1179 414 1276 442 esse
1300 402 1527 457 significas

37 471 175 512 neque
213 469 418 508 recusas,
450 456 580 510 quin,
621 468 708 496 non
737 453 870 496 modo
900 455 938 494 si
968 467 1075 508 opus
1106 456 1189 507 sit,
1219 458 1298 497 sed
1327 459 1461 499 etiam
1490 460 1529 500 si

36 515 187 567 velim,
216 525 447 554 accurras:
476 511 588 552 nihil
617 524 721 552 sane
751 514 818 551 est
846 523 1047 559 necesse5
1077 517 1377 555 verumtamen
1408 515 1530 557 vide-

13 571 143 620 §bare
184 569 294 610 mihi
334 574 536 622 tempora
571 567 944 622 peregrinationis
984 568 1258 610 commodius
1287 583 1417 623 posse
1456 571 1530 612 de-

13 624 248 682 }scribere.
299 624 450 667 Nimis
480 625 583 664 abes
611 623 703 675 diu,
732 623 997 678 praesertim
1026 637 1157 677 quum
1187 625 1249 665 sis
1278 626 1324 665 in
1352 628 1530 681 propin-

13 683 134 737 Aquis
171 681 306 723 locis:
346 694 486 735 neque
524 693 604 721 nos
643 684 689 721 te
730 679 922 720 fruimur
964 682 1007 720 et
1035 685 1083 720 tu
1110 681 1236 722 nobis
1265 695 1404 723 cares.
1462 684 1531 724 Ac

13 722 152 791 {nunc
179 738 356 793 quidem
386 738 524 778 otium
554 739 641 777 est:
672 736 768 789 sed,
799 736 838 776 si
866 735 1011 790 paullo
1040 736 1136 789 plus
1159 736 1288 779 furor
1308 738 1531 780 Pulchelli

13 792 249 850 &progredi
271 798 435 849 posset,
456 791 585 835 valde
611 805 692 846 ego
715 796 758 833 te
777 792 913 833 istinc
937 792 1188 837 excitarem.
1219 794 1391 836 Verum
1403 808 1530 849 prae-

13 886 15 893 ,
38 851 158 892 clare
179 850 385 891 Metellus
400 848 590 904 impedit
610 853 656 888 et
677 847 899 902 impediet.
933 847 1055 897 Quid
1078 850 1280 904 quaeris?
1309 852 1394 893 Est
1425 865 1530 893 con-

13 917 18 952 ζ
39 907 106 949 sul
121 906 358 959 φιλόπατρις
370 910 428 958 et,
457 909 505 946 ut
526 917 699 958 semper
719 904 932 958 iudicavi,
962 909 1118 947 natura
1140 907 1291 948 bonus.
1349 909 1436 949 Ille
1456 921 1530 948 au-

15 980 93 1055 'tia
118 1023 273 1067 legitur,
298 1022 543 1064 brevissima3
570 1022 729 1055 alteram
754 1021 1016 1056 desideramus.
1065 1023 1272 1057 MANUT.
1298 1042 1343 1048 —
1391 1020 1531 1067 σῶμα,

14 1066 195 1116 ἒεοτριις,
222 1071 444 1115 Sammlung
470 1070 537 1103 der
564 1070 753 1103 orationes
780 1071 1006 1106 consulares.
1056 1090 1100 1096 -—-
1150 1072 1321 1115 quoniam
1344 1086 1393 1104 z
1419 1083 1533 1118 quom

37 1120 135 1161 iam,
164 1119 246 1164 gibt
272 1120 380 1152 einen
407 1130 478 1152 von
506 1118 572 1152 der
598 1118 822 1163 Gegenwart
847 1118 1194 1164 hergenommenen
1223 1120 1356 1154 Grund
1382 1132 1442 1154 an.
1497 1122 1531 1154 S.

13 1160 190 1209 {Ramsh
217 1168 249 1211 §.
279 1169 357 1210 187,
384 1168 416 1203 2.
468 1167 618 1200 Grotef.
645 1168 724 1203 380.
752 1186 798 1192 —
848 1178 950 1210 quum
975 1193 983 1202 .
1011 1192 1020 1200 .
1048 1193 1055 1200 .
1080 1173 1170 1212 tum,
1196 1169 1342 1203 sowohl
1368 1193 1377 1204 .
1409 1195 1417 1202 .
1446 1194 1454 1201 .
1481 1169 1533 1203 als

14 1215 327 1252 lin'sbesoudere.
393 1217 427 1249 S.
465 1215 620 1249 Ramsh.
658 1216 692 1259 ς».
722 1216 808 1258 178,
845 1217 881 1250 2.
908 1217 946 1254 3.
1000 1216 1149 1251 Grotef.
1189 1218 1222 1261 §.
1248 1219 1329 1253 380.
1355 1218 1531 1251 Anmerk.

14 1263 74 1321 ξς.
107 1265 187 1298 421.
214 1266 322 1297 Anm.
350 1265 383 1299 2.
433 1264 619 1297 Dennoch
651 1265 754 1297 lies’t
786 1264 928 1298 schutz
964 1269 1037 1298 tum
1064 1291 1070 1299 .
1100 1291 1111 1302 .
1140 1290 1148 1297 .
1176 1269 1256 1299 tum.
1284 1284 1329 1291 —
1356 1276 1399 1299 ez
1426 1266 1532 1299 omis.

14 1313 124 1346 eBos.
158 1313 289 1346 Graev.
321 1311 477 1345 Schiitz.
511 1312 619 1345 libris
651 1312 680 1344 i.
721 1323 756 1348 e.
786 1313 1043 1353 orationibus,
1084 1314 1154 1347 wie
1185 1314 1239 1347 im
1274 1315 1383 1350 Orat.
1411 1325 1443 1348 c.
1474 1315 1531 1348 40.

14 1361 19 1379 ¹
40 1360 79 1392 in
104 1365 232 1404 quarto
258 1360 512 1394 Accusationis
537 1359 617 1393 scil.
642 1360 755 1393 libro.
781 1377 826 1384 -
852 1365 914 1394 aut
939 1372 982 1394 ne
1004 1372 1162 1405 peposc„
1189 1363 1282 1395 oder
1306 1363 1367 1395 Du
1393 1362 1534 1396 hattest

14 1381 19 1456 ἱ
40 1409 94 1441 sie
118 1409 228 1442 nicht
252 1409 451 1453 verlangen
480 1408 619 1446 sollen;
662 1407 826 1441 wiirdest
862 1410 916 1442 sie
941 1409 1049 1442 nicht
1074 1410 1239 1445 einmahl
1265 1411 1438 1458 verlangt
1463 1411 1532 1444 ha-

14 1460 19 1487 l
40 1457 131 1490 ben:
169 1468 225 1489 wo
251 1456 394 1500 quidem
419 1456 487 1489 mit
512 1455 639 1490 Reclit
663 1456 776 1490 fehlt.
833 1456 867 1490 S.
894 1458 1051 1492 Ramsh.
1077 1460 1104 1502 §.
1133 1461 1224 1500 191,
1250 1460 1291 1502 2,
1319 1459 1353 1494 b.
1407 1460 1532 1504 Vergl.

14 1489 19 1552 ἰ
41 1504 88 1537 de
113 1505 264 1538 Finibb.
291 1505 341 1546 11,
370 1507 412 1539 17
439 1515 481 1537 ne
506 1505 726 1537 nummulum.
750 1505 949 1547 attigisset.
1015 1507 1162 1540 Petron.
1188 1509 1222 1543 9.
1250 1507 1358 1541 cuius
1383 1519 1430 1540 ne
1457 1509 1534 1553 spi—

13 1553 132 1593 lritus
166 1559 275 1585 notus
309 1558 364 1585 est
396 1564 434 1587 u.
471 1564 498 1585 5.
535 1553 565 1586 f.
628 1553 696 1585 tibi
721 1563 794 1595 me,
834 1554 935 1590 Crat.
961 1555 1094 1589 Lamb.
1121 1566 1177 1588 me
1203 1555 1273 1589 tihi
1299 1562 1369 1590 cet.
1420 1557 1531 1589 Denn

15 1598 103 1634 ‘ich
137 1600 260 1634 wollte
292 1599 398 1633 mich
430 1601 502 1633 Dir
534 1600 646 1634 nicht
671 1601 907 1645 aufdringen.
970 1605 1023 1636 At
1048 1603 1088 1636 ni
1109 1604 1354 1647 poposcisses‚
1380 1614 1449 1646 ego
1478 1616 1533 1638 me

16 1687 18 1693 Ι
40 1649 106 1683 tibi
129 1660 198 1683 ποη
222 1649 283 1692 off.
311 1649 413 1684 crat.
447 1649 607 1691 (contra
631 1649 736 1684 Med.
762 1656 800 1682 et
825 1650 919 1685 eod.
949 1653 1148 1693 Tornaes.)
1173 1652 1355 1697 probante
1381 1653 1531 1686 Bentiv.

15 1698 124 1730 'eine
156 1699 313 1741 Lesart,
364 1696 482 1730 daher
508 1698 749 1737 entstanden,
791 1699 880 1731 weil
905 1710 991 1733 man
1019 1699 1083 1733 das
1114 1709 1158 1733 ne
1193 1700 1347 1746 optandi
1376 1700 1464 1735 oder
1489 1712 1532 1735 ne

14 1719 19 1778 i
41 1739 139 1780 ohne
163 1746 303 1790 quidem
327 1746 434 1779 nicht
460 1757 503 1779 zu
530 1746 667 1779 deuten
694 1747 923 1780 vermochte.

133 1795 167 1829 4.
198 1795 301 1830 Quod
324 1795 472 1838 quaeris
497 1819 505 1828 .
533 1820 542 1828 .
569 1819 576 1827 .
603 1793 802 1837 significas
826 1806 936 1841 neque
961 1807 1128 1839 recusas,
1153 1798 1270 1832 Was
1296 1798 1417 1831 Deine
1442 1801 1533 1832 Fra-

41 1852 85 1886 ge
112 1867 121 1877 .
149 1869 157 1877 .
186 1868 195 1876 .
236 1843 296 1876 die
332 1843 548 1887 beigefiigte
582 1843 857 1889 Versicherung
895 1869 904 1878 .
932 1870 939 1877 .
966 1870 973 1877 .
1013 1846 1087 1879 und
1120 1845 1181 1878 die
1212 1847 1535 1892 Bereitwflligkeit

42 1891 233 1924 betrifft
258 1916 267 1924 .
294 1916 303 1924 .
330 1891 425 1924 oder
450 1892 513 1924 auf
537 1891 658 1924 Deine
684 1893 807 1937 Frage
832 1905 868 1926 u.
897 1905 923 1926 5.
952 1906 995 1926 w.
1028 1896 1077 1928 ist
1109 1894 1230 1927 meine
1255 1896 1430 1929 Antwort
1455 1897 1531 1936 die,

15 1924 19 1948 ¹
41 1938 137 1972 nihil
162 1950 249 1972 sane
273 1951 426 1973 necesse
451 1946 520 1982 est,
547 1951 584 1973 es
608 1940 657 1973 ist
682 1941 778 1973 eben
805 1942 914 1974 nicht
939 1942 1266 1988 schlechterdings
1291 1945 1424 1989 nothig
1449 1945 1534 1978 scil.

15 1949 80 2026 ite
105 1999 320 2021 accurrere.
355 2006 400 2012 -
441 1988 545 2032 quod,
572 1988 677 2022 Med.
706 1990 823 2022 Oxou.
852 1992 882 2023 1.
912 1991 948 2025 2.
1001 1994 1087 2028 Asc.
1117 1995 1151 2028 1.
1184 1994 1285 2025 Crat.
1314 1994 1409 2025 Vict.
1440 1995 1470 2026 1.
1496 1994 1532 2028 2.

15 2031 20 2091 1
43 2046 110 2079 quo
138 2040 172 2069 te
197 2046 396 2069 arcessam.
455 2029 556 2071 Uber
589 2037 676 2081 quid
697 2038 746 2071 sit
772 2039 870 2082 quod
893 2039 984 2072 oder
1009 2051 1077 2084 quo
1104 2051 1130 2073 5.
1157 2041 1308 2075 Ramsh.
1334 2044 1362 2085 §.
1393 2042 1474 2082 184,
1501 2042 1534 2076 2.

16 2085 129 2131 lNot.
156 2086 188 2118 l.
215 2085 252 2120 2.
304 2084 456 2117 Grotef.
483 2086 514 2128 ᾗ.
540 2086 624 2121 432.
652 2085 760 2120 Anm.
789 2089 820 2122 2.
851 2106 895 2111 —
936 2088 1138 2122 describere
1170 2103 1219 2120 z
1252 2089 1428 2123 ordinare
1462 2090 1535 2122 iter

16 2142 19 2175 Ι
41 2133 117 2166 sive
141 2133 328 2166 rationem
352 2132 452 2165 inire
477 2133 521 2166 de
546 2134 783 2178 profectione
807 2136 1060 2176 instituenda,
1097 2149 1169 2182 quo
1197 2144 1371 2183 tempore
1397 2139 1460 2171 ln'c
1488 2139 1536 2171 sis

16 2177 204 2223 !futurus‚
243 2193 318 2226 quo
343 2181 418 2224 ibi3
458 2181 680 2215 einrichten.
755 2184 823 2217 Cd.
848 2185 978 2219 Ambr.
1009 2187 1053 2220 16
1077 2186 1292 2223 rescribere,
1321 2186 1386 2221 Cd.
1416 2188 1533 2220 Oxon.

15 2234 20 2273 ξ
43 2231 76 2264 2.
102 2231 187 2262 Asc.
217 2231 249 2264 1.
278 2230 382 2265 Crat.
409 2230 522 2264 Herv.
549 2230 782 2265 distribuere.
810 2252 855 2258 —
881 2234 1005 2267 Nimis
1032 2234 1114 2267 abes
1140 2235 1213 2268 diu.
1265 2228 1430 2269 iihnlich
1457 2237 1535 2268 Ho-

16 2283 18 2310 k
43 2284 113 2310 rat.
144 2289 260 2310 carm.
288 2279 356 2321 IV,
383 2278 416 2315 5,
443 2279 484 2315 2:
510 2279 598 2312 abes
625 2279 700 2313 iam
725 2281 883 2315 nimium
899 2282 1029 2318 diu.—
1057 2293 1160 2316 cares
1178 2284 1298 2323 nobis,
1324 2284 1384 2316 Du
1402 2283 1535 2325 fnhlsg

16 2320 19 2372 ξ
44 2326 124 2359 dass
149 2327 212 2359 ich
225 2327 294 2360 Dir
320 2325 439 2360 fehle.
483 2327 564 2361 Cio.
592 2329 706 2363 Tusc.
735 2329 865 2376 Dispp.
893 2331 1074 2370 1,36‚37:
1110 2332 1248 2371 „triste
1268 2332 1368 2365 euim
1392 2339 1444 2364 est
1467 2343 1534 2364 no-

16 2377 19 2395 *
43 2385 131 2406 men
155 2375 276 2420 ipsum
304 2375 473 2417 carendi,
509 2376 593 2421 quia
619 2377 817 2411 subiicitur
843 2380 937 2411 haec
962 2379 1016 2412 vis
1051 2381 1343 2425 (Bedeutung):
1389 2380 1535 2417 habuit,

17 2409 19 2460 l
44 2433 120 2454 non
144 2422 280 2464 habet3
329 2423 537 2466 desiderat,
570 2426 746 2470 requirit,
778 2427 962 2472 indiget.“
989 2447 1033 2452 -
1083 2428 1276 2471 Pulchelli,
1303 2429 1367 2460 des
1392 2428 1536 2460 schon-

16 2472 302 2514 :mannchens‚
341 2472 376 2505 d.
403 2472 427 2504 i.
462 2472 524 2505 dos
559 2474 730 2514 Clodius,
773 2475 903 2508 dessen
929 2476 1220 2510 Familienname
1257 2475 1414 2510 Pulcher
1449 2488 1536 2509 war.

17 2514 20 2527 ¹
46 2519 171 2562 Vei-gl.
198 2530 244 2552 zu
268 2531 328 2565 ep.
355 2520 452 2560 XXI,
481 2523 538 2556 10.
568 2541 612 2547 —
638 2523 814 2556 Metellus
839 2525 989 2568 impedit
1017 2525 1112 2568 (halt
1138 2525 1202 2558 ihn
1231 2525 1280 2557 ini
1299 2524 1429 2568 Zugel)
1455 2525 1477 2558 i.
1506 2536 1537 2557 c.

17 2570 20 2618 ὲ
47 2567 182 2609 obstat,
208 2578 254 2600 ne
278 2569 443 2610 plebeius
468 2570 536 2602 fiat
561 2571 599 2603 P.
629 2571 789 2605 Clodius.
841 2574 961 2618 Vergl.
992 2580 1089 2610 orat.
1118 2573 1164 2606 dc
1191 2575 1349 2617 Har-usp.
1380 2584 1476 2617 resp.
1505 2585 1536 2605 c.

46 2617 90 2650 21
117 2626 156 2652 ιι.
183 2626 252 2660 pro
280 2617 333 2650 M.
361 2618 490 2652 Caelio
518 2630 550 2651 c.
579 2620 635 2654 21.
663 2639 706 2644 —
733 2617 904 2665 φιλόπ.,
931 2624 1074 2668 patriae
1101 2633 1241 2660 amans,
1268 2621 1329 2653 ein
1357 2621 1445 2654 echt
1473 2633 1536 2666 pa-

18 2683 20 2694 .
43 2664 273 2699 triotischer.

18 2701 20 2750 ἶ
141 2713 176 2746 5.
201 2712 288 2752 ΙιἸΙε,
325 2713 489 2747 Clodius.
520 2733 560 2738 —
613 2727 715 2760 quum
749 2744 755 2750 .
787 2743 831 2753 ,.
868 2719 984 2751 dictit.
1038 2720 1099 2751 Sic
1136 2716 1229 2752 Cod.
1267 2717 1412 2751 decurt.
1454 2719 1535 2751 Bos.

17 2758 183 2812 {Graew
236 2761 472 2802 Rectissime,
505 2770 608 2808 puto,
648 2776 845 2810 sequemur
871 2767 1053 2800 Codiccm
1094 2766 1289 2810 optimum.
1342 2767 1445 2799 Ilcra
1484 2772 1537 2798 csl
