1742 3006
172 69 268 118 262
453 70 522 113 M.
551 72 609 116 Τ.
641 68 983 116 CICERONIS
1013 69 1389 114 EPISTOLAE.

175 196 309 240 quam
347 182 678 238 imprudentiae
717 183 1019 238 miseriaeque
1058 183 1273 239 assignes.
1358 181 1546 224 Nullum
1593 187 1662 225 est

173 253 323 281 meum
363 242 621 294 peccatum,
670 239 762 280 nisi
801 240 921 296 quod
950 242 1010 280 iis
1040 239 1243 293 credidi,
1293 251 1320 280 a
1347 238 1509 294 quibus
1536 238 1662 282 nefas

175 301 381 351 putaram
408 308 506 336 esse
535 308 606 336 me
635 295 813 351 decipi,
865 299 944 337 aut
972 295 1132 349 etiam,
1172 296 1330 351 quibus
1359 308 1415 336 ne
1444 294 1495 335 id
1523 307 1660 348 expe-

174 352 276 392 dire
315 351 499 406 quidem
537 352 800 393 arbitrabar.
868 351 1086 405 Intimus,
1116 353 1366 406 proximus,
1395 350 1658 392 familiaris-

174 408 314 448 simus
354 407 542 462 quisque
580 412 658 449 aut
695 409 784 449 sibi
821 408 1057 462 pertimuit
1094 411 1170 448 aut
1208 406 1322 448 mihi
1351 406 1544 456 invidit3
1596 406 1664 447 ita

175 462 292 503 mihi
317 462 438 503 nihil
468 464 634 504 misero
663 467 844 518 praeter
872 462 1012 504 fidem
1041 464 1311 515 amicorum,
1359 466 1537 504 cautum
1570 474 1662 503 me-

173 532 248 558 um
277 519 518 560 consilium
548 519 706 561 defuit.
775 518 951 569 Quodsi
991 524 1037 561 te
1073 520 1184 561 satis
1227 519 1486 560 innocentia
1511 522 1591 559 tua
1618 520 1664 562 et

173 574 494 617 misericordia
521 573 753 617 hominum
780 575 987 617 vindicat
1025 574 1115 616 hoc
1143 579 1344 630 tempore
1374 589 1403 617 a
1429 573 1663 616 molestia:

175 631 398 684 perspicis
437 630 672 684 profecto,
730 644 1001 685 ecquaenam
1039 631 1168 672 nobis
1206 644 1306 686 spes
1336 632 1494 672 salutis
1524 630 1663 671 relin-

173 689 352 739 quatur.
426 686 542 728 Nam
581 700 651 727 me
679 687 958 741 Pomponius
1000 691 1045 728 et
1083 687 1257 728 Sestius
1296 691 1343 728 et
1371 687 1482 728 Piso
1511 689 1666 727 noster

174 740 327 782 adhuc
355 741 713 784 Thessalonicae
744 744 1038 795 retinuerunt,
1069 756 1202 797 quum
1230 742 1406 796 longius
1430 741 1665 782 discedere
1700 771 1704 781 .

173 800 363 851 propter
390 798 547 839 nescio
577 811 688 853 quos
717 801 864 840 motus
892 802 1110 842 vetarent.
1196 797 1368 840 Verum
1409 810 1492 852 ego
1520 796 1664 850 magis

175 853 351 893 exitum
391 853 578 894 illorum
620 854 795 907 literis,
851 868 985 908 quam
1034 868 1113 908 spe
1161 858 1286 895 certa
1333 852 1663 908 exspectabam.

174 907 290 948 Nam
319 908 429 963 quid
458 922 649 964 sperem,
679 910 992 964 potentissimo
1020 910 1221 962 inimico,
1252 909 1557 950 dominatione
1587 908 1664 948 ob-

124 980 126 985 ’
175 966 497 1017 trectatomm,
550 965 812 1006 infidelibus
851 966 1035 1018 amicis,
1083 966 1293 1019 plurimis
1333 962 1534 1006 invidis?
1591 963 1663 1004 De

174 1020 304 1060 novis
346 1025 495 1061 autem
537 1021 728 1062 tribunis
767 1022 913 1076 plebis
954 1025 1022 1062 est
1061 1022 1141 1063 ille
1171 1021 1354 1075 quidem
1384 1021 1432 1061 in
1460 1033 1531 1061 me
1560 1018 1664 1060 offi-

175 1075 453 1118 ciosissimus
473 1075 646 1118 Sestius
671 1081 718 1118 et
746 1089 893 1132 spero,
924 1076 1100 1131 Curius,
1129 1077 1260 1131 Milo,
1288 1076 1475 1128 Fadius,
1505 1076 1664 1117 Fabri-

175 1190 278 1235 τεύω,
289 1205 343 1228 wo
357 1192 730 1240 στέρξοντ-χαρίσαι,
748 1191 898 1228 πείθου.
919 1212 964 1218 —-
981 1204 1079 1227 corr.
1105 1193 1138 1229 8.
1149 1193 1345 1238 Ramsh.§.
1356 1193 1666 1237 96‚3.—-z·mpru-

177 1242 320 1275 dentiae
331 1242 543 1275 etmiseriae
559 1249 649 1276 statt
663 1242 939 1288 imprudentiae
956 1253 998 1274 ex
1009 1241 1146 1275 misera
1165 1254 1247 1275 mea
1264 1242 1482 1276 conditione
1497 1248 1659 1282 exortae,

176 1290 323 1323 meiner
338 1300 402 1323 aus
413 1290 556 1324 meiner
574 1291 873 1335 ungl‘ucklichen
885 1292 988 1334 Lage
1003 1296 1303 1335 entsprungenen
1313 1289 1663 1326 Unbesonnenheit.

177 1341 418 1381 —putaram
452 1338 514 1371 Sic
540 1340 641 1375 Crat.
669 1339 770 1376 vict.
799 1341 830 1373 1.
860 1339 990 1371 hamb.
1016 1342 1186 1382 putarem
1212 1338 1290 1379 Md.
1319 1338 1417 1371 Vict.
1434 1339 1468 1373 2.
1491 1337 1667 1382 putabam

175 1387 266 1420 Ern.
293 1387 391 1420 coni.
418 1385 574 1420 Schutz.
602 1388 761 1420 Lunem.
792 1385 990 1421 ORELLI.
1040 1387 1116 1419 Das
1133 1386 1373 1432 Plusquamp.
1399 1385 1497 1419 kann
1523 1384 1665 1418 iedoch

175 1434 214 1467 in
241 1433 306 1467 der
330 1434 442 1469 Nahe
467 1435 530 1468 des
555 1436 710 1481 Imperf.
738 1435 955 1469 arbitrabar
981 1433 1052 1467 mit
1077 1435 1202 1468 Reoht
1227 1434 1377 1477 stoeben,
1403 1434 1573 1468 insofern
1600 1433 1665 1467 Ci-

177 1493 266 1515 cero
291 1482 430 1516 fruher
454 1483 635 1529 geglaubt
659 1483 784 1527 hatte,
819 1483 900 1515 dass
926 1483 977 1515 sie
1005 1483 1118 1516 nicht
1141 1483 1195 1516 im
1220 1483 1357 1516 Stande
1383 1486 1530 1522 waren,
1558 1482 1666 1515 einen

177 1530 332 1564 solchen
364 1531 495 1565 Frevel
528 1543 572 1565 an
605 1532 685 1566 ihm
712 1543 758 1565 zu
784 1530 973 1575 begehen,
1025 1534 1151 1576 spater
1183 1531 1274 1564 aber
1305 1530 1405 1564 noch
1439 1530 1576 1563 immer
1602 1529 1666 1563 der

177 1579 363 1625 Meinung
388 1579 512 1621 blieb,
558 1580 642 1613 dass
676 1580 728 1613 sie
764 1579 875 1613 nicht
907 1580 1077 1612 einmahl
1101 1580 1206 1611 ihren
1234 1578 1414 1611 Vortheil
1440 1579 1501 1610 bei
1527 1578 1666 1611 diesem

177 1627 343 1673 Betruge
368 1627 521 1662 ffinden.
573 1629 658 1672 Vgl.
692 1628 773 1665 Cic,
801 1627 930 1672 Quint.
956 1629 997 1660 6:
1030 1627 1189 1661 Naevius
1221 1626 1327 1659 iussit
1353 1627 1451 1659 bona
1476 1627 1666 1671 proscribi

178 1676 283 1716 eins,
320 1676 471 1720 quicum
496 1676 736 1709 familiaritas
754 1676 909 1717 suerat,
950 1674 1107 1707 societas
1132 1678 1224 1708 erat.
1276 1674 1312 1709 S.
1340 1674 1494 1708 Ramsh.
1529 1676 1559 1718 ξ,
1584 1675 1665 1716 164,

178 1722 214 1759 3.
265 1724 338 1756 Zur
363 1723 486 1757 Sache
512 1735 570 1769 ep.
596 1724 694 1766 LXI,
721 1725 743 1758 4
769 1723 871 1767 quod
898 1729 935 1756 et
961 1723 1192 1756 crediderim
1219 1728 1291 1756 cet.
1317 1723 1434 1764 LXII,
1462 1724 1552 1758 2.-
1579 1732 1664 1756 cau-

179 1775 270 1813 tum,
311 1782 438 1805 wovor
474 1775 506 1805 et
537 1773 772 1816 ausgelassen
798 1773 859 1804 ist.
897 1789 941 1795 -—
967 1771 1089 1812 defuit
1113 1771 1158 1805 de
1184 1771 1349 1816 Malasp.
1391 1771 1495 1805 Coni.
1527 1771 1662 1805 Lamb.

178 1818 336 1860 Schi'itz.
364 1821 625 1862 Liine1n.suic
652 1821 750 1855 Crat.
781 1818 882 1855 vict.
914 1821 943 1853 l.
970 1820 1057 1855 Ern,
1086 1831 1174 1853 cum
1203 1818 1294 1852 Cdd.

273 1869 308 1903 2.
345 1879 368 1900 α
395 1868 577 1908 molestia,
615 1879 660 1901 ne
684 1868 722 1901 in
747 1868 929 1902 iudiciuin
957 1866 1182 1914 voceris3-
1233 1865 1437 1911 perspicis,
1474 1867 1563 1912 quia
1590 1866 1663 1900 tibi

179 1915 300 1949 otium
326 1923 382 1950 est
409 1916 453 1949 de
477 1917 587 1950 rebus
611 1917 749 1950 nostris
776 1915 982 1961 cogitandi.
1006 1908 1229 1963 §OHU'I'Z
1258 1933 1301 1939 ——
1328 1925 1544 1958 ecquaenam
1568 1925 1662 1958 spes,

180 1975 253 1997 was
287 1965 352 1997 fiir
384 1965 468 1998 eine
501 1966 694 2009 Hoffnung
728 1965 827 1997 doch
863 1965 946 1996 wol.
997 1964 1101 1997 Uber
1130 1964 1227 1996 diess
1255 1963 1456 1996 zweifelnd
1483 1963 1663 2008 fragende

178 2012 290 2045 Wort
324 2024 349 2044 s·
384 2013 538 2046 Ranish.
568 2016 599 2058 ξ,
627 2015 716 2054 160,
759 2015 789 2047 1.
816 2013 908 2046 Not.
942 2013 976 2046 3.
1005 2010 1135 2056 Vergl.
1162 2011 1289 2047 Cicer.
1315 2013 1421 2045 Brut.
1449 2023 1483 2046 c.
1510 2013 1551 2047 6:
1602 2023 1667 2043 ec-

180 2060 371 2105 quodnam
398 2061 648 2102 curriculum5
691 2061 818 2094 Vatin.
847 2062 910 2095 16³
939 2059 1068 2093 audire
1094 2060 1221 2104 cupio,
1249 2060 1484 2104 ecquisnam;
1532 2059 1579 2092 de
1604 2060 1666 2092 Fi-

179 2109 283 2141 nibb.
311 2109 377 2148 IV,
405 2110 449 2144 2-1
475 2109 566 2143 illud
592 2110 764 2146 dubium.
794 2120 1021 2154 ecquaenam
1047 2109 1129 2141 fieri
1157 2109 1276 2152 possit
1301 2108 1488 2152 accessio3
1530 2108 1665 2153 Topic.

179 2158 240 2191 21.
270 2158 374 2190 Auct.
403 2158 449 2190 ad
476 2161 642 2194 Herenn.
677 2160 727 2199 ΙΙ,
757 2160 811 2191 17.
857 2157 990 2191 catull.
1020 2157 1192 2197 XXVIII,
1219 2157 1256 2191 6.
1309 2177 1352 2182 -—-
1403 2155 1553 2190 Sestius.
1603 2156 1665 2190 Sic

182 2204 272 2237 cdd.
301 2205 341 2239 h.
368 2206 393 2239 l.
421 2212 458 2238 et
484 2207 597 2240 infra.
625 2208 729 2242 Crat,
758 2206 854 2238 vict.
883 2207 914 2239 1.
939 2206 973 2240 2.
1002 2204 1148 2238 Sextius
1174 2207 1271 2238 cett.
1300 2204 1428 2238 Orelli.
1479 2205 1557 2237 Der
1583 2216 1666 2237 zum

181 2253 374 2286 Tribunus
410 2254 532 2287 Plebis
567 2255 772 2298 designirte
806 2255 845 2287 P.
883 2253 1027 2286 Sextius
1061 2253 1107 2285 ist
1139 2253 1256 2286 sehon
1302 2264 1359 2297 ep.
1397 2253 1463 2285 XV
1497 2252 1667 2286 erwzihnt

184 2301 347 2335 worden·
378 2321 422 2326 —
459 2305 499 2337 C.
530 2304 754 2348 Calpurnius
780 2302 867 2336 Piso
893 2303 935 2336 L.
963 2302 1002 2334 F.
1028 2302 1142 2345 Frugi
1170 2302 1217 2334 ist
1244 2301 1404 2335 Cicero's
1428 2300 1666 2348 Schwieger·

183 2350 287 2389 sohn¹
317 2350 382 2384 der
407 2363 474 2384 vor
501 2352 622 2384 sciner
647 2351 851 2384 Riickkehr
876 2350 990 2382 stai'b.
1039 2351 1075 2383 S.
1101 2361 1158 2394 ep.
1187 2349 1284 2382 V111
1318 2361 1378 2381 ani
1403 2349 1517 2382 Ende.
1563 2345 1667 2383 Uber

183 2399 301 2431 nescio
312 2409 398 2441 quos
415 2411 444 2435 s.
463 2399 615 2432 Ramsh.
634 2402 664 2442 §.
687 2401 768 2440 160,
786 2401 818 2433 1.
849 2399 935 2431 Not.
954 2400 985 2433 2.
1012 2398 1161 2431 Grotef.
1182 2400 1212 2441 §.
1229 2398 1310 2439 417,
1327 2397 1435 2429 Anni.
1474 2397 1526 2429 Zu
1550 2400 1668 2430 molus

183 2447 362 2488 urbanos,
404 2454 564 2494 propter
597 2460 686 2491 qnos
721 2448 942 2479 Ciceronem
978 2454 1197 2480 revocatum
1230 2446 1276 2478 iri
1317 2444 1542 2492 sperandum
1585 2451 1667 2478 erat

182 2495 255 2537 vgl.
284 2507 339 2540 ep.
369 2496 461 2537 LXI,
491 2498 524 2530 3.
550 2495 689 2538 LX1V‚
715 2496 744 2528 1.
772 2497 942 2534 vam,
970 2497 1003 2529 1.
1035 2513 1072 2519 —
1111 2495 1244 2527 ascitum
1268 2501 1462 2535 motuum,
1496 2493 1564 2525 den
1589 2493 1665 2526 Ab-

183 2545 264 2576 lauf
289 2546 354 2576 der
379 2545 570 2579 Unrnlien.
598 2562 641 2568 —
692 2545 817 2582 magis
843 2544 987 2576 illorum
1014 2543 1136 2576 literis
1163 2543 1301 2585 fretus,
1329 2553 1432 2586 quam
1458 2552 1522 2585 spe
1548 2545 1663 2574 certa.

184 2610 230 2614 —
263 2592 408 2625 inimico
444 2593 588 2627 Clodio.
625 2611 667 2617 -—
705 2592 874 2624 dominat.
911 2592 1060 2624 obtrect.
1087 2591 1274 2634 Pompeii,
1312 2590 1504 2629 Caesaris,
1535 2588 1666 2626 Crassi,

185 2640 246 2684 qui
286 2653 392 2673 meae
427 2641 601 2686 dignitati
635 2642 888 2674 obtrectantes
914 2641 1109 2673 inimicum
1140 2651 1263 2672 meum
1297 2641 1482 2673 foverunt.
1533 2636 1663 2672 MAN.

185 2707 230 2713 -
253 2689 433 2731 plurimis.
484 2691 544 2723 Sic
572 2691 695 2732 Marg.
725 2690 827 2721 Crat.
854 2688 950 2721 Vict.
978 2690 1011 2723 2.
1036 2688 1201 2731 pluribus
1231 2690 1328 2724 Celt.

280 2739 312 2771 3.
345 2737 397 2771 De
423 2739 525 2772 noris
552 2738 575 2771 i.
603 2750 633 2770 c.
661 2739 700 2771 in
728 2749 866 2770 annum
894 2739 962 2772 697
991 2737 1207 2782 designatis.
1236 2755 1279 2761 ——
1316 2738 1369 2770 Μ’
1398 2734 1529 2770 Curius
1556 2742 1666 2777 quae-
