1742 3006
0 0 13 151 ξι

10 130 12 144 b

2 152 5 160 ι
10 145 11 158 1

0 279 4 300 t

0 357 3 368 A

0 381 4 397 l

573 52 889 99 EPISTOLA
921 51 1024 97 XC.
1450 49 1544 100 315

59 173 238 224 bemus,
276 167 492 212 iudicare.
550 166 678 222 Ege,
715 165 837 221 quod
866 165 925 207 ad
952 178 1022 208 me
1052 163 1217 207 attinet
1243 163 1441 220 itemque
1471 177 1542 205 ar-

59 228 207 269 bitror
235 229 437 277 ceteros,
473 221 651 266 idcirco
681 225 835 275 taceo,
863 222 985 277 quod
1014 235 1102 262 non
1133 221 1370 274 existimo,
1407 233 1544 275 quum

58 283 304 338 Pompeius
341 281 481 332 absit,
536 292 717 320 causam
755 278 854 334 agri
884 277 1101 332 Campani
1139 278 1214 332 agi
1251 278 1539 319 convenire«

60 339 180 381 Tum
220 339 302 380 ille
344 350 393 378 se
428 339 631 378 senatum
669 335 851 390 negavit
880 337 1048 375 tenere.
1103 331 1312 374 Racilius
1341 331 1546 374 surrexit

0 418 11 438 a
58 399 106 437 et
135 395 192 437 de
221 393 405 435 iudiciis
435 391 608 434 referre
638 392 802 446 coepit.
868 389 1186 432 Marcellinum
1227 389 1409 444 quidem
1451 387 1545 443 pri-

0 453 11 503 ἦ
58 465 178 492 mum
207 448 403 504 rogavit.
469 448 515 489 Is
554 460 690 502 quum
719 447 923 502 graviter
950 445 1007 487 de
1038 445 1276 487 Clodianis
1306 443 1548 497 incendiis,

0 506 10 549 ³?
57 504 460 556 trucidationibuS,
499 503 854 558 lapidationibus
884 505 1066 557 questus
1096 504 1239 554 esset,
1277 500 1547 542 sententiam

7 578 9 607 :
58 563 197 615 dixit,
226 565 276 602 ut
304 561 400 615 ipse
430 559 605 601 iudices
635 572 717 613 per
744 563 996 614 praetorem
1036 558 1254 598 urbanum
1282 558 1549 605 sortiretur;

6 635 7 638 ¹
58 618 259 659 iudicum
287 616 527 658 sortitione
557 614 694 668 sacta,
725 615 913 657 comitia
941 613 1233 655 haberentur:
1263 612 1342 668 qui
1372 613 1549 653 iudicia

58 673 347 728 impedisset,
401 686 502 713 eum
551 675 710 713 contra
756 685 850 713 rem
888 670 1117 725 publicam
1166 682 1263 710 esse
1302 667 1545 710 facturum.

5 737 6 740 ’
57 729 320 794 ᾼΡΡῑοῦειΐει
346 728 481 770 'valde
510 728 749 780 sententia,
793 727 845 770 C.
876 727 990 768 Cato
1020 729 1180 769 contra
1208 725 1333 766 dixit
1362 728 1408 766 et
1436 724 1547 766 Cas-

58 798 176 838 Slus,
226 784 427 826 maxima
455 784 779 825 acclamatione
807 787 1015 835 senatus,
1045 795 1180 838 quum
1211 781 1401 823 comitia
1429 779 1548 821 iudi-

3 846 7 868 ἱ
59 841 144 882 ciis
174 840 435 882 anteferret.
492 839 737 894 Philippus
767 839 958 881 assensit
986 838 1200 880 Lentulo.
1259 837 1430 879 Postea
1456 835 1548 878 Ra-

57 897 193 938 cilius
223 897 279 938 de
308 896 500 950 privatis
529 908 600 937 me
629 896 822 950 primum
850 895 1119 936 sententiam
1150 894 1341 948 rogavit.
1399 892 1549 935 Multa

4 992 5 999 ,
59 951 152 994 feci
187 953 328 994 verba
363 952 421 993 de
449 955 548 993 toto
578 950 733 992 surore
764 951 1098 1005 latrocinioque
1126 949 1182 992 P.
1214 948 1390 990 Clodii:
1433 962 1549 1001 eum,

59 1013 284 1062 tamquam
316 1021 456 1061 reum,
484 1007 710 1058 accusavi,
739 1007 896 1048 multis
925 1009 971 1048 et
998 1005 1211 1048 secundis
1240 1005 1548 1046 admurmura-

59 1065 255 1106 tionibus
278 1064 430 1105 cuncti
451 1067 645 1104 senatus.
688 1062 954 1105 Orationem
974 1075 1118 1103 meam
1140 1060 1422 1103 collaudavit
1441 1061 1553 1101 satis

57 1121 215 1162 multis
243 1120 418 1171 verbis,
450 1131 538 1161 non
567 1118 829 1160 mehercule
857 1118 1094 1171 indiserte,
1123 1118 1270 1159 Vetus
1298 1117 1552 1159 Antistius:

2 1225 5 1228 Δ
59 1175 187 1231 isque
224 1175 500 1217 iudiciorum
544 1187 726 1216 causam
764 1176 967 1232 suscepit
1012 1174 1463 1230 antiquissimamque
1503 1185 1553 1214 se

59 1293 314 1338 LXXXVIII,
339 1294 373 1329 4.
399 1292 600 1335 LXXXIX,
626 1294 659 1328 3.
696 1311 742 1319 —
791 1293 960 1338 itemque.
1010 1292 1073 1327 Sic
1108 1291 1189 1328 Md.
1226 1293 1348 1327 Oxon.
1382 1292 1416 1326 2.
1442 1293 1551 1327 Man.

60 1344 161 1376 Vict.
187 1345 218 1379 2.
246 1343 408 1385 idemque
434 1344 535 1377 Crat.
563 1341 669 1374 Vict.
699 1344 730 1376 1.
757 1341 894 1377 Lamb.
921 1343 1013 1379 Ern.
1041 1340 1127 1376 sch.
1154 1341 1256 1376 Liin.
1287 1339 1488 1378 ORELLI,
1506 1359 1554 1366 -

0 1388 3 1395 ’
60 1395 196 1431 tenere,
224 1389 453 1437 behelligen,
480 1388 689 1423 aufhalten.
740 1389 816 1423 Mit
842 1390 912 1422 den
939 1391 1120 1423 Worten:
1145 1390 1302 1433 „Patres
1329 1389 1554 1436 conscripti,

61 1449 175 1473 nemo
202 1450 267 1472 vos
292 1439 428 1472 tenet“
456 1437 556 1471 ward
583 1437 650 1471 der
676 1439 790 1472 Senat
814 1438 1008 1471 entlassen.

157 1500 190 1536 2.
216 1500 261 1533 L.
288 1498 458 1534 Racilius
482 1498 576 1536 trib.
603 1498 655 1545 pl.
690 1498 775 1532 Vid.
803 1510 862 1544 ep.
890 1500 1026 1541 CXIII,
1052 1499 1086 1536 2.
1114 1515 1158 1523 ·-
1183 1498 1228 1533 de
1252 1498 1398 1534 iudiciis
1413 1499 1556 1534 haben-

0 1561 2 1570 ν
62 1547 120 1582 dis
143 1548 183 1581 in
210 1559 285 1590 eos,
311 1559 469 1593 quorum
494 1548 648 1581 nomina
676 1546 801 1581 delata
828 1554 972 1590 essent,
999 1548 1040 1580 in
1063 1547 1197 1592 primis
1222 1559 1273 1582 sc.
1298 1548 1338 1582 in
1367 1549 1557 1591 Clodium,

0 1607 1 1636 3
65 1596 132 1642 qui
158 1595 204 1629 de
229 1596 264 1629 vi
289 1606 375 1629 reus
402 1601 502 1635 erat3
530 1606 626 1641 quae
651 1606 672 1627 a
697 1595 860 1629 tribunis
884 1595 935 1641 pl.
962 1596 1275 1641 impediebantur.
1324 1597 1442 1633 ERN.
1494 1598 1558 1632 Ci-

63 1655 154 1678 cero
180 1644 354 1677 erwahnt
379 1643 441 1677 die
468 1645 628 1677 Consuln
655 1643 772 1677 dieses
798 1643 905 1677 Iahrs
930 1643 1053 1686 nicht,
1078 1645 1163 1678 weil
1187 1644 1243 1678 sie
1267 1645 1408 1680 bereits
1432 1645 1469 1679 in
1496 1646 1557 1680 ih-

63 1704 105 1726 re
137 1692 337 1727 Provinzen
377 1693 618 1738 abgegangen
652 1703 789 1725 waren.
862 1692 937 1726 Die
969 1692 1166 1727 Tribunen
1203 1693 1369 1728 konnten
1402 1694 1442 1727 in
1468 1694 1555 1728 dem

63 1741 166 1775 Falle
198 1741 270 1774 den
305 1741 419 1774 Senat
449 1739 713 1783 versammeln‚
754 1741 944 1786 Vortriige
968 1752 1040 1775 vor
1065 1741 1148 1774 ihm
1175 1739 1326 1782 hasten,
1368 1742 1434 1776 ihn
1468 1755 1557 1777 zum

63 1789 249 1823 Stimmen
275 1789 477 1832 aufrufen,
511 1789 600 1822 kurz
624 1789 726 1822 Alles
750 1787 865 1829 than,
893 1800 969 1822 was
994 1788 1035 1822 in
1059 1789 1126 1824 der
1151 1791 1270 1834 Regel
1295 1791 1365 1824 den
1391 1792 1557 1826 Consuln

69 1838 211 1871 zulzam.
238 1855 283 1862 —-
308 1840 349 1871 ut
372 1837 451 1881 ipse
474 1837 641 1874 Clodius.
667 1856 715 1863 —
736 1847 803 1881 per
820 1842 942 1881 praet.
959 1838 1044 1874 urb.
1069 1837 1097 1874 i.
1125 1849 1156 1872 e.
1183 1846 1379 1883 praesente
1405 1851 1450 1873 ac
1475 1852 1557 1874 sor-

66 1886 242 1919 titionem
267 1892 427 1931 regente
451 1893 626 1932 praetore
650 1885 803 1919 urbano.
827 1885 966 1919 iudices
985 1890 1141 1929 praetor
1165 1888 1327 1922 urbanus
1350 1888 1485 1923 Lamb.
1512 1889 1558 1922 de

66 1934 175 1971 Man.
201 1945 300 1980 susp.
326 1934 392 1967 sed
424 1940 517 1968 tunc
544 1935 623 1979 ipse
646 1934 780 1979 friget.
821 1937 859 1968 ut
884 1934 961 1979 ipsi
985 1935 1056 1968 z'ud.
1080 1945 1119 1979 p.
1142 1946 1201 1979 pr.
1227 1937 1306 1969 urb.
1334 1938 1557 1971 sortirentur

66 1993 87 2014 e
114 1982 205 2017 c2d.
229 1984 350 2028 Regg.
376 1983 469 2017 Lall.
498 1983 632 2021 OR.—
660 1982 700 2016 C.
715 1982 806 2016 Cato
832 1983 1063 2020 adolescens.
1113 1984 1148 2018 S.
1175 1995 1232 2029 ep.
1258 1984 1341 2027 LII,
1371 1986 1486 2020 15.-
1514 1988 1556 2019 C.

68 2029 219 2064 Cassius
248 2031 295 2065 L.
337 2031 381 2067 F.
416 2031 459 2064 L.
491 2032 538 2065 N.
572 2032 762 2075 Longinus
794 2032 970 2065 tribunus
994 2031 1132 2077 plebis.
1183 2050 1229 2057 —-
1280 2033 1556 2077 acclamatione,

66 2078 170 2112 hier:
206 2085 347 2113 unter
381 2079 748 2128 missfalligem,
786 2080 1126 2124 missbilligendem
1161 2081 1363 2124 Zurufe,
1404 2082 1474 2115 wie
1510 2083 1556 2116 ad

68 2125 195 2168 Quint.
219 2128 342 2160 Fratr.
369 2126 421 2169 11,
445 2128 468 2162 3
495 2129 598 2170 (99):
641 2139 719 2162 non
751 2129 868 2162 modo
894 2134 935 2162 ut
961 2128 1245 2172 acclamatione,
1271 2130 1334 2163 sed
1361 2135 1404 2162 ut
1429 2132 1558 2165 convi-

68 2175 129 2208 cio
155 2181 192 2208 et
218 2175 431 2209 maledictis
455 2175 715 2220 impediretur.
767 2177 850 2222 Vgl.
877 2177 922 2210 de
948 2176 1046 2210 Orat.
1074 2179 1123 2215 ΙΙ,
1149 2179 1211 2213 83:
1239 2178 1462 2212 acclamatio
1489 2180 1556 2213 ad-

66 2234 170 2256 versa
195 2223 340 2268 populi.
391 2242 436 2248 —
485 2222 703 2268 Philippus,
748 2223 815 2258 der
848 2225 984 2258 zweite
1016 2226 1081 2259 fiir
1107 2225 1169 2258 dns
1194 2226 1351 2260 nachste
1378 2227 1469 2261 Iahr
1495 2240 1555 2261 er-

68 2272 206 2305 wahlte
231 2271 385 2309 Consul.
411 2288 456 2297 -
481 2272 553 2305 Gn.
580 2272 733 2307 Lentulo
759 2273 1013 2314 Marcellino,
1042 2273 1212 2309 welcher
1237 2275 1305 2308 der
1330 2282 1428 2309 erute
1457 2279 1556 2309 Con-

68 2319 126 2353 sul
150 2320 362 2364 designatus
387 2331 471 2353 war.
520 2320 559 2354 S.
584 2321 618 2365 §.
646 2322 666 2356 1
693 2333 753 2354 am
778 2321 896 2355 Ende.

163 2383 200 2416 3.
233 2382 348 2417 Vetus
371 2381 556 2414 Antistius
581 2382 628 2415 de
651 2384 804 2420 Manut.
830 2384 1017 2418 sententia
1042 2384 1177 2420 Lamb.
1207 2386 1310 2422 1566.
1337 2385 1423 2420 Sch.
1449 2387 1555 2420 Seve-

72 2438 132 2462 rus
156 2431 253 2465 Cett.
295 2430 428 2463 Sextus
456 2429 568 2463 Vetus
591 2431 727 2465 Lamb.
756 2433 794 2465 in
822 2444 870 2467 m.
900 2434 1003 2468 1584.
1051 2433 1182 2467 Sextus
1206 2435 1293 2468 Ern.
1322 2446 1419 2478 susp.
1446 2435 1555 2468 Seve-

72 2476 151 2509 rius
175 2477 353 2511 Antistius
380 2478 567 2511 Tunstalli
593 2489 689 2525 susp.
717 2480 915 2515 ORELLI.
954 2498 994 2506 —
1033 2482 1143 2525 antiq.
1170 2491 1208 2514 se
1233 2481 1457 2524 habiturum,
1491 2483 1554 2515 die

73 2523 194 2577 Frage
220 2526 312 2558 iiber
337 2525 396 2558 die
422 2526 735 2560 anzuordnenden
762 2529 1041 2573 gerichtlichen
1059 2529 1404 2573 Untersuchungen
1432 2531 1554 2564 werde

72 2571 155 2604 ihm
180 2571 274 2604 iiber
297 2572 395 2607 Alles
420 2572 555 2618 gehen.
584 2592 625 2599 -
654 2576 820 2620 antiquus
844 2589 893 2608 r:
919 2578 1151 2623 vorziiglich,
1179 2577 1355 2620 wichfig,
1382 2579 1463 2612 weil
1489 2579 1552 2613 das

76 2617 163 2672 alte
191 2620 304 2653 nstin
331 2622 452 2655 vielen
477 2622 641 2655 Stiickcn
658 2624 837 2669 Vorziige
862 2637 928 2658 vor
954 2626 1039 2658 dem
1066 2626 1195 2658 Neuen
1222 2625 1296 2657 hat.
1319 2626 1402 2673 Vgl.
1422 2627 1469 2660 ad
1486 2629 1552 2661 At-

72 2673 140 2700 ωε.
165 2667 208 2709 X,
235 2668 276 2703 8:
301 2670 443 2721 navalis
469 2677 668 2715 apparatus
694 2673 730 2705 ei
756 2684 902 2718 semper
927 2674 1183 2719 antiquissima
1209 2684 1298 2706 cura
1324 2674 1421 2719 suit3
1456 2676 1548 2709 ibid.

74 2714 167 2757 xn,
200 2716 238 2751 5:
279 2716 349 2750 tibi
376 2718 680 2764 antiquissimum
707 2732 798 2764 esse,
824 2723 892 2756 Dir
916 2722 1002 2756 sehr
1028 2733 1086 2755 am
1114 2724 1256 2756 Herzen
1283 2721 1407 2768 nege,
1458 2724 1548 2758 ibid.
