1742 3006
136 73 230 121 236
412 75 473 118 Μ.
504 76 559 119 Τ.
592 73 934 118 CICERONIS
964 73 1339 118 EPISTOLAE.

137 201 294 231 versus
324 189 495 230 contuli
536 191 636 228 ante
677 187 794 229 diem
825 186 1098 242 rogationis3
1143 201 1198 228 ne
1237 191 1282 228 et
1311 186 1441 239 Sica,
1499 190 1617 243 apud

138 259 270 300 quem
308 259 454 296 eram,
513 243 683 298 periret
719 250 765 285 et
804 244 922 298 quod
953 243 1140 284 Melitae
1179 256 1275 284 esse
1315 257 1402 284 non
1434 243 1614 288 licebat.

137 301 268 344 Nunc
299 308 344 343 tu
374 312 579 353 propera,
609 304 658 340 ut
687 314 766 341 nos
797 313 1088 354 consequare,
1118 299 1155 339 si
1178 300 1311 340 modo
1335 299 1616 353 recipiemur.

137 356 303 399 Adhuc
332 356 575 396 invitamur
603 356 804 409 benigne.
865 356 970 407 Sed,
1000 354 1120 410 quod
1148 360 1367 411 superest,
1398 356 1617 397 timemus.

137 413 228 464 Me,
257 412 319 452 mi
349 412 586 466 Pomponi,
615 413 750 453 valde
780 412 982 467 poenitet
1009 412 1188 453 vivere:
1228 426 1316 466 qua
1344 412 1390 452 in
1422 425 1470 452 re
1499 411 1617 465 apud

136 481 207 509 me
237 471 286 508 tu
314 468 554 522 plurimum
581 467 782 510 valuisti.
841 467 932 510 Sed
969 465 1084 510 haec
1112 480 1279 510 coram.
1347 469 1441 510 Fac
1470 467 1619 520 modo,

136 527 185 566 ut
212 524 378 566 venias.

414 790 732 836 EPISTOLA
760 791 888 834 LVI.
946 791 1024 845 (ad
1053 793 1144 835 Att.
1174 791 1263 835 ΙΙΙ.
1295 791 1356 841 1.)

371 887 452 921 Ser.
477 888 539 921 IV.
564 887 619 921 ld.
644 886 764 933 April.
817 889 858 922 A.
885 888 930 922 U.
957 887 1000 921 C.
1025 888 1108 923 696.
1160 886 1211 929 (a.
1240 888 1281 923 C.
1307 888 1388 930 58.)

281 955 424 990 lterum
448 960 576 1000 rogat,
601 960 643 989 ut
667 953 812 988 Atticus
838 964 876 988 se
901 964 1014 999 quam
1038 953 1203 1000 primum
1230 961 1492 1002 consequatur.

636 1042 821 1079 CICERO
854 1041 1040 1078 ATTICO
1065 1041 1100 1076 S.

247 1122 396 1173 Quum
434 1128 566 1165 antea
604 1123 801 1165 maxime
839 1127 994 1164 nostra
1034 1123 1251 1165 interesse
1280 1123 1534 1166 arbitrabar
1571 1130 1617 1166 te

136 1192 233 1221 esse
263 1180 520 1231 nobiscum,
566 1182 661 1220 tum
690 1193 823 1231 vero,
854 1184 905 1221 ut
933 1179 1026 1233 legi
1057 1181 1363 1234 rogationem,
1403 1182 1616 1222 intellexi

134 1236 193 1278 ad
233 1235 323 1277 iter
362 1235 434 1288 id,
488 1235 609 1290 quod
640 1236 882 1288 constitui,
932 1236 1051 1276 nihil
1082 1235 1196 1276 mihi
1226 1236 1422 1291 optatius
1453 1237 1616 1279 cadere

134 1305 288 1347 posse,
338 1304 472 1345 quam
511 1294 562 1332 ut
602 1295 651 1331 tu
688 1305 759 1332 me
793 1304 925 1345 quam
964 1291 1156 1346 primum
1193 1305 1493 1347 consequare5
1543 1298 1616 1344 ut,

133 1361 267 1403 quum
306 1360 366 1387 ex
396 1346 530 1388 Italia
558 1345 754 1401 profecti
783 1360 1003 1399 essemus,
1048 1346 1143 1388 sive
1181 1360 1261 1401 per
1300 1349 1489 1402 Epirum
1528 1348 1619 1389 iter

134 1408 254 1445 esset
282 1402 553 1454 faciendum,
583 1407 660 1444 tuo
689 1407 952 1457 tuorumque
982 1403 1211 1456 praesidio
1241 1407 1490 1455 uteremur;
1520 1405 1617 1446 sive

132 1459 261 1502 aliud
289 1459 399 1514 quid
427 1458 648 1515 agendum
678 1463 818 1510 esset,
849 1463 1020 1499 eertum
1049 1459 1288 1501 consilium
1327 1460 1382 1501 de
1414 1465 1490 1501 tua
1517 1474 1617 1501 sen-

133 1517 276 1557 tentia
306 1528 466 1570 capere
493 1528 732 1570 possemus.
775 1515 1093 1569 Quamobrem,
1122 1519 1167 1556 te
1196 1530 1290 1569 oro,
1320 1516 1398 1557 des
1422 1529 1618 1570 operam,

134 1576 186 1613 ut
214 1585 284 1612 me
314 1572 468 1613 statim
499 1584 785 1625 consequare.
871 1571 1072 1612 Facilius
1102 1576 1254 1625 pote-53
1311 1573 1519 1625 quoniam
1559 1572 1616 1613 de

135 1627 373 1683 provincia
411 1627 682 1668 Macedonia
720 1628 896 1681 perlata
936 1626 1013 1666 lex
1043 1631 1125 1668 est.
1211 1627 1423 1669 Pluribus
1465 1628 1616 1669 verbis

137 1688 285 1725 tecum
315 1696 521 1738 agerem,
559 1683 649 1724 nisi
677 1696 759 1737 pro
789 1696 860 1725 me
888 1682 1007 1737 apud
1038 1686 1081 1724 te
1113 1695 1184 1724 res
1214 1683 1313 1738 ipsa
1342 1683 1614 1740 loqueretur.

133 1876 176 1884 —
204 1868 249 1892 ne
270 1857 434 1902 periret,
472 1868 519 1890 ne
553 1868 716 1903 poenam
748 1858 890 1891 subiret
915 1857 949 1891 ei
975 1857 1195 1902 irrogatam,
1221 1860 1285 1905 qui
1310 1859 1533 1895 Ciceronem
1559 1860 1617 1894 in-

132 1916 192 1941 tra
218 1905 487 1952 quadringenta
514 1907 634 1940 millia
659 1912 760 1940 tecto
787 1906 1003 1952 recepisset.
1032 1908 1238 1943 MANUT.
1255 1926 1296 1934 -
1323 1908 1493 1953 ΙΙΙεΙίὶαε,
1519 1909 1616 1943 deun

131 1955 232 1990 auch
257 1954 355 1989 diess
378 1955 428 1988 ist
451 1954 554 1989 noch
578 1965 623 1990 zu
647 1954 760 1990 nahe.

232 2044 295 2077 Ad
318 2041 390 2077 iter
413 2042 464 2084 id,
492 2044 598 2087 qnod.
623 2044 761 2078 Minut.
788 2042 872 2078 Asc.
902 2045 935 2080 1.
963 2043 994 2079 2.
1021 2045 1132 2077 Herv.
1159 2045 1208 2078 ad
1231 2046 1315 2084 iter,
1342 2045 1442 2088 quod.
1470 2063 1514 2070 —
1539 2048 1616 2078 utc-

135 2102 277 2134 remur‚
306 2092 433 2125 bamb.
460 2093 670 2127 niteremur.
705 2111 749 2117 —
782 2092 955 2135 facilius.
1010 2092 1071 2125 Sic
1097 2092 1178 2127 Md.
1205 2093 1286 2126 Asc.
1325 2101 1480 2138 utraque
1511 2091 1614 2125 Vict-

137 2142 171 2174 l.
198 2141 233 2174 2.
270 2141 355 2174 Bos.
380 2140 467 2185 Sqq.
502 2140 774 2184 quod-facilius
798 2151 818 2172 e
845 2139 935 2173 edd.
974 2141 1095 2187 Regg.
1131 2141 1224 2176 Lall.
1263 2142 1356 2185 quod
1385 2153 1427 2174 eo
1449 2141 1616 2183 facilius
1659 2161 1665 2172 ›

136 2188 239 2223 Crat.
265 2187 394 2221 Lamb-
413 2194 543 2231 quanto
563 2189 670 2222 citius
696 2188 787 2224 C2d.
822 2188 931 2221 lunii.
952 2188 1026 2222 011.
1058 2207 1098 2211 —
1126 2190 1270 2233 perlata
1297 2191 1357 2222 lex
1384 2194 1449 2231 est,
1477 2201 1545 2234 qua
1573 2190 1613 2222 L.

134 2236 339 2281 Calpurnio
382 2237 507 2269 Pisoni
543 2237 744 2271 Caesonino
787 2236 930 2270 consuli
964 2237 1159 2281 provincia
1192 2238 1276 2270 data
1310 2238 1391 2271 fuit.
1467 2238 1616 2271 Attikus

133 2283 239 2317 hatte
265 2284 301 2317 in
327 2285 579 2318 Macedonica
606 2287 703 2319 viele
731 2285 951 2319 Gcschi-iftc.
1000 2286 1034 2318 S.
1061 2297 1116 2329 ep.
1143 2287 1258 2329 XVII,
1286 2289 1321 2321 1.
1349 2305 1393 2312 -
1420 2286 1561 2322 l'lurib.
1582 2311 1612 2320 ..

135 2342 296 2377 agerem,
322 2332 384 2366 ich
411 2333 541 2368 w'urde
565 2334 634 2369 Dir
658 2333 755 2368 noch
782 2333 1008 2380 dringender
1031 2334 1240 2368 sclireiben.
