1742 3006
220 69 308 118 108
503 69 566 111 M.
599 70 653 112 T.
687 63 1026 111 CICERONIS
1056 50 1439 113 EPISTOLAEs
1651 100 1657 105 .
1732 73 1742 134 3

213 188 303 226 tem
342 196 428 224 non
478 182 678 234 simulat,
730 181 809 222 sed
846 182 973 236 plane
1014 181 1212 222 tribunus
1252 182 1390 236 plebis
1428 182 1527 224 fieri
1565 187 1697 239 cupit.
1738 167 1742 202 ⁴¹

213 241 318 290 Qua
356 241 412 280 de
453 252 500 278 re
540 251 675 292 quum
715 238 763 278 in
793 241 946 278 senatu
976 242 1210 292 ageretur,
1252 238 1370 292 fregi
1400 238 1625 280 hominem
1656 246 1701 282 ct

211 294 562 337 inconstantiam
609 294 704 334 eius
745 293 1035 348 reprehendi,
1089 295 1167 348 qui
1219 293 1390 334 Romae
1428 296 1700 336 tribunatum

212 353 356 408 plebis
394 351 594 404 peteret,
646 363 781 404 quum
823 351 868 390 in
911 349 1098 401 Sicilia,
1139 349 1313 402 Herae,
1343 350 1623 392 aedilitatem
1653 366 1700 394 se

211 412 363 463 petere
393 405 662 446 dictitasset.
724 405 814 446 Sed
845 419 986 458 neque
1015 418 1175 459 magno
1199 419 1332 458 opere
1363 406 1465 447 dixi
1495 421 1591 448 esse
1622 421 1700 448 no-

211 465 280 505 bis
319 461 635 503 laborandum:
694 461 813 515 quod
852 459 1001 501 nihilo
1040 462 1182 515 magis
1223 463 1265 501 ei
1306 462 1540 503 liciturum
1582 468 1699 504 esset

210 519 388 574 plebeio
428 517 749 571 rempublicam
789 516 1002 571 perdere,
1047 530 1178 571 quarn
1207 518 1428 558 similibus
1459 520 1579 572 eius,
1628 533 1697 560 me

211 574 410 628 consule,
431 573 649 628 ‘patriciis
680 577 798 613 esset
827 573 1016 612 licitum.
1075 573 1184 624 lam,
1215 587 1347 627 quum
1371 588 1418 615 se
1449 575 1531 616 ille
1561 576 1699 630 septi-

209 645 282 672 mo
313 631 387 671 die
417 630 594 671 venisse
624 641 651 668 a
678 627 797 669 freto
826 641 970 682 neque
1001 629 1087 669 sibi
1118 628 1295 668 obviam
1318 643 1582 685 quemquam
1599 645 1701 685 pro-

209 687 311 727 dire
356 687 556 740 potuisse
595 688 640 724 et
678 689 814 725 noctu
852 697 899 725 se
929 686 1140 725 introisse
1170 684 1366 726 dixisset
1404 687 1451 725 in
1482 700 1623 741 eoque
1653 700 1700 727 se

208 744 257 783 in
298 741 514 783 concione
554 740 794 793 iactasset,
845 739 961 781 nihil
1004 740 1045 780 ei
1075 741 1181 781 novi
1212 739 1313 780 dixi
1345 742 1592 783 accidisse:
1639 756 1698 784 ex

209 798 373 839 Sicilia
401 797 591 851 septimo
622 796 697 836 die
726 795 940 846 Romam,
979 797 1122 837 tribus
1152 795 1278 836 horis
1307 794 1453 837 Roma
1481 798 1699 839 Interam-

209 867 335 902 nam3
365 858 501 895 noctu
531 852 766 901 introisse3
804 852 913 892 item
943 856 1068 893 ante:
1109 865 1195 893 non
1227 864 1323 892 esse
1354 853 1466 893 itum
1496 854 1698 902 obviam3

210 924 264 952 ne
294 913 386 952 tum
417 906 612 964 quidem,
643 921 776 962 quum
807 908 864 948 iri
895 909 1092 949 maxime
1116 908 1284 949 debuit.
1347 906 1471 957 Quid
1493 910 1698 964 quaeris!

211 1069 370 1103 alterum
404 1078 541 1102 nomen
579 1067 725 1114 Hyblae
759 1066 923 1108 minoris,
965 1072 1005 1100 ut
1039 1078 1081 1100 ex
1117 1066 1309 1112 Stephano
1335 1067 1374 1100 in
1400 1060 1539 1111 fflssluc
1565 1080 1602 1113 p.
1631 1069 1698 1103 724

211 1117 344 1151 docuit
376 1117 519 1150 Bosius.
576 1117 614 1150 Si
647 1115 734 1161 quid
760 1116 926 1161 corrupti
953 1115 1067 1153 inest,
1107 1124 1193 1149 sunt
1220 1116 1333 1149 verba
1360 1116 1397 1148 in
1421 1116 1570 1158 Sicilia,
1608 1128 1699 1160 quae

210 1178 232 1200 a
267 1166 473 1210 glossatore
505 1164 630 1198 addita
664 1164 785 1198 videri
820 1169 989 1210 possunt.
1050 1164 1188 1197 Iustior
1223 1164 1324 1196 enim
1349 1160 1538 1205 ἀντίθεσις
1563 1165 1728 1209 Romae,

211 1240 221 1250 .
251 1241 259 1248 .
286 1215 426 1248 Herae.-
469 1224 540 1246 nec
572 1214 611 1246 in
646 1213 802 1258 epistola
828 1212 1001 1246 historici
1029 1213 1221 1245 accuratio
1248 1213 1470 1257 requirenda
1495 1225 1528 1245 v.
1558 1224 1588 1245 c.
1616 1213 1696 1246 Liv.

207 1263 267 1302 42,
295 1264 359 1297 20:
388 1260 842 1301 sacmficaudnmXVvirl
873 1265 906 1293 el
932 1259 969 1292 in
998 1259 1186 1303 Capitolio
1213 1261 1351 1294 Romae
1377 1265 1409 1294 el
1435 1261 1471 1294 in
1499 1261 1698 1304 Campania

209 1311 257 1344 ad
282 1310 475 1344 Minervae
496 1309 785 1353 promontorium
810 1307 1068 1347 renuntiarunt.
1143 1309 1323 1342 Graevius
1355 1320 1424 1354 pro
1453 1309 1571 1342 Hercle
1597 1309 1696 1342 vole-

208 1360 274 1392 bat
298 1359 475 1392 Himerae
500 1356 556 1391 vel
581 1358 708 1391 Hirro.
777 1355 971 1389 ORELLI.
1023 1358 1065 1390 Iu
1093 1356 1244 1390 Sicilien
1273 1369 1347 1389 war
1375 1357 1528 1392 Clodius
1553 1357 1606 1390 im
1623 1369 1696 1391 tvo-

208 1408 314 1452 rigen
326 1406 438 1440 lahre
452 1407 614 1451 Qukistor
627 1415 812 1449 gewesen.
840 1423 885 1428 —
910 1413 984 1446 neq.
1005 1430 1034 1438 ..
1057 1405 1361 1447 essenobdabon,
1389 1406 1455 1438 wir
1481 1404 1694 1438 brauchten

207 1467 276 1489 uns
302 1454 409 1488 nicht
434 1456 520 1487 sehr
545 1466 589 1487 zu
615 1453 820 1497 kingstigen.
848 1471 893 1477 —
916 1452 1075 1495 plebeio,
1103 1453 1353 1498 Brachylogie
1379 1459 1467 1488 statt
1493 1465 1597 1497 quum
1619 1454 1698 1498 ple-

208 1504 306 1538 beius
328 1504 464 1546 rsactus
497 1507 600 1536 esset.
627 1521 672 1526 -—
704 1505 802 1545 patr.
838 1504 929 1534 esset
961 1501 1130 1542 (Ernest.
1157 1513 1253 1546 susp.
1274 1501 1439 1544 sitisset)
1476 1502 1624 1535 licitum.
1652 1521 1695 1526 —

207 1563 230 1586 a
247 1553 357 1595 frelo
388 1551 486 1583 inter
510 1553 741 1590 Messanam,
784 1549 932 1583 Siciliae
958 1549 1168 1592 civitatem,
1207 1556 1244 1582 et
1269 1549 1458 1593 Rhegium
1487 1550 1696 1590 Calabriae,

206 1603 246 1634 in
280 1606 444 1633 extrema
478 1599 599 1632 Italia.
649 1597 851 1631 MANUT.
902 1613 943 1620 -
1004 1598 1080 1630 obv.
1108 1597 1290 1641 ‚prodire
1321 1602 1394 1641 pot.
1447 1599 1532 1631 Also
1569 1610 1611 1631 er
1645 1600 1697 1632 sei

208 1660 248 1683 so
284 1646 500 1693 gescliwind
527 1646 705 1691 gerciset‚
749 1656 810 1678 um
837 1656 879 1678 zu
907 1645 1154 1688 verhindern,
1182 1646 1262 1678 dass
1287 1656 1372 1678 mnu
1401 1645 1482 1679 ihm
1510 1653 1695 1691 entgegen

206 1696 312 1741 gelre.
363 1695 488 1737 Diese,
516 1695 585 1727 den
611 1697 777 1739 griissten
804 1693 883 1726 und
905 1693 1472 1727 beliebtestenStaatsmsnnern
1493 1695 1695 1730 erwiesene

204 1746 304 1781 Ehre
330 1744 424 1778 habe
451 1755 491 1776 er
516 1742 730 1789 abgelelmt.
781 1742 872 1774 Eine
905 1752 943 1774 so
978 1742 1332 1775 ausserordentliche
1370 1743 1696 1786 Beschcidenheit,

208 1794 269 1827 die
296 1804 335 1826 er
360 1791 561 1835 affectum,
588 1803 663 1824 war
688 1790 825 1823 iedoch
853 1801 925 1823 nur
951 1790 1011 1823 ein
1036 1790 1282 1824 Deckmantel
1317 1791 1383 1823 der
1409 1792 1600 1824 Prahlerei
1626 1793 1695 1825 mit

208 1840 525 1886 vorgespiegelter
561 1838 860 1874 Allbeliebtheit.
913 1858 956 1863 -—-
1007 1839 1082 1872 Auf
1113 1850 1156 1872 ex
1181 1839 1285 1873 Sict'l.
1319 1850 1348 1871 s.
1377 1840 1408 1873 d.
1437 1840 1591 1873 Romam
1617 1841 1694 1874 scil.

208 1902 247 1923 se
274 1890 419 1923 venisse
458 1889 558 1934 quod.
593 1888 738 1920 diceret
770 1887 818 1919 ist
845 1885 1011 1921 Cicero's
1039 1887 1231 1920 beisseude
1259 1887 1394 1931 Replik
1420 1888 1503 1920 trib.
1531 1887 1562 1920 Ιι.
1593 1889 1693 1922 Rom.
1734 1888 1739 1901 ”

205 1940 464 1978 Interamnam,
508 1949 548 1970 er
574 1936 624 1969 sei
651 1938 687 1969 ia
719 1935 834 1969 sehon
861 1937 1025 1969 einmahl
1051 1947 1121 1968 von
1148 1937 1246 1968 Rom
1283 1935 1380 1968 nach
1408 1936 1622 1970 Interamna
1656 1938 1691 1969 in

206 1987 286 2020 drei
311 1985 478 2019 Stuuden
505 1986 674 2029 gereiset.
735 1984 880 2016 Clodius
919 1983 1026 2017 hatte
1059 1983 1222 2017 niinilich
1248 1983 1285 2015 in
1312 1983 1451 2016 seinem
1477 1984 1695 2029 beriichtig-

206 2042 268 2069 ten
306 2036 487 2068 Processe
520 2034 590 2067 den
623 2033 761 2066 Betveis
794 2033 916 2065 seiuer
960 2032 1147 2065 Unschuld
1189 2030 1310 2064 durch
1350 2032 1498 2065 falsche
1546 2034 1694 2078 Zeugen

208 2084 346 2116 darauf
382 2083 601 2127 gegriindet,
641 2082 723 2114 dass
750 2092 790 2113 cr
817 2093 860 2114 zu
887 2081 951 2113 der
979 2080 1070 2123 Zeit,
1097 2092 1156 2115 wo
1184 2092 1223 2112 er
1249 2080 1330 2113 sich
1363 2081 1399 2113 in
1433 2082 1564 2116 Cfisars
1597 2083 1697 2116 Hans

207 2132 317 2165 sollte
342 2130 583 2175 geschlicheu
610 2130 683 2163 und
709 2129 769 2162 die
794 2129 1035 2162 nachtlichen
1063 2128 1273 2172 Mysterien
1301 2128 1366 2161 der
1392 2130 1496 2162 Bona
1517 2130 1597 2162 Dea
1614 2137 1695 2163 ent-

208 2179 319 2212 weiht
352 2180 470 2212 haben
489 2203 498 2220 ,
539 2179 644 2211 nicht
680 2190 724 2211 zu
755 2179 878 2219 Rom,
919 2178 1076 2210 soudern
1110 2189 1154 2209 zu
1180 2178 1397 2210 Interamna
1436 2189 1602 2222 gewesen
1630 2179 1695 2220 sei,
1724 2201 1741 2210 f

208 2239 280 2261 was
314 2226 414 2260 doch
447 2239 493 2259 an
531 2230 574 2262 10
607 2226 796 2260 Deutsche
829 2226 971 2260 Meilen
1013 2236 1087 2258 von
1130 2226 1227 2258 Rom
1262 2236 1307 2257 an
1342 2225 1409 2258 der
1443 2228 1587 2262 Grenze
1621 2238 1691 2259 von
1721 2239 1742 2261 u

209 2275 437 2321 Campauien
469 2276 542 2319 lag.
619 2275 751 2310 Cicero
788 2274 974 2319 hingogen
1010 2274 1189 2317 bezeugte
1222 2285 1288 2307 vor
1323 2273 1505 2316 Ger-ioht,
1548 2274 1629 2308 dass
1655 2286 1694 2307 er

207 2325 287 2357 drei
312 2323 478 2358 Stunden
503 2334 569 2356 vor
596 2324 662 2356 der
690 2324 782 2366 Zeit,
810 2335 864 2355 wo
893 2324 974 2355 iene
1001 2323 1208 2366 Mysterieu
1237 2323 1435 2366 begangen
1463 2322 1630 2365 wurden,
1659 2325 1693 2356 iu

206 2373 347 2406 seinem
373 2372 529 2416 eigenen
557 2373 678 2405 Hause
704 2373 772 2404 mit
799 2371 948 2406 Clodius
973 2371 1206 2415 gesprochen
1232 2370 1342 2412 habe,
1371 2369 1445 2402 und
1472 2371 1590 2404 dieser
1617 2373 1700 2409 also

207 2422 286 2454 drei
321 2420 489 2455 Stunden
518 2422 645 2464 spiiter
671 2420 885 2463 unmoglich
915 2431 959 2451 zu
995 2419 1207 2452 Interamna
1241 2419 1333 2451 habe
1361 2419 1439 2451 sein
1467 2419 1624 2453 konnen.
1651 2439 1692 2444 —-

206 2470 282 2503 Auf
312 2473 420 2502 noctu
450 2468 624 2501 introisse
650 2468 849 2501 erwiedert
880 2468 1013 2500 Cicero
1040 2466 1125 2499 ilem
1149 2471 1232 2500 ante
1258 2467 1333 2500 scil.
1361 2473 1475 2500 noctu
1508 2468 1695 2510 introisse,
1737 2481 1740 2484 ’

207 2529 252 2550 ac
279 2517 434 2551 domum
460 2516 612 2561 quidem
638 2516 804 2551 Caesaris
831 2516 1040 2559 pontil‘ici5‚
1068 2515 1131 2548 ubi
1157 2514 1329 2548 mulieres
1355 2517 1478 2549 Bonae
1504 2518 1606 2549 Deae
1641 2528 1696 2549 su-

209 2566 443 2598 crificabant.
472 2584 514 2589 -
541 2564 615 2598 Auf
639 2575 704 2597 non
732 2574 806 2596 esse
831 2564 918 2595 ilum
950 2563 1092 2596 vlu-iam
1117 2570 1274 2597 versctzt
1291 2564 1426 2598 Cicero
1451 2575 1494 2597 ne
1519 2569 1592 2597 tum
1618 2565 1694 2607 qui-

210 2615 287 2647 dem
313 2614 451 2646 oba-iam
477 2613 584 2655 ilum,
611 2624 713 2657 quum
740 2612 792 2645 iri
819 2611 973 2644 »marimo
1000 2611 1114 2643 ‹lsbuit
1142 2612 1176 2645 h.
1206 2624 1251 2654 e.,
1279 2618 1317 2644 ut
1344 2614 1486 2657 1²'opma
1511 2613 1695 2657 iuterpre-

209 2668 322 2703 tatur,
351 2673 462 2706 quum
490 2662 620 2695 debuit
646 2660 792 2701 resisti,
820 2671 862 2691 ne
890 2672 971 2692 rcus
998 2660 1224 2705 pollutarum
1252 2662 1547 2693 ceremoniarum
1574 2661 1694 2693 absol-

213 2716 383 2751 veretur,
411 2711 499 2753 imo,
528 2722 569 2742 ex
596 2711 740 2745 Ernest,
770 2709 973 2750 sententia,
1002 2719 1047 2741 ne
1075 2707 1333 2752 ingrederetur
1362 2710 1399 2741 in
1427 2710 1577 2743 donnum
1606 2711 1696 2740 Cae-

213 2758 318 2792 suris.
380 2758 487 2792 locus
535 2758 631 2792 enim
668 2763 719 2792 cst
761 2768 800 2789 ex
837 2757 1009 2802 anubiguo
1040 2758 1241 2792 verborum
1278 2758 1420 2791 obitam
1457 2758 1509 2791 irc
1543 2756 1696 2791 honoris·
