1742 3006
523 70 839 115 EPISTOLA
886 69 1064 114 LXIII.
1442 69 1534 118 253

58 186 310 230 testimonio
338 183 636 227 confirmetur.
695 181 822 226 Nihil
851 183 967 224 enim
995 185 1087 225 tam
1114 182 1272 235 timeo,
1303 194 1433 237 quam
1463 197 1534 233 ne,

60 257 192 300 quum
230 242 479 296 intelligant
516 239 741 292 homines,
788 246 998 293 quantum
1035 237 1371 280 misericordiae
1409 239 1536 280 nobis

60 305 159 341 tuae
188 312 339 353 preces
368 302 411 338 et
439 300 514 337 tua
542 297 658 337 salus
689 296 876 337 allatura
915 295 998 346 sit,
1038 298 1289 350 oppugnent
1323 297 1369 336 te
1405 293 1537 336 vehe-

61 356 260 397 mentius.
304 353 540 395 Messalam
560 353 626 393 tui
647 352 893 393 studiosum
913 363 1009 391 esse
1030 351 1244 391 arbitror:
1272 351 1537 405 Pompeium
1575 356 1601 396 9

64 413 197 453 etiam
226 409 528 452 simulatorem
557 411 676 462 puto.
736 406 827 449 Sed
854 405 965 448 haec
985 406 1152 447 utinam
1174 420 1261 447 non
1284 407 1537 461 experiare!

62 467 181 522 quod
223 477 430 520 precarer
469 464 602 517 deos,
638 463 724 504 nisi
765 475 885 504 meas
923 475 1076 516 preces
1115 462 1269 502 audire
1308 462 1538 504 desissent.

63 524 381 564 Verumtamen
410 532 592 574 precor,
622 523 670 560 ut
698 518 769 560 his
798 518 983 559 infinitis
1006 517 1170 558 nostris
1192 518 1323 558 malis
1345 518 1541 560 contenti

62 579 169 619 sint:
207 578 253 617 in
290 577 446 630 quibus
485 589 572 616 non
607 574 740 616 modo
769 578 914 615 tamen
943 574 1104 614 nullius
1134 574 1249 614 inest
1277 575 1448 627 peccati
1476 574 1542 614 in-

63 634 222 685 famia,
271 631 347 673 sed
385 632 526 672 omnis
567 631 696 672 dolor
736 635 825 683 est,
870 629 988 684 quod
1028 629 1191 683 optime
1232 629 1363 670 sactis
1402 643 1544 684 poena

61 690 252 730 maxima
281 690 348 729 est
377 688 625 730 constituta.
684 687 846 727 Filiam
874 698 1016 726 meam
1047 689 1092 726 et
1120 689 1238 726 tuam
1260 686 1607 730 Ciceronem-10

63 758 145 798 que
175 747 371 785 nostrum
401 743 506 798 quid
536 756 640 796 ego,
671 743 732 783 mi
763 742 926 790 frater,
957 741 1038 781 tibi
1069 741 1398 783 commendem?
1438 742 1543 796 quin

64 800 174 840 illud
210 812 414 849 maereo,
463 799 580 853 quod
619 799 700 838 tibi
750 811 836 840 non
873 798 1090 837 minorem
1129 797 1328 839 dolorem
1366 798 1544 840 illorum

66 857 230 897 orbitas
261 855 439 907 afferet,
478 867 608 908 quam
637 853 758 894 mihi.
817 852 931 905 Sed,
971 857 1016 893 te
1045 853 1279 905 incolumi,
1320 855 1417 894 orbi
1457 867 1545 895 non

67 916 206 953 erunt.
281 910 493 964 Reliqua,
530 910 594 950 ita
630 909 741 949 mihi
770 909 887 950 salus
917 909 1063 961 aliqua
1102 909 1230 950 detur
1267 914 1545 965 potestasque

64 969 110 1008 in
138 966 282 1022 patria
310 965 554 1017 moriendi,
594 968 642 1005 ut
679 979 748 1005 me
786 965 997 1006 lacrimae
1035 977 1122 1005 non
1149 966 1298 1006 sinunt
1326 966 1543 1007 scribere!

66 1024 216 1065 Etiam
246 1022 502 1063 Terentiam
530 1021 662 1063 velim
692 1024 868 1071 tueare,
897 1019 1092 1074 mihique
1121 1021 1176 1061 de
1199 1021 1399 1062 omnibus
1419 1023 1548 1061 rebus

68 1080 298 1120 rescribas.
357 1077 429 1118 Sis
460 1077 617 1129 fortis,
648 1076 792 1132 quoad
820 1076 887 1118 rei
935 1081 1092 1118 natura
1130 1077 1335 1131 patietur.
1394 1077 1547 1118 Idibus

67 1136 230 1188 Iuniis7
260 1133 617 1175 Thessalonicae.

44 1247 237 1289 inhaus,
271 1247 351 1281 dass
382 1247 443 1281 die
477 1247 658 1282 Gerichte
689 1257 765 1281 von
797 1246 1057 1288 Rathsherrn‚
1092 1247 1240 1282 Rittern
1267 1248 1344 1282 und
1369 1246 1550 1281 Tribunis

68 1296 223 1329 aerariis
249 1297 383 1329 sollten
411 1294 766 1339 gemeinschaftlich
792 1297 992 1329 verwaltet
1017 1296 1181 1330 werden.
1220 1299 1255 1329 S.
1284 1297 1384 1330 Orat.
1412 1306 1490 1341 agr.
1517 1296 1550 1337 Ι,

68 1345 100 1378 2.
127 1342 222 1376 Phil.
250 1344 284 1383 1,
311 1345 342 1378 8.
368 1343 500 1376 Ascon.
527 1343 677 1376 Pedian.
703 1355 749 1375 zu
776 1344 854 1377 Cic.
882 1343 1011 1378 Divin.
1038 1344 1077 1376 in
1111 1343 1248 1378 eaecil.
1282 1345 1317 1377 3.
1368 1345 1426 1377 Da
1458 1343 1552 1377 diess

69 1392 202 1425 Gesctz
235 1396 346 1424 unter
378 1391 445 1423 der
483 1390 648 1438 Leitung
681 1390 743 1424 des
778 1390 978 1435 Pompeius
1012 1391 1066 1424 als
1097 1391 1237 1424 Consul
1271 1392 1352 1426 684.
1386 1392 1552 1439 gegeben

71 1450 167 1480 war,
201 1448 239 1471 so
266 1438 414 1472 mochte
449 1438 629 1483 QuintuS‚
660 1438 744 1471 dem
783 1438 844 1471 die
878 1438 1188 1483 Pompeianische
1222 1439 1348 1473 Partei
1383 1438 1554 1473 nachher

71 1485 130 1518 bei
154 1486 294 1520 seinem
320 1486 525 1519 Bewerben
549 1497 613 1519 um
641 1485 699 1519 die
718 1486 897 1520 Aedilit‘cit
921 1485 1120 1521 vielleicht
1146 1493 1330 1532 entgegen
1356 1488 1553 1529 arbeitete‚

70 1534 138 1566 auf
161 1533 220 1566 die
246 1546 292 1566 zu
317 1544 444 1580 grosse
478 1534 711 1578 Popularitat
740 1534 845 1567 iener
877 1534 941 1566 lex
974 1534 1014 1566 in
1045 1535 1170 1568 ienem
1203 1536 1321 1569 Verso
1356 1535 1555 1581 gespiittelt

72 1580 217 1624 haben3
245 1582 466 1627 wenigstens
493 1582 598 1614 stand
625 1593 667 1615 er
692 1582 730 1614 in
757 1582 839 1615 dem
877 1582 1105 1624 Verdachte,
1140 1582 1208 1616 der
1241 1583 1439 1620 Verfasser
1471 1584 1553 1617 des-

71 1629 198 1662 selben
224 1641 269 1662 zu
294 1629 384 1662 sein.
434 1628 542 1661 Auch
575 1629 796 1663 Hortensius
829 1629 934 1663 hatte
969 1630 1049 1663 sich
1083 1630 1252 1664 dadurch
1278 1631 1463 1677 beleidigt
1489 1641 1554 1677 ge-

72 1675 193 1719 sumt,
228 1677 318 1710 weil
351 1687 393 1709 er
418 1677 483 1710 fiir
510 1676 611 1710 diese
635 1677 708 1710 Bill
733 1676 814 1710 sich
840 1677 1033 1711 verwandt
1060 1678 1182 1711 haben
1208 1679 1371 1712 mochte.
1422 1681 1554 1713 Zuerst

71 1735 195 1757 waren
223 1723 261 1756 in
287 1725 384 1758 Rom
409 1724 468 1758 die
494 1723 675 1766 Richter,
702 1724 849 1759 welche
875 1731 988 1758 unter
1012 1725 1096 1758 dem
1116 1724 1287 1760 Vorsitze
1314 1727 1377 1760 (les
1402 1727 1555 1761 Prators

71 1772 130 1805 die
171 1771 460 1818 Gerechtigkeit
498 1771 759 1812 handhabten‚
802 1784 866 1806 aus
901 1773 987 1806 dem
1019 1774 1174 1814 Senam,
1221 1774 1376 1808 hierauf
1408 1775 1478 1809 seit
1510 1775 1554 1809 C.

71 1819 266 1854 Gracchus
292 1832 355 1853 aus
381 1820 452 1853 den
478 1821 647 1862 Rittern‚
686 1820 784 1854 dann
815 1821 884 1854 seit
909 1819 1014 1854 Sulla
1039 1821 1183 1856 wieder
1209 1833 1272 1856 aus
1304 1822 1391 1856 dem
1423 1823 1556 1857 Senate

72 1867 234 1901 erwahlt
265 1868 439 1902 worden:
476 1866 576 1901 nach
602 1869 688 1901 dem
721 1866 966 1902 Aurelischen
994 1869 1150 1903 Gesetze
1175 1870 1266 1904 aber
1290 1871 1558 1905 concurrirten

72 1915 142 1948 alle
168 1917 191 1950 3
216 1915 373 1959 stende,
408 1915 538 1955 Servat,
573 1916 697 1950 Ritter
729 1929 765 1949 u.
791 1918 937 1961 Biirger
970 1916 1087 1951 dabei.
1124 1937 1166 1942 —
1204 1917 1440 1959 confirmetur
1473 1925 1557 1953 tan-

73 1974 183 2007 quam
210 1974 338 1997 versus
364 1976 384 1997 a
410 1970 446 1997 te
473 1961 714 2009 compositas.
742 1983 788 1988 -—
821 1968 885 1997 ἰιια
908 1964 1025 2007 sulm,
1059 1977 1170 1999 wann
1205 1967 1265 2000 Du
1297 1966 1556 2015 unangefoch-

74 2017 139 2044 ten
164 2011 312 2051 bleibst,
338 2010 506 2045 n'aimlich
532 2023 552 2045 a
579 2011 719 2053 iudicio
745 2012 1040 2057 repetundarum
1068 2014 1169 2057 quod
1194 2014 1230 2047 ei
1257 2015 1409 2058 quidam
1435 2015 1557 2048 mina·

74 2058 219 2092 bantur.
247 2077 290 2082 -
325 2069 498 2102 oppugn„
526 2070 569 2093 ne
595 2060 731 2104 possis,
760 2071 876 2105 quum
902 2060 979 2105 ipse
1007 2067 1198 2095 accusatus
1224 2067 1262 2096 et
1287 2063 1556 2098 condemnatus

74 2106 141 2150 sis,
166 2117 237 2151 pro
262 2116 322 2139 me
350 2107 559 2152 deprecari.

167 2156 201 2188 9.
229 2155 282 2188 M.
310 2155 486 2188 Valerius
511 2156 679 2189 Messala
704 2156 836 2190 consul
860 2156 948 2189 anni
973 2157 1057 2193 693.
1091 2153 1128 2190 S.
1158 2168 1219 2203 ep.
1246 2159 1343 2203 XVI,
1369 2172 1428 2195 am
1453 2159 1552 2199 End.

75 2219 120 2225 ·-
145 2202 299 2235 maxima
326 2207 387 2235 est.
422 2202 484 2235 Sic
510 2203 589 2237 Md.
619 2201 716 2236 vict.
745 2206 775 2238 1.
803 2206 834 2239 2.
863 2209 913 2237 est
939 2205 1099 2238 maxima
1119 2206 1213 2240 Cett.
1242 2208 1318 2241 OR.

171 2251 228 2284 10.
255 2249 335 2293 quin
363 2249 386 2282 i.
415 2261 446 2283 o.
474 2254 539 2294 qui
565 2251 667 2284 non?
693 2265 742 2283 z
778 2252 986 2294 vielmehr‚
1019 2262 1139 2299 sog-ar.
1181 2253 1218 2288 S.
1245 2255 1385 2301 Zumpt
1411 2257 1444 2301 §.
1470 2258 1554 2295 542.

75 2298 226 2332 Grotef.
253 2298 345 2331 ausf.
373 2298 578 2332 Grammat.
609 2299 641 2343 ᾗ.
667 2301 748 2334 541.
774 2299 923 2334 Ramsh.
951 2300 1093 2343 5174,
1121 2303 1156 2339 l.
1183 2301 1271 2336 Not.
1298 2304 1330 2337 4.
1362 2323 1403 2328 —
1441 2309 1474 2338 te
1498 2305 1555 2338 in·-

74 2346 223 2383 columz'‚
249 2345 358 2380 modo
384 2351 425 2379 tu
452 2346 831 2393 incolumismaneas.
859 2366 902 2371 —
940 2347 1090 2391 Reliqua
1115 2350 1254 2394 pendet
1279 2351 1323 2385 ab
1364 2352 1553 2386 infinitivo

76 2394 249 2427 scribere.
289 2412 330 2417 —
366 2393 420 2427 ita
447 2419 454 2427 .
483 2419 491 2427 .
519 2419 527 2428 .
553 2398 602 2428 ut.
652 2389 755 2430 Uber
780 2395 878 2429 diese
918 2394 1322 2444 Betheurungsformel
1348 2412 1373 2433 s.
1398 2401 1552 2437 Ramsh.

76 2440 104 2481 §.
133 2443 211 2483 166,
237 2442 269 2479 3,
296 2440 344 2474 N.
372 2442 403 2476 2.
432 2442 578 2476 Grotef.
605 2445 631 2487 §.
659 2445 740 2483 384,
766 2442 872 2476 Anni.
900 2444 933 2477 5.
961 2462 1005 2468 —-
1030 2446 1199 2487 patietur.
1233 2447 1293 2480 Sic
1323 2449 1421 2481 Crat.
1447 2449 1550 2482 Man.

79 2488 203 2522 hamb.
228 2489 395 2530 patiatur
419 2489 499 2523 Md.
536 2490 628 2524 Vict.
658 2493 688 2525 1.
717 2494 748 2526 2.
780 2493 871 2525 Ern.
904 2490 1055 2524 Schiitz.
1095 2494 1254 2527 Liinem.
1284 2494 1480 2531 ORELLI.
1506 2514 1552 2521 —

77 2533 369 2618 g'lzcizsgalolm'cgte,
404 2538 503 2572 forte
537 2537 805 2573 Thessalonica.
841 2538 1037 2574 ORELLI.
1077 2539 1111 2574 S.
1146 2541 1295 2576 Ramsh.
1334 2542 1365 2586 §.
1404 2545 1482 2585 1⁴17,
1520 2547 1550 2579 1.

80 2607 106 2622 ,ο
205 2606 215 2621 7
264 2592 294 2623 7Ἀ
326 2609 334 2620 ο
