1742 3006
180 57 245 108 92
477 60 541 105 Μ.
573 64 628 120 Τ.
672 48 1012 107 οποιέΒοΝιε
1042 66 1421 111 EPISTOLAE.

179 186 266 229 que
295 172 343 215 in
373 174 653 230 provinciam
694 173 878 218 faciunt.
937 176 1126 219 Senatus
1156 178 1384 231 decrevit,
1421 182 1470 222 ut
1501 195 1656 224 consu-

178 231 246 271 les
276 229 386 272 duas
418 231 592 271 Gallias
623 232 906 285 sortirentur,
942 233 1145 275 delectus
1176 234 1431 289 haberetur,
1459 240 1657 279 vacatio-

176 298 257 327 nes
287 299 341 326 ne
369 286 596 339 valerent,
632 286 771 340 legati
801 301 899 329 cum
929 290 1198 332 auctoritate
1229 293 1537 345 mitterentur,
1578 295 1654 348 qui

176 341 355 383 adirent
397 342 577 383 Galliae
616 342 824 384 civitates
867 344 1115 399 darentque
1145 360 1351 400 operam,
1395 361 1449 388 ne
1490 362 1567 389 eae
1606 363 1654 390 se

175 410 278 438 cum
307 397 535 438 Helvetiis
575 398 820 452 iungerent.
879 399 1044 454 Legati
1074 406 1175 443 sunt
1206 403 1262 453 Q.
1295 403 1512 444 Metellus
1543 404 1652 445 Cre-

176 454 294 493 ticus
337 456 382 493 et
421 453 473 494 L.
504 453 696 494 Flaccus
726 459 795 507 et,
841 459 887 494 τὸ
923 457 989 494 ἐπὶ
1027 459 1076 506 τῆ
1104 460 1213 508 φακῆ
1252 458 1396 508 μύρον,
1433 459 1652 501 Lentulus

109 503 138 543 3
176 507 390 549 Clodiani
420 508 558 551 filius.
617 510 764 564 Atque
796 509 884 551 hoc
913 510 1016 550 loco
1045 512 1163 554 illud
1192 528 1280 554 non
1309 529 1421 570 queo
1451 520 1651 569 praeter-

170 564 262 616 ire,
293 564 436 618 quod,
476 578 610 618 quum
639 565 695 606 (le
720 566 1028 606 consularibus
1057 581 1156 609 mea
1176 571 1319 623 prima
1348 584 1445 611 sors
1466 573 1652 623 exisset,

169 633 258 660 una
297 633 408 661 voce
447 625 626 661 senatus
667 621 877 677 frequens
909 623 1190 664 retinendum
1219 639 1289 665 me
1319 627 1363 666 in
1409 628 1517 667 urbe
1547 641 1650 667 cen-

169 675 275 717 suit.
335 676 438 717 Hoc
478 676 598 717 idem
628 682 729 731 post
767 676 1087 732 ine-Pompeio
1129 681 1322 722 accidit:
1362 686 1411 722 ut
1440 696 1519 724 nos
1559 683 1649 723 duo

169 731 300 785 quasi
350 732 539 786 pignora
585 734 652 774 rei
690 734 897 788 publicae
946 734 1134 775 retineri
1186 736 1454 777 videremur.
1524 739 1648 788 Quid

167 788 288 828 enim
328 801 411 843 ego
448 788 641 830 aliorum
680 790 728 831 in
756 803 826 831 me
863 791 1152 842 ἐπιφωνήμοιτοε
1190 797 1474 848 exspectem,
1514 807 1648 847 quum

163 961 375 1007 Satzgliede
400 972 439 996 so
464 961 792 996 nachdriickliche
819 965 854 995 et
879 962 927 997 ist
950 973 1020 997 von
1034 963 1164 998 Lamb.
1193 964 1344 1010 getilgt,
1371 982 1414 988 —
1441 964 1481 998 in
1494 963 1645 1007 provin-

160 1011 273 1050 ciam,
301 1010 467 1045 Galliam
493 1009 789 1044 Narbonensem.
821 1029 865 1035 —-
893 1012 982 1044 duas
1009 1011 1164 1054 Gallias,
1191 1012 1419 1057 Cisalpinam
1445 1018 1482 1046 et
1507 1013 1644 1045 Trans·

160 1058 344 1103 alpinam.
379 1077 423 1084 —
459 1063 574 1092 vacat.
600 1069 642 1091 ne
666 1059 780 1093 valer.
814 1059 858 1093 In
883 1070 1019 1104 magno
1044 1061 1212 1093 tumultu
1238 1066 1275 1094 et
1299 1065 1467 1093 extrema
1494 1060 1550 1094 rei
1576 1072 1644 1104 pu-

158 1105 283 1140 blicae
307 1107 526 1141 necessitate
552 1118 669 1151 quum
694 1106 858 1141 delectus
882 1107 1006 1146 fiebat,
1031 1108 1145 1142 etiam
1171 1107 1243 1148 illi,
1271 1107 1338 1152 qui
1362 1107 1595 1141 vacationem
1623 1119 1643 1140 a

158 1155 302 1188 militia
326 1154 525 1196 habebant,
551 1161 594 1188 ut
616 1165 731 1196 senes,
757 1155 1034 1198 valetudinarii,
1059 1155 1210 1200 opifices
1236 1155 1388 1189 nomina
1415 1156 1503 1189 dare
1530 1166 1643 1203 coge-

157 1204 307 1236 bantur.
335 1204 527 1238 POPMA.
557 1221 598 1226 --
627 1213 707 1236 cum
732 1207 866 1237 auctor.
892 1203 964 1237 mit
984 1204 1213 1238 Vollmacht.
1257 1204 1364 1237 Denn
1391 1214 1428 1237 es
1455 1203 1526 1250 gab
1543 1203 1642 1236 auch

157 1252 369 1299 legationes
395 1252 473 1285 sine
506 1250 750 1289 auctoritate,
785 1262 859 1284 nur
884 1262 969 1284 cum
996 1251 1181 1285 mandatis
1216 1251 1308 1285 oder
1332 1262 1405 1284 nur
1429 1251 1641 1295 Titularge-

156 1299 451 1333 sandtschaften.
501 1299 640 1341 Wenn
665 1298 820 1332 Iemand
852 1298 892 1331 in
918 1299 1073 1345 eigener
1097 1298 1400 1346 Angelegenheit
1424 1299 1639 1338 ausreisete,

155 1358 196 1381 so
223 1346 365 1381 erhielt
390 1358 433 1381 er
457 1356 545 1380 vom
572 1345 685 1379 Senat
719 1347 791 1380 den
817 1346 921 1379 Titel
951 1346 1052 1379 eines
1077 1346 1204 1394 legati,
1229 1357 1293 1379 um
1319 1345 1400 1379 ihm
1427 1345 1539 1379 mehr
1564 1347 1638 1380 An-

154 1395 272 1430 sehen
296 1395 375 1431 und
399 1393 600 1429 Vorschub
626 1405 675 1427 zu
700 1394 830 1439 geben.
873 1394 1212 1429 Gesandtschaften
1233 1394 1304 1428 mit
1329 1393 1552 1428 Vollmacht
1577 1395 1640 1428 be·-

152 1444 312 1478 standen
337 1444 427 1477 aber
451 1442 690 1487 gew‘o'hnlich
725 1454 789 1475 aus
815 1442 897 1476 drei
922 1443 1126 1485 Personen,
1160 1452 1298 1476 wovon
1331 1441 1393 1476 die
1420 1447 1517 1475 erste
1549 1453 1640 1476 con-

153 1492 405 1534 sularischen,
441 1491 501 1525 die
527 1490 659 1524 zweite
692 1489 973 1535 piatorischen,
1008 1490 1068 1523 die
1095 1489 1208 1523 dritte
1234 1490 1332 1524 bloss
1357 1489 1640 1524 senatorischen

154 1540 280 1585 Rangs
304 1552 395 1576 war.
428 1558 473 1564 ——
507 1549 551 1572 ne
576 1548 652 1578 eae,
684 1538 815 1572 hamb.
847 1537 930 1572 Asc.
959 1540 993 1575 1.
1030 1539 1127 1571 Crat.
1156 1537 1260 1575 vict.
1289 1540 1324 1574 1.
1356 1549 1400 1571 ne
1425 1538 1503 1571 Ιιαε.
1529 1557 1573 1563 -
1599 1549 1637 1571 se

152 1599 235 1621 cum
271 1590 318 1622 Π.
343 1588 418 1624 Sic,
454 1587 543 1623 C2d.
577 1586 706 1619 Ambr.
745 1586 827 1619 edd.
862 1586 962 1619 Vict.
997 1597 1076 1619 cum
1108 1586 1211 1619 Hele.
1245 1596 1284 1618 se
1319 1587 1415 1621 Cett.
1452 1604 1493 1610 --
1529 1587 1633 1628 izmg.

152 1637 262 1672 Amb.
291 1640 348 1673 17.
385 1638 486 1670 Crat.
523 1634 652 1668 Lamb.
691 1635 730 1666 in
756 1645 874 1679 marg.
903 1634 995 1668 1584
1022 1633 1295 1676 coniungerent.
1329 1652 1376 1658 --
1414 1634 1451 1668 Q.
1480 1634 1634 1676 Metell„

153 1684 222 1718 der
247 1696 320 1719 von
346 1685 414 1718 der
440 1683 633 1729 besiegten
659 1680 758 1715 Insel
784 1682 896 1717 Creta
934 1681 1006 1714 den
1031 1681 1234 1715 Beinamen
1263 1681 1431 1714 Creticus
1461 1681 1636 1715 erhalten

149 1732 254 1767 hatte
280 1733 358 1766 und
382 1732 451 1766 mit
477 1730 518 1773 Q.
545 1729 765 1764 Hortensius
790 1730 859 1764 685
885 1728 1021 1762 Consul
1046 1740 1220 1774 gewesen
1244 1740 1339 1766 war.
1366 1748 1410 1755 -—-
1436 1728 1478 1762 L.
1507 1731 1632 1764 Valer.

150 1781 307 1815 Flaccus
332 1791 412 1813 war
436 1785 549 1813 unter
575 1778 740 1811 Cicero's
768 1776 964 1810 Consulate
988 1777 1121 1811 Prator
1147 1787 1332 1824 gewesen.
1363 1796 1404 1802 -
1427 1776 1476 1810 τὸ
1502 1777 1574 1811 ἐπὶ
1600 1789 1630 1811 κ.

150 1841 182 1863 τ.
210 1829 240 1862 λ.
267 1830 306 1863 in
332 1829 432 1862 lente
448 1833 696 1874 unguentum,
722 1824 961 1870 proverbium
988 1825 1033 1857 de
1059 1825 1169 1858 rebus
1195 1825 1298 1858 bonis
1324 1827 1363 1857 in
1389 1836 1429 1858 re
1457 1825 1523 1858 vili
1543 1836 1632 1859 con-

150 1878 324 1924 sumptis,
349 1887 411 1909 um
439 1875 510 1909 den
536 1874 635 1908 Kohl
660 1874 771 1907 recht
796 1874 869 1906 fett
894 1885 942 1905 zu
967 1871 1139 1906 macheu.
1189 1873 1286 1906 Eine
1310 1872 1544 1918 Anspielung·
1568 1873 1633 1907 auf

150 1926 226 1958 den
251 1927 399 1960 Namen
415 1924 610 1959 Lentulus.
638 1922 714 1962 „So
741 1922 813 1955 wie
839 1920 976 1953 Linsen
1002 1920 1064 1954 des
1082 1923 1181 1954 Fetts
1206 1919 1314 1954 nicht
1338 1920 1463 1954 werth
1481 1924 1632 1964 w'ziren5

150 1984 191 2006 ⁵0
228 1973 281 2007 sei
317 1973 416 2007 auch
450 1973 550 2005 Herr
574 1969 802 2004 Linsemann
841 1967 950 2001 nicht
975 1967 1121 2010 werth,
1156 1966 1236 2001 sich
1263 1980 1309 2001 an
1336 1968 1404 2001 der
1429 1969 1528 2002 Seite
1565 1969 1631 2002 der

150 2020 286 2056 beiden
322 2027 446 2056 ersten
470 2021 639 2066 Legaten
677 2030 723 2050 zu
748 2016 958 2050 befinden.“
1006 2016 1141 2050 Dieser
1173 2017 1238 2051 Cn.
1265 2016 1462 2050 Cornelius
1488 2017 1630 2049 Lentu-

147 2070 216 2109 lus,
244 2070 305 2103 ein
331 2069 432 2103 Sohn
459 2069 521 2102 dos
549 2066 759 2108 Clodianus,
785 2065 890 2099 hatte
917 2063 988 2099 mit
1011 2064 1053 2098 L.
1082 2064 1227 2100 Gellius
1254 2064 1447 2099 Publicola
1472 2065 1542 2100 682
1567 2064 1630 2097 das

149 2118 329 2151 Consulat
354 2117 554 2151 bekleidet.

243 2185 281 2222 3.
308 2183 399 2218 sors
424 2184 507 2220 scil.
540 2188 582 2216 ut
607 2183 750 2228 legatus
777 2180 817 2214 in
849 2178 1089 2226 provinciam
1116 2178 1280 2213 Galliam
1307 2177 1414 2212 irem.
1442 2177 1626 2213 ERNES·

147 2233 209 2266 TI.
238 2250 279 2257 -—
299 2234 490 2276 frequens.
518 2230 716 2265 zahlreich
741 2230 987 2263 versammelt.
1020 2246 1062 2252 —
1097 2227 1256 2260 aliorum
1281 2223 1625 2269 ἑπιφωνήματα,

146 2280 444 2320 acclamationes,
477 2280 616 2320 laudes,
652 2277 988 2324 Zuiauchzungen.
1037 2276 1133 2309 Statt
1165 2274 1324 2307 aliorum
1350 2274 1552 2317 (freinder)
1579 2288 1627 2304 2:

145 2329 242 2361 alibi
266 2328 318 2361 im
346 2329 507 2375 Gegens.
545 2337 620 2360 von
645 2327 741 2359 donzi
767 2326 846 2359 will
869 2323 1023 2358 Ernesti
1055 2322 1148 2356 nach
1174 2323 1329 2366 Malasp.
1356 2323 1558 2355 alienorum
1584 2321 1622 2356 h.

145 2387 178 2410 e.
207 2381 449 2410 externorum
484 2375 554 2408 mit
579 2375 663 2408 dem
690 2375 821 2408 Sinne:
857 2372 948 2417 quid
982 2382 1054 2417 ego
1087 2371 1249 2418 gloriam
1283 2369 1562 2416 peregrinando
1588 2374 1626 2402 et

145 2423 394 2467 legationibus
419 2429 556 2468 petam,
591 2434 705 2466 quum
740 2422 805 2454 illa
838 2422 975 2454 Romae
1011 2425 1122 2462 atque
1156 2418 1246 2451 adeo
1277 2417 1316 2448 in
1352 2416 1490 2450 Senatu
1527 2415 1625 2449 mihi

146 2472 344 2505 nascatur?
374 2471 539 2511 „Melior
564 2480 662 2511 sane,
690 2475 769 2516 sagt
793 2468 929 2506 Orelli,
957 2468 1074 2500 alterii
1099 2465 1266 2498 Scliiitzii
1293 2464 1509 2497 coniectura
1536 2464 1623 2497 Gal-

145 2519 276 2553 lorum.
319 2520 452 2553 Cicero
479 2518 546 2551 hat
572 2518 641 2550 alii
668 2523 755 2550 stati.
780 2516 942 2555 externi,
968 2514 1173 2560 peregrini,
1198 2513 1271 2546 wie
1293 2522 1363 2544 von
1390 2512 1495 2545 einer
1512 2511 1621 2545 zwei-

147 2572 209 2599 ten
248 2567 545 2601 verschiedenen
571 2566 692 2599 Partei
728 2563 955 2610 gel›r;=u‹:ht;
991 2560 1147 2596 tilmlich
1175 2561 1276 2595 caes.
1304 2559 1348 2592 tle
1374 2561 1412 2592 B.
1441 2560 1488 2593 G.
1519 2560 1548 2599 Ι,
1579 2560 1619 2592 1:

147 2624 250 2646 unam
278 2617 458 2659 (partem)
486 2615 635 2661 Belgae,
662 2613 777 2646 alium
802 2611 993 2656 Aquitani,
1021 2616 1091 2642 etc.
1122 2607 1322 2653 vgl.Suet.
1350 2607 1425 2640 Tit.
1455 2610 1489 2642 7.
1517 2608 1620 2641 Curi,

146 2662 211 2702 lX,
239 2664 273 2701 8,
302 2664 334 2696 5.
360 2664 455 2696 Stutt
481 2663 677 2695 alienorum
701 2660 825 2693 wi'irde
850 2671 935 2691 man
962 2657 1054 2690 elier
1080 2657 1201 2689 aliena
1227 2669 1275 2685 Ξ
1301 2655 1460 2688 aliorum
1479 2665 1621 2688 erwar-

146 2715 220 2744 ῑυῐῑ.
279 2710 389 2743 Doch
427 2711 578 2743 werden
605 2708 718 2742 alieni
754 2709 792 2741 in
826 2707 892 2740 (ler
926 2706 1141 2749 Bedeutnng
1183 2714 1254 2737 von
1288 2703 1512 2735 Fremden
1549 2711 1621 2733 nur

145 2757 215 2790 den
257 2757 356 2800 suis,
405 2759 534 2791 (coticis
579 2763 766 2805 entgegen
808 2760 950 2803 gesetzt
994 2767 1023 2787 z.
1062 2756 1100 2787 B.
1145 2752 1184 2785 in
1221 2751 1320 2786 Orat.
1356 2750 1439 2786 Mil.
1480 2750 1537 2786 28.
1576 2748 1621 2782 ad
