1742 3006
200 113 297 164 342
472 117 540 161 M.
571 117 628 161 Τ.
657 115 998 162 CICERONIS
1027 116 1402 163 EPISTOLAE.

205 244 260 274 eo
288 230 466 273 iudicio
498 234 763 273 consecutos
792 243 903 284 esse,
931 233 981 273 ut
1011 230 1208 272 omnium
1237 227 1485 286 gratissimi
1512 229 1686 275 iudica—

208 301 370 329 remur.
436 285 555 328 Nam
583 287 632 328 in
661 286 945 329 defendendo
975 300 1153 328 moroso
1182 287 1358 329 homini
1389 287 1687 329 cumulatissi-

206 357 276 385 me
306 341 609 384 satisfecimus
638 348 686 385 et
712 365 767 373 —-
805 343 855 384 id
899 342 1019 397 quod
1060 344 1143 384 ille
1172 343 1369 384 maxime
1400 343 1609 398 cupiebat
1635 363 1691 373 —-

207 399 466 452 Vatinium,
516 412 544 441 a
571 413 660 454 quo
690 400 838 455 palam
867 400 1231 454 oppugnabatur,
1283 399 1508 440 arbitratu
1535 402 1690 441 nostro

208 454 501 507 concidimus,
533 455 623 497 diis
654 455 1000 510 hominibusque
1022 455 1351 510 plaudentibus.
1411 454 1534 504 Quin
1554 455 1690 496 etiam

206 510 393 551 Paullus
432 515 586 553 noster
623 525 758 566 quum
799 512 927 552 testis
957 511 1199 565 productus
1240 515 1358 553 esset
1398 511 1445 550 in
1482 510 1691 564 Sestium,

207 566 497 609 confirmavit
526 581 574 609 se
603 581 764 609 nomen
793 566 976 608 Vatinii
1007 567 1277 619 delaturum,
1308 568 1347 608 si
1376 566 1534 608 Macer
1561 566 1690 609 Lici-.-

205 621 305 664 nius
348 627 656 665 cunctaretur:
704 628 750 664 et
789 622 947 664 Macer
983 636 1010 664 a
1040 623 1179 665 Sestii
1219 623 1448 664 subselliis
1489 622 1692 663 surrexit

206 690 262 719 ac
291 691 339 719 se
368 680 444 719 illi
474 693 563 720 non
593 678 851 721 defuturum
879 678 1142 721 affirmavit.
1201 677 1324 728 Quid
1354 679 1561 733 quaeris?
1610 677 1692 719 ho-

205 746 279 774 mo
307 736 515 787 petulans
547 738 594 775 et
621 736 787 786 audax,
816 735 1058 792 Vatinius,
1086 733 1221 776 valde
1251 735 1536 788 perturbatus
1567 732 1693 774 debi-
1726 756 1730 760 f

210 788 457 844 litatusqne
487 789 711 832 discessit.
771 791 968 841 Quintus
996 795 1124 843 tuus,
1154 802 1265 843 puer
1293 789 1513 844 optimus,
1543 789 1694 830 erudi-

206 847 283 885 tur
311 846 505 901 egregie.
564 846 668 887 Hoc
696 860 815 889 nunc
841 848 986 901 magis
1016 845 1340 897 animadverto,
1369 844 1492 899 quod
1512 845 1693 899 Tyran-

206 900 285 941 nio
315 901 450 943 docet
478 902 596 957 apud
623 916 710 944 me.
768 903 940 944 Domus
979 902 1212 955 utriusque
1249 901 1452 942 nostrum
1481 899 1697 942 aedifica‘-

206 960 283 996 tur
311 961 505 1001 strenue.
563 956 861 1013 Redemptori
901 962 979 999 tuo
1009 957 1249 998 dimidium
1277 958 1494 1012 pecuniae
1524 956 1694 998 curavi.

208 1011 350 1065 Spero
389 1027 470 1055 nos
510 1018 614 1055 ante
660 1014 855 1055 hiemem
886 1014 1230 1055 contubernales
1271 1012 1382 1054 fore.
1440 1012 1512 1053 De
1541 1016 1729 1053 nostra»

208 1066 383 1123 Tullia,
411 1070 479 1111 tui
506 1068 768 1112 mehercule
799 1070 1119 1122 amantissima,
1149 1082 1280 1125 spero
1304 1082 1406 1110 cum
1426 1067 1694 1123 Crassipede

207 1186 242 1220 S.
269 1198 327 1232 ep.
350 1187 478 1231 XCIX,
504 1188 537 1222 5.
570 1205 618 1212 —
649 1187 688 1221 in
712 1186 933 1230 defendendo
960 1201 1008 1218 ε
1041 1187 1079 1220 in
1119 1187 1198 1221 eius
1226 1186 1458 1221 defensione.
1486 1203 1531 1211 —-
1557 1195 1696 1220 moroso

209 1234 347 1268 homini
370 1236 396 1269 i.
423 1247 455 1270 e.
483 1235 615 1269 Sestio.
671 1235 733 1269 Sic
758 1237 901 1271 Miiller
936 1235 983 1268 ad
1009 1235 1217 1269 Sestianam
1249 1247 1284 1280 p.
1313 1236 1367 1269 14.
1395 1234 1534 1268 homine
1571 1243 1698 1267 omnes

208 1282 303 1316 mihi
337 1283 433 1316 noti.
472 1282 672 1318 ORELLI.
698 1302 743 1309 --
794 1285 829 1316 Ρ.
860 1283 1070 1321 Vatinium,
1097 1283 1358 1316 testimonium
1383 1283 1423 1315 in
1450 1282 1608 1316 Sestium
1636 1281 1700 1326 qui

209 1330 318 1367 dixit.
376 1324 481 1366 Uber
517 1330 587 1365 ihu
619 1344 647 1367 s.
686 1343 742 1377 ep.
769 1331 916 1370 xxxu,
944 1333 976 1366 2.
1020 1331 1188 1371 xxxm,
1215 1333 1249 1365 3.
1283 1331 1426 1370 XXXV,
1454 1332 1488 1366 2.
1523 1331 1566 1372 L,
1590 1332 1626 1366 3.
1652 1347 1697 1354 —

153 1376 160 1385 ‘
208 1379 394 1413 arbitratu
418 1390 474 1421 n.,
525 1381 696 1414 oratione
729 1380 769 1413 in
807 1379 1003 1413 Vatinium
1039 1391 1069 1413 s.
1097 1379 1220 1424 potius
1244 1379 1560 1423 interrogatione,
1603 1390 1699 1423 quae

208 1433 339 1460 exstat.
379 1427 483 1462 SCH.
537 1429 643 1462 Eben
685 1428 812 1461 diesen
848 1428 1020 1461 Vatinius
1055 1428 1309 1473 vertheidigte
1343 1427 1480 1462 Cicero
1516 1427 1574 1459 ein
1610 1426 1698 1460 Iahr

209 1478 346 1521 spater.
374 1494 419 1501 -
461 1477 671 1518 concidere,
716 1478 755 1510 in
791 1475 851 1509 die
877 1477 1016 1510 Psanne
1043 1475 1165 1509 hauen
1192 1488 1242 1508 z
1277 1487 1320 1509 zu
1353 1475 1484 1509 Boden
1509 1474 1698 1519 schlagen,

209 1523 468 1557 iiberwinden.
497 1543 542 1550 --
588 1525 850 1569 plaudenlibus.
901 1525 952 1557 Er
978 1535 1057 1557 war
1083 1536 1121 1557 so
1147 1524 1333 1565 verhasst‚
1369 1524 1451 1556 dass
1478 1534 1563 1557 man
1589 1523 1698 1556 einen

210 1571 552 1607 unversohnlichen
580 1575 673 1607 Hass
699 1573 819 1607 odium
838 1573 1071 1608 Vatinianum
1092 1579 1241 1606 nannte.
1292 1571 1328 1605 S.
1352 1570 1480 1605 senec.
1510 1572 1553 1604 de
1572 1571 1697 1605 Const.

212 1622 268 1655 17.
292 1626 377 1665 post
401 1622 502 1655 med.
546 1622 725 1656 Nachher
750 1621 880 1655 wurde
906 1633 947 1654 er
974 1623 1178 1666 Propriitor
1203 1621 1239 1653 in
1266 1620 1436 1665 Illyrien.
1487 1619 1694 1665 &Philipp

210 1667 252 1709 X,
278 1670 300 1703 5
325 1680 361 1702 u.
387 1671 421 1705 6.
449 1670 494 1703 ad
528 1671 612 1704 Div.
639 1672 682 1711 V,
708 1671 743 1709 9,
772 1671 837 1710 10;
880 1670 982 1703 auch
1007 1669 1137 1718 Augur
1163 1681 1207 1702 an
1234 1669 1293 1701 die
1320 1668 1431 1701 stelle
1457 1667 1519 1700 des
1544 1668 1696 1713 Appius.

210 1716 258 1749 ad
282 1717 367 1750 Div.
396 1719 443 1759 V,
472 1720 526 1752 10.
591 1718 724 1751 Dieser
758 1717 868 1751 Brief
901 1718 973 1751 und
1001 1719 1066 1751 der
1088 1724 1225 1751 neunte
1250 1716 1330 1749 sind
1358 1727 1428 1750 von
1455 1716 1535 1749 ihm
1561 1727 1606 1748 an
1636 1716 1696 1749 Ci-

210 1774 297 1797 cero
324 1766 668 1801 freundschaftlich
694 1766 951 1811 geschrieben.
984 1785 1028 1791 —-
1070 1767 1113 1799 L.
1156 1765 1336 1799 Aemilius
1368 1765 1520 1800 Paullus
1549 1765 1605 1798 M.
1632 1765 1694 1804 R,
1731 1768 1734 1793 ἱ

210 1811 350 1846 friiher
376 1814 541 1859 Quastor
565 1814 603 1847 in
629 1814 898 1857 Macedonien,
941 1814 1048 1847 ward
1076 1816 1144 1849 701
1172 1816 1327 1854 Frater,
1371 1813 1440 1848 704
1474 1812 1623 1848 Consul.
1648 1829 1696 1836 -

210 1869 250 1892 se
290 1871 415 1894 nomen
458 1861 606 1895 Vatinii
645 1863 871 1904 delaturum,
919 1874 960 1895 er
999 1863 1121 1895 werde
1158 1862 1230 1895 deu
1260 1861 1382 1897 Vatin.
1418 1860 1625 1905 verklagen.
1649 1877 1697 1884 —-

212 1907 349 1942 stIacer
373 1908 538 1943 Licinius
571 1910 618 1943 ist
652 1912 694 1943 C.
727 1910 901 1944 Licinius
931 1910 1079 1949 Calvus,
1107 1910 1173 1943 der
1199 1908 1302 1943 Sohn
1332 1910 1394 1942 des
1420 1908 1589 1942 Licinius
1614 1909 1698 1942 Ma-

213 1967 291 1998 cer,
319 1957 397 1998 der,
426 1958 705 1992 Unterschleifs
733 1968 859 2002 wegen
887 1958 1106 2002 angeklagt‚
1126 1969 1215 1991 vom
1244 1958 1389 1998 Cicero,
1417 1956 1586 1990 damahls
1612 1957 1700 1989 Pra-

210 2010 295 2045 tor,
340 2005 567 2039 verurtlieilt
601 2017 694 2040 war.
761 2008 795 2039 S.
823 2008 926 2039 Brut.
963 2007 1019 2041 81.
1058 2007 1104 2039 ad
1130 2007 1212 2039 Div.
1240 2006 1320 2046 XV,
1349 2007 1394 2040 21
1421 2005 1497 2047 (IX,
1520 2006 1572 2046 2).
1598 2022 1646 2028 —-
1674 2013 1717 2042 a,

212 2052 325 2086 Sestii
348 2054 508 2093 subsell.‚
536 2066 607 2087 von
635 2054 706 2087 den
733 2054 904 2094 Banken,
945 2055 1092 2087 worauf
1117 2055 1175 2086 die
1201 2053 1369 2087 Freunde
1397 2053 1458 2086 des
1476 2054 1614 2086 Sestius
1641 2052 1697 2084 584

213 2101 306 2133 [sen.
333 2120 381 2126 —
407 2113 445 2134 se
471 2102 532 2135 illi
558 2113 628 2136 non
654 2103 885 2143 defuturum,
913 2113 953 2135 er
981 2103 1104 2135 werde
1131 2103 1214 2136 dem
1242 2100 1433 2134 Wunsche
1460 2102 1522 2134 des
1550 2099 1695 2134 Paullus

213 2148 375 2193 Geniige
401 2150 547 2192 leisten,
575 2151 610 2184 d.
638 2151 661 2183 i.
689 2150 759 2182 den
787 2151 956 2183 Vatinius
984 2151 1175 2195 auklagen.
1234 2150 1347 2184 Nach
1386 2150 1510 2183 Tacit.
1547 2148 1696 2192 Dialog.

214 2196 261 2229 de
288 2204 429 2231 orator.
456 2198 506 2231 ist
533 2199 629 2231 diess
656 2198 754 2232 auch
781 2198 1010 2242 geschehen.
1073 2200 1160 2232 Will
1200 2210 1284 2232 man
1312 2199 1400 2230 aber
1426 2198 1485 2230 illi
1511 2197 1575 2230 auf
1597 2194 1698 2228 vati-

213 2245 294 2278 nius
319 2244 515 2284 beziehen,
543 2258 583 2280 so
612 2248 662 2280 ist
687 2247 750 2279 das
777 2247 903 2280 Ganze
930 2258 956 2280 s.
983 2259 1018 2282 v.
1047 2258 1077 2280 a.
1105 2259 1143 2280 se
1172 2258 1250 2280 esse
1268 2246 1420 2279 Vatinio
1449 2246 1549 2278 diem
1576 2244 1699 2276 dictu-

212 2303 308 2327 rum.
335 2311 382 2317 -
434 2294 527 2328 Quid
550 2294 723 2338 quaeris?
757 2309 807 2326 Ξ
833 2294 920 2340 quid
945 2295 1089 2328 multa?
1141 2295 1230 2341 quid
1257 2294 1390 2340 plura?
1441 2295 1523 2329 scil.
1561 2292 1697 2331 dicam,

213 2340 314 2384 kurz,
343 2341 414 2374 mit
439 2342 560 2375 eiuem
587 2344 728 2376 Worte.
778 2342 814 2376 S.
842 2344 997 2379 Ramsb.
1026 2345 1055 2387 §.
1088 2345 1166 2386 174,
1196 2346 1228 2377 1.
1256 2344 1302 2376 N.
1329 2344 1363 2378 5.
1391 2343 1424 2377 6,

311 2391 343 2424 2.
373 2389 525 2426 Quintus
549 2394 629 2423 tuns
655 2391 764 2424 silius.
815 2390 850 2424 S.
879 2403 935 2435 ep.
961 2392 1097 2433 LXIII,
1123 2393 1156 2426 3.
1183 2408 1230 2415 —-
1259 2389 1440 2435 Tyrannio
1469 2387 1697 2422 Grammati-

216 2449 294 2471 cus.
358 2437 392 2471 S.
425 2447 481 2481 ep.
512 2439 666 2478 XXXII,
697 2441 714 2472 l
739 2450 773 2471 u.
800 2439 968 2473 XCVIII.
994 2458 1041 2463 —
1091 2440 1187 2483 apud
1212 2449 1282 2481 me,
1308 2438 1345 2471 in
1372 2437 1532 2471 meinem
1558 2439 1694 2470 Hause.

215 2487 348 2521 Cicero
383 2485 490 2517 horte
527 2486 611 2518 dem
640 2487 882 2520 Unterrichte
916 2489 974 2521 oft
1008 2499 1064 2522 zu.
1116 2487 1153 2524 S.
1191 2498 1249 2532 ep.
1276 2486 1495 2520 CXXXVIII
1523 2496 1557 2517 u.
1586 2485 1696 2517 CLII.

213 2551 261 2558 ·—-
286 2533 533 2577 Redemptori,
560 2534 644 2567 dem
670 2535 1027 2570 Bauuuternelimer.
1055 2553 1101 2559 -—
1152 2535 1302 2576 contub„
1340 2541 1445 2567 uuter
1473 2534 1595 2566 einem
1623 2532 1699 2564 Da·

215 2582 296 2613 che.
327 2581 411 2615 Sein
439 2581 513 2614 und
541 2583 659 2615 seinos
687 2583 849 2616 Bruders
877 2586 974 2617 Hans
1000 2584 1063 2617 auf
1091 2584 1175 2628 dem
1195 2583 1336 2617 Palatio
1364 2583 1516 2615 stiessen
1545 2593 1590 2613 an
1619 2580 1698 2613 ein-

214 2630 343 2662 ander.
421 2632 452 2663 S.
481 2641 541 2675 ep.
568 2631 686 2670 XXX,
715 2634 746 2664 7.
785 2633 955 2672 XXXIII,
982 2633 1018 2668 5.
1092 2626 1197 2666 Uber
1223 2631 1294 2664 den
1320 2642 1443 2663 neuen
1471 2629 1643 2662 Hausbau
1667 2637 1695 2659 s.

216 2688 276 2722 ep.
311 2678 459 2720 XCVII,
489 2681 506 2712 l
534 2690 566 2711 u.
594 2680 626 2713 2.
654 2680 780 2721 XCIX,
808 2683 840 2715 7.
868 2698 914 2704 —-
965 2691 1038 2713 cum
1067 2680 1232 2723 Crassip.
1259 2680 1420 2722 consec.,
1463 2690 1504 2711 so
1533 2677 1613 2710 dass
1644 2675 1698 2707 sie

214 2724 296 2758 sich
332 2726 402 2758 mit
441 2727 524 2759 ihm
549 2727 766 2760 vermahlen
793 2728 905 2760 wird:
947 2740 1022 2761 was
1056 2728 1152 2761 denn
1186 2728 1281 2760 auch
1308 2738 1367 2759 am
1393 2728 1481 2760 alten
1509 2725 1612 2770 April
1636 2733 1696 2767 ge-

216 2773 345 2808 schah.
404 2773 441 2806 S.
472 2786 528 2819 ep.
557 2775 660 2811 CIII.
704 2775 770 2809 Ihr
804 2783 922 2811 erster
949 2776 1107 2810 Gemahl
1141 2776 1226 2810 Piso
1252 2786 1331 2809 war
1357 2774 1443 2808 bald
1469 2773 1562 2807 nach
1591 2771 1698 2807 Cice·
