<?xml version="1.0" encoding="UTF-8"?>
<!DOCTYPE html PUBLIC "-//W3C//DTD XHTML 1.0 Transitional//EN"
    "http://www.w3.org/TR/xhtml1/DTD/xhtml1-transitional.dtd">
<html xmlns="http://www.w3.org/1999/xhtml" xml:lang="en" lang="en">
 <head>
  <title>
</title>
<meta http-equiv="Content-Type" content="text/html;charset=utf-8" />
  <meta name='ocr-system' content='tesseract 3.04.00' />
  <meta name='ocr-capabilities' content='ocr_page ocr_carea ocr_par ocr_line ocrx_word'/>
</head>
<body>
  <div class='ocr_page' id='page_1' title='image "./epistolaeadattic00ciceuoft/epistolaeadattic00ciceuoft_0262.png"; bbox 0 0 1742 3006; ppageno 0'>
   <div class='ocr_carea' id='block_1_1' title="bbox 174 108 1382 157">
    <p class='ocr_par' dir='ltr' id='par_1_1' title="bbox 174 108 1382 157">
     <span class='ocr_line' id='line_1_1' title="bbox 174 108 1382 157; baseline -0.001 0"><span class='ocrx_word' id='word_1_1' title='bbox 174 108 270 157; x_wconf 79' lang='grc'><strong>246</strong></span> <span class='ocrx_word' id='word_1_2' title='bbox 456 113 519 154; x_wconf 90' lang='grc' dir='ltr'><strong>Μ.</strong></span> <span class='ocrx_word' id='word_1_3' title='bbox 550 112 604 154; x_wconf 92' lang='grc' dir='ltr'><strong>Τ.</strong></span> <span class='ocrx_word' id='word_1_4' title='bbox 636 109 979 155; x_wconf 88' lang='lat' dir='ltr'><strong>CICERONIS</strong></span> <span class='ocrx_word' id='word_1_5' title='bbox 1008 110 1382 156; x_wconf 87' lang='lat' dir='ltr'><strong>EPISTOLAE.</strong></span> 
     </span>
    </p>
   </div>
   <div class='ocr_carea' id='block_1_2' title="bbox 173 221 1653 323">
    <p class='ocr_par' dir='ltr' id='par_1_2' title="bbox 173 221 1653 323">
     <span class='ocr_line' id='line_1_2' title="bbox 173 221 1653 281; baseline 0 -14"><span class='ocrx_word' id='word_1_6' title='bbox 173 226 277 280; x_wconf 83' lang='lat' dir='ltr'><strong>agit.</strong></span> <span class='ocrx_word' id='word_1_7' title='bbox 331 222 585 265; x_wconf 87' lang='lat' dir='ltr'><strong>Literarum</strong></span> <span class='ocrx_word' id='word_1_8' title='bbox 615 222 890 277; x_wconf 83' lang='lat' dir='ltr'><strong>exemplum,</strong></span> <span class='ocrx_word' id='word_1_9' title='bbox 928 235 1037 280; x_wconf 89' lang='lat' dir='ltr'><strong>quas</strong></span> <span class='ocrx_word' id='word_1_10' title='bbox 1075 221 1133 265; x_wconf 88' lang='lat' dir='ltr'><strong>ad</strong></span> <span class='ocrx_word' id='word_1_11' title='bbox 1172 222 1437 279; x_wconf 89' lang='lat' dir='ltr'><strong>Pompeium</strong></span> <span class='ocrx_word' id='word_1_12' title='bbox 1478 224 1653 281; x_wconf 81' lang='lat' dir='ltr'>scripsi,</span> 
     </span>
     <span class='ocr_line' id='line_1_3' title="bbox 174 277 1329 323; baseline -0.001 0"><span class='ocrx_word' id='word_1_13' title='bbox 174 281 277 323; x_wconf 89' lang='lat' dir='ltr'><strong>misi</strong></span> <span class='ocrx_word' id='word_1_14' title='bbox 305 279 400 321; x_wconf 87' lang='lat' dir='ltr'><strong>tibi.</strong></span> <span class='ocrx_word' id='word_1_15' title='bbox 458 277 562 319; x_wconf 89' lang='lat' dir='ltr'><strong>Dat.</strong></span> <span class='ocrx_word' id='word_1_16' title='bbox 591 289 647 320; x_wconf 77' lang='lat' dir='ltr'><strong>xv.</strong></span> <span class='ocrx_word' id='word_1_17' title='bbox 677 277 780 321; x_wconf 86' lang='lat' dir='ltr'><strong>Kal.</strong></span> <span class='ocrx_word' id='word_1_18' title='bbox 815 279 910 321; x_wconf 91' lang='lat' dir='ltr'><strong>Iun.</strong></span> <span class='ocrx_word' id='word_1_19' title='bbox 969 279 1329 323; x_wconf 70' lang='lat' dir='ltr'><strong>Thessalonicae.</strong></span> 
     </span>
    </p>
   </div>
   <div class='ocr_carea' id='block_1_3' title="bbox 301 493 1533 613">
    <p class='ocr_par' dir='ltr' id='par_1_3' title="bbox 301 493 1533 613">
     <span class='ocr_line' id='line_1_4' title="bbox 475 493 1357 547; baseline 0 -12"><span class='ocrx_word' id='word_1_20' title='bbox 475 493 795 537; x_wconf 88' lang='lat' dir='ltr'><strong>EPISTOLA</strong></span> <span class='ocrx_word' id='word_1_21' title='bbox 823 493 978 536; x_wconf 92' lang='lat' dir='ltr'><strong>LXII.</strong></span> <span class='ocrx_word' id='word_1_22' title='bbox 1038 494 1150 546; x_wconf 78' lang='lat' dir='ltr'><strong>(Att.</strong></span> <span class='ocrx_word' id='word_1_23' title='bbox 1181 494 1267 537; x_wconf 87' lang='lat'><strong>111.</strong></span> <span class='ocrx_word' id='word_1_24' title='bbox 1297 496 1357 547; x_wconf 90' lang='grc'><strong>9.)</strong></span> 
     </span>
     <span class='ocr_line' id='line_1_5' title="bbox 301 567 1533 613; baseline -0.003 -7"><span class='ocrx_word' id='word_1_25' title='bbox 301 570 384 606; x_wconf 76' lang='lat' dir='ltr'><strong>Ser.</strong></span> <span class='ocrx_word' id='word_1_26' title='bbox 414 569 702 605; x_wconf 70' lang='lat' dir='ltr'><strong>Thessalonicae</strong></span> <span class='ocrx_word' id='word_1_27' title='bbox 735 569 831 605; x_wconf 75' lang='lat' dir='ltr'><strong>mih.</strong></span> <span class='ocrx_word' id='word_1_28' title='bbox 859 569 942 603; x_wconf 75' lang='lat' dir='ltr'><strong>lun.</strong></span> <span class='ocrx_word' id='word_1_29' title='bbox 966 567 1010 603; x_wconf 81' lang='lat' dir='ltr'><strong>A.</strong></span> <span class='ocrx_word' id='word_1_30' title='bbox 1035 568 1081 605; x_wconf 81' lang='lat' dir='ltr'><strong>U.</strong></span> <span class='ocrx_word' id='word_1_31' title='bbox 1108 570 1149 606; x_wconf 93' lang='lat' dir='ltr'><strong>c.</strong></span> <span class='ocrx_word' id='word_1_32' title='bbox 1175 571 1258 607; x_wconf 82' lang='lat'><strong>696.</strong></span> <span class='ocrx_word' id='word_1_33' title='bbox 1309 570 1361 613; x_wconf 87' lang='lat' dir='ltr'><strong>(a.</strong></span> <span class='ocrx_word' id='word_1_34' title='bbox 1390 572 1428 604; x_wconf 79' lang='lat' dir='ltr'><strong>c,</strong></span> <span class='ocrx_word' id='word_1_35' title='bbox 1454 571 1533 613; x_wconf 75' lang='lat'><strong>58.)</strong></span> 
     </span>
    </p>
   </div>
   <div class='ocr_carea' id='block_1_4' title="bbox 174 635 1660 767">
    <p class='ocr_par' dir='ltr' id='par_1_4' title="bbox 174 635 1660 767">
     <span class='ocr_line' id='line_1_6' title="bbox 174 635 1660 683; baseline 0 -10"><span class='ocrx_word' id='word_1_36' title='bbox 174 640 231 673; x_wconf 88' lang='lat' dir='ltr'><strong>De</strong></span> <span class='ocrx_word' id='word_1_37' title='bbox 257 637 389 673; x_wconf 73' lang='lat' dir='ltr'><strong>fratris</strong></span> <span class='ocrx_word' id='word_1_38' title='bbox 413 636 566 671; x_wconf 84' lang='lat' dir='ltr'><strong>videndi</strong></span> <span class='ocrx_word' id='word_1_39' title='bbox 591 636 786 671; x_wconf 80' lang='lat' dir='ltr'><strong>occasione</strong></span> <span class='ocrx_word' id='word_1_40' title='bbox 811 635 983 671; x_wconf 89' lang='lat' dir='ltr'><strong>consulto</strong></span> <span class='ocrx_word' id='word_1_41' title='bbox 1009 635 1139 671; x_wconf 80' lang='lat' dir='ltr'><strong>vitata.</strong></span> <span class='ocrx_word' id='word_1_42' title='bbox 1167 639 1198 671; x_wconf 92' lang='lat'><strong>1.</strong></span> <span class='ocrx_word' id='word_1_43' title='bbox 1224 637 1270 671; x_wconf 86' lang='lat' dir='ltr'><strong>dc</strong></span> <span class='ocrx_word' id='word_1_44' title='bbox 1295 647 1359 683; x_wconf 80' lang='lat' dir='ltr'><strong>spe</strong></span> <span class='ocrx_word' id='word_1_45' title='bbox 1384 637 1554 671; x_wconf 84' lang='lat' dir='ltr'><strong>melioris</strong></span> <span class='ocrx_word' id='word_1_46' title='bbox 1580 638 1660 673; x_wconf 84' lang='lat' dir='ltr'><strong>for-</strong></span> 
     </span>
     <span class='ocr_line' id='line_1_7' title="bbox 220 684 1614 767; baseline 0 -47"><span class='ocrx_word' id='word_1_47' title='bbox 220 693 333 721; x_wconf 86' lang='lat' dir='ltr'><strong>tunae</strong></span> <span class='ocrx_word' id='word_1_48' title='bbox 357 685 404 720; x_wconf 83' lang='lat' dir='ltr'><strong>ab</strong></span> <span class='ocrx_word' id='word_1_49' title='bbox 428 685 556 719; x_wconf 84' lang='lat' dir='ltr'><strong>Attico</strong></span> <span class='ocrx_word' id='word_1_50' title='bbox 587 685 699 720; x_wconf 85' lang='lat' dir='ltr'><strong>facta.</strong></span> <span class='ocrx_word' id='word_1_51' title='bbox 727 687 760 721; x_wconf 88' lang='lat'><strong>2.</strong></span> <span class='ocrx_word' id='word_1_52' title='bbox 794 685 839 719; x_wconf 84' lang='lat' dir='ltr'><strong>de</strong></span> <span class='ocrx_word' id='word_1_53' title='bbox 873 684 1023 767; x_wconf 43' lang='lat' dir='ltr'><strong>causis&amp;</strong></span> <span class='ocrx_word' id='word_1_54' title='bbox 1044 695 1140 729; x_wconf 81' lang='lat' dir='ltr'><strong>quae</strong></span> <span class='ocrx_word' id='word_1_55' title='bbox 1171 685 1295 730; x_wconf 81' lang='lat' dir='ltr'><strong>ipsum</strong></span> <span class='ocrx_word' id='word_1_56' title='bbox 1327 684 1614 720; x_wconf 81' lang='lat' dir='ltr'><strong>Thessalonicae</strong></span> 
     </span>
     <span class='ocr_line' id='line_1_8' title="bbox 810 738 1036 766; baseline 0 0"><span class='ocrx_word' id='word_1_57' title='bbox 810 738 974 766; x_wconf 82' lang='lat' dir='ltr'><strong>teneant.</strong></span> <span class='ocrx_word' id='word_1_58' title='bbox 1028 758 1036 766; x_wconf 90' lang='lat'><strong>.</strong></span> 
     </span>
    </p>
   </div>
   <div class='ocr_carea' id='block_1_5' title="bbox 693 817 1152 855">
    <p class='ocr_par' dir='ltr' id='par_1_5' title="bbox 693 817 1152 855">
     <span class='ocr_line' id='line_1_9' title="bbox 693 817 1152 855; baseline -0.011 0"><span class='ocrx_word' id='word_1_59' title='bbox 693 819 880 855; x_wconf 85' lang='lat' dir='ltr'>CICERO</span> <span class='ocrx_word' id='word_1_60' title='bbox 905 819 1093 854; x_wconf 88' lang='lat' dir='ltr'><strong>ATTICO</strong></span> <span class='ocrx_word' id='word_1_61' title='bbox 1118 817 1152 851; x_wconf 91' lang='lat' dir='ltr'><strong>S.</strong></span> 
     </span>
    </p>
   </div>
   <div class='ocr_carea' id='block_1_6' title="bbox 176 884 1719 1782">
    <p class='ocr_par' dir='ltr' id='par_1_6' title="bbox 176 884 1719 1782">
     <span class='ocr_line' id='line_1_10' title="bbox 289 884 1660 942; baseline 0.001 -14"><span class='ocrx_word' id='word_1_62' title='bbox 289 886 482 938; x_wconf 75' lang='lat' dir='ltr'><strong>Quintus</strong></span> <span class='ocrx_word' id='word_1_63' title='bbox 522 884 666 927; x_wconf 87' lang='lat' dir='ltr'><strong>frater</strong></span> <span class='ocrx_word' id='word_1_64' title='bbox 702 900 836 942; x_wconf 89' lang='lat' dir='ltr'><strong>quum</strong></span> <span class='ocrx_word' id='word_1_65' title='bbox 875 900 934 928; x_wconf 82' lang='lat' dir='ltr'><strong>ex</strong></span> <span class='ocrx_word' id='word_1_66' title='bbox 972 887 1083 930; x_wconf 89' lang='lat' dir='ltr'><strong>Asia</strong></span> <span class='ocrx_word' id='word_1_67' title='bbox 1120 885 1403 928; x_wconf 83' lang='lat' dir='ltr'><strong>discessisset</strong></span> <span class='ocrx_word' id='word_1_68' title='bbox 1431 891 1531 929; x_wconf 88' lang='lat' dir='ltr'><strong>ante</strong></span> <span class='ocrx_word' id='word_1_69' title='bbox 1560 887 1660 930; x_wconf 86' lang='lat' dir='ltr'><strong>Kal.</strong></span> 
     </span>
     <span class='ocr_line' id='line_1_11' title="bbox 178 941 1663 998; baseline -0.001 -12"><span class='ocrx_word' id='word_1_70' title='bbox 178 943 291 986; x_wconf 82' lang='lat' dir='ltr'><strong>Mai.</strong></span> <span class='ocrx_word' id='word_1_71' title='bbox 324 948 370 985; x_wconf 88' lang='lat' dir='ltr'><strong>et</strong></span> <span class='ocrx_word' id='word_1_72' title='bbox 397 941 591 984; x_wconf 84' lang='lat' dir='ltr'><strong>Athenas</strong></span> <span class='ocrx_word' id='word_1_73' title='bbox 612 943 804 984; x_wconf 86' lang='lat' dir='ltr'><strong>venisset</strong></span> <span class='ocrx_word' id='word_1_74' title='bbox 830 943 945 986; x_wconf 87' lang='lat' dir='ltr'><strong>Idib.</strong></span> <span class='ocrx_word' id='word_1_75' title='bbox 959 974 972 995; x_wconf 84' lang='lat'><strong><em>‚</em></strong></span> <span class='ocrx_word' id='word_1_76' title='bbox 1001 942 1129 986; x_wconf 87' lang='lat' dir='ltr'><strong>valde</strong></span> <span class='ocrx_word' id='word_1_77' title='bbox 1150 942 1236 983; x_wconf 86' lang='lat' dir='ltr'><strong>fuit</strong></span> <span class='ocrx_word' id='word_1_78' title='bbox 1257 942 1300 983; x_wconf 91' lang='lat' dir='ltr'><strong>ei</strong></span> <span class='ocrx_word' id='word_1_79' title='bbox 1321 943 1663 998; x_wconf 81' lang='lat' dir='ltr'><strong>properandum,</strong></span> 
     </span>
     <span class='ocr_line' id='line_1_12' title="bbox 177 998 1662 1055; baseline 0 -13"><span class='ocrx_word' id='word_1_80' title='bbox 177 1015 234 1042; x_wconf 91' lang='lat' dir='ltr'><strong>ne</strong></span> <span class='ocrx_word' id='word_1_81' title='bbox 261 999 369 1055; x_wconf 89' lang='lat' dir='ltr'><strong>quid</strong></span> <span class='ocrx_word' id='word_1_82' title='bbox 397 1000 555 1039; x_wconf 83' lang='lat' dir='ltr'><strong>absens</strong></span> <span class='ocrx_word' id='word_1_83' title='bbox 584 999 806 1053; x_wconf 84' lang='lat' dir='ltr'><strong>acciperet</strong></span> <span class='ocrx_word' id='word_1_84' title='bbox 833 1000 1125 1050; x_wconf 80' lang='lat' dir='ltr'><strong>calamitatis,</strong></span> <span class='ocrx_word' id='word_1_85' title='bbox 1156 999 1195 1040; x_wconf 90' lang='lat' dir='ltr'><strong>si</strong></span> <span class='ocrx_word' id='word_1_86' title='bbox 1225 998 1325 1052; x_wconf 88' lang='lat' dir='ltr'><strong>quis</strong></span> <span class='ocrx_word' id='word_1_87' title='bbox 1346 998 1464 1041; x_wconf 87' lang='lat' dir='ltr'><strong>forte</strong></span> <span class='ocrx_word' id='word_1_88' title='bbox 1487 999 1662 1053; x_wconf 83' lang='lat' dir='ltr'><strong>fuisset,</strong></span> 
     </span>
     <span class='ocr_line' id='line_1_13' title="bbox 179 1055 1663 1111; baseline 0.001 -15"><span class='ocrx_word' id='word_1_89' title='bbox 179 1057 257 1111; x_wconf 89' lang='lat' dir='ltr'><strong>qui</strong></span> <span class='ocrx_word' id='word_1_90' title='bbox 285 1057 516 1097; x_wconf 87' lang='lat' dir='ltr'><strong>contentus</strong></span> <span class='ocrx_word' id='word_1_91' title='bbox 546 1056 712 1096; x_wconf 84' lang='lat' dir='ltr'><strong>nostris</strong></span> <span class='ocrx_word' id='word_1_92' title='bbox 740 1055 873 1097; x_wconf 87' lang='lat' dir='ltr'><strong>malis</strong></span> <span class='ocrx_word' id='word_1_93' title='bbox 901 1067 989 1096; x_wconf 88' lang='lat' dir='ltr'><strong>non</strong></span> <span class='ocrx_word' id='word_1_94' title='bbox 1019 1062 1147 1096; x_wconf 83' lang='lat' dir='ltr'><strong>esset.</strong></span> <span class='ocrx_word' id='word_1_95' title='bbox 1216 1055 1371 1108; x_wconf 88' lang='lat' dir='ltr'><strong>Itaque</strong></span> <span class='ocrx_word' id='word_1_96' title='bbox 1401 1068 1498 1096; x_wconf 90' lang='lat' dir='ltr'><strong>eum</strong></span> <span class='ocrx_word' id='word_1_97' title='bbox 1527 1056 1663 1098; x_wconf 89' lang='lat' dir='ltr'><strong>malui</strong></span> 
     </span>
     <span class='ocr_line' id='line_1_14' title="bbox 178 1108 1663 1167; baseline 0.001 -14"><span class='ocrx_word' id='word_1_98' title='bbox 178 1124 418 1167; x_wconf 86' lang='lat' dir='ltr'><strong>properare</strong></span> <span class='ocrx_word' id='word_1_99' title='bbox 445 1108 662 1164; x_wconf 80' lang='lat' dir='ltr'><strong>Romam,</strong></span> <span class='ocrx_word' id='word_1_100' title='bbox 692 1124 822 1165; x_wconf 89' lang='lat' dir='ltr'><strong>quam</strong></span> <span class='ocrx_word' id='word_1_101' title='bbox 844 1111 901 1152; x_wconf 90' lang='lat' dir='ltr'><strong>ad</strong></span> <span class='ocrx_word' id='word_1_102' title='bbox 918 1125 988 1153; x_wconf 91' lang='lat' dir='ltr'><strong>me</strong></span> <span class='ocrx_word' id='word_1_103' title='bbox 1007 1111 1184 1154; x_wconf 79' lang='lat' dir='ltr'><strong>venire:</strong></span> <span class='ocrx_word' id='word_1_104' title='bbox 1214 1115 1257 1151; x_wconf 88' lang='lat' dir='ltr'><strong>et</strong></span> <span class='ocrx_word' id='word_1_105' title='bbox 1276 1111 1406 1151; x_wconf 91' lang='lat' dir='ltr'><strong>simul</strong></span> <span class='ocrx_word' id='word_1_106' title='bbox 1434 1134 1490 1141; x_wconf 88' lang='lat'>—</span> <span class='ocrx_word' id='word_1_107' title='bbox 1519 1111 1663 1154; x_wconf 86' lang='lat' dir='ltr'><strong>dicam</strong></span> 
     </span>
     <span class='ocr_line' id='line_1_15' title="bbox 178 1166 1664 1222; baseline 0 -13"><span class='ocrx_word' id='word_1_108' title='bbox 178 1169 322 1222; x_wconf 75' lang='lat' dir='ltr'><strong>enim,</strong></span> <span class='ocrx_word' id='word_1_109' title='bbox 352 1166 471 1222; x_wconf 89' lang='lat' dir='ltr'><strong>quod</strong></span> <span class='ocrx_word' id='word_1_110' title='bbox 498 1177 653 1207; x_wconf 87' lang='lat' dir='ltr'><strong>verum</strong></span> <span class='ocrx_word' id='word_1_111' title='bbox 683 1171 772 1216; x_wconf 79' lang='lat' dir='ltr'><strong>est3</strong></span> <span class='ocrx_word' id='word_1_112' title='bbox 815 1181 868 1208; x_wconf 86' lang='lat' dir='ltr'><strong>ex</strong></span> <span class='ocrx_word' id='word_1_113' title='bbox 896 1181 981 1222; x_wconf 87' lang='lat' dir='ltr'><strong>quo</strong></span> <span class='ocrx_word' id='word_1_114' title='bbox 1010 1167 1358 1222; x_wconf 76' lang='lat' dir='ltr'><strong>magnitudinem</strong></span> <span class='ocrx_word' id='word_1_115' title='bbox 1386 1167 1664 1210; x_wconf 88' lang='lat' dir='ltr'><strong>miseriarum</strong></span> 
     </span>
     <span class='ocr_line' id='line_1_16' title="bbox 177 1222 1664 1279; baseline 0.001 -15"><span class='ocrx_word' id='word_1_116' title='bbox 177 1237 377 1266; x_wconf 88' lang='lat' dir='ltr'><strong>mearum</strong></span> <span class='ocrx_word' id='word_1_117' title='bbox 406 1222 662 1277; x_wconf 83' lang='lat' dir='ltr'><strong>perspicere</strong></span> <span class='ocrx_word' id='word_1_118' title='bbox 689 1223 836 1276; x_wconf 89' lang='lat' dir='ltr'><strong>possis</strong></span> <span class='ocrx_word' id='word_1_119' title='bbox 865 1248 920 1253; x_wconf 82' lang='lat'><strong>——-</strong></span> <span class='ocrx_word' id='word_1_120' title='bbox 947 1223 1140 1265; x_wconf 87' lang='lat' dir='ltr'><strong>animum</strong></span> <span class='ocrx_word' id='word_1_121' title='bbox 1168 1223 1381 1263; x_wconf 90' lang='lat' dir='ltr'><strong>inducere</strong></span> <span class='ocrx_word' id='word_1_122' title='bbox 1409 1236 1498 1264; x_wconf 88' lang='lat' dir='ltr'><strong>non</strong></span> <span class='ocrx_word' id='word_1_123' title='bbox 1526 1225 1664 1279; x_wconf 84' lang='lat' dir='ltr'><strong>potui,</strong></span> 
     </span>
     <span class='ocr_line' id='line_1_17' title="bbox 178 1278 1665 1331; baseline 0.002 -12"><span class='ocrx_word' id='word_1_124' title='bbox 178 1284 228 1321; x_wconf 85' lang='lat' dir='ltr'><strong>ut</strong></span> <span class='ocrx_word' id='word_1_125' title='bbox 256 1283 332 1320; x_wconf 88' lang='lat' dir='ltr'><strong>aut</strong></span> <span class='ocrx_word' id='word_1_126' title='bbox 360 1279 508 1329; x_wconf 85' lang='lat' dir='ltr'><strong>illum,</strong></span> <span class='ocrx_word' id='word_1_127' title='bbox 538 1280 886 1320; x_wconf 86' lang='lat' dir='ltr'><strong>amantissimum</strong></span> <span class='ocrx_word' id='word_1_128' title='bbox 908 1280 1020 1331; x_wconf 89' lang='lat' dir='ltr'><strong>mei,</strong></span> <span class='ocrx_word' id='word_1_129' title='bbox 1049 1279 1311 1320; x_wconf 89' lang='lat' dir='ltr'><strong>mollissimo</strong></span> <span class='ocrx_word' id='word_1_130' title='bbox 1341 1278 1512 1331; x_wconf 81' lang='lat' dir='ltr'><strong>animo,</strong></span> <span class='ocrx_word' id='word_1_131' title='bbox 1542 1284 1665 1322; x_wconf 88' lang='lat' dir='ltr'><strong>tanto</strong></span> 
     </span>
     <span class='ocr_line' id='line_1_18' title="bbox 176 1333 1666 1388; baseline 0.002 -13"><span class='ocrx_word' id='word_1_132' title='bbox 176 1336 225 1375; x_wconf 89' lang='lat' dir='ltr'><strong>in</strong></span> <span class='ocrx_word' id='word_1_133' title='bbox 252 1347 456 1376; x_wconf 90' lang='lat' dir='ltr'><strong>maerore</strong></span> <span class='ocrx_word' id='word_1_134' title='bbox 486 1333 788 1388; x_wconf 79' lang='lat' dir='ltr'><strong>adspicerem3</strong></span> <span class='ocrx_word' id='word_1_135' title='bbox 826 1339 901 1376; x_wconf 87' lang='lat' dir='ltr'><strong>aut</strong></span> <span class='ocrx_word' id='word_1_136' title='bbox 939 1347 1061 1376; x_wconf 87' lang='lat' dir='ltr'><strong>meas</strong></span> <span class='ocrx_word' id='word_1_137' title='bbox 1090 1334 1293 1375; x_wconf 86' lang='lat' dir='ltr'><strong>miserias</strong></span> <span class='ocrx_word' id='word_1_138' title='bbox 1321 1333 1442 1374; x_wconf 89' lang='lat' dir='ltr'><strong>luctu</strong></span> <span class='ocrx_word' id='word_1_139' title='bbox 1472 1334 1666 1377; x_wconf 87' lang='lat' dir='ltr'><strong>afflictas</strong></span> 
     </span>
     <span class='ocr_line' id='line_1_19' title="bbox 179 1388 1665 1446; baseline 0 -13"><span class='ocrx_word' id='word_1_140' title='bbox 179 1395 224 1432; x_wconf 84' lang='lat' dir='ltr'><strong>et</strong></span> <span class='ocrx_word' id='word_1_141' title='bbox 251 1390 472 1446; x_wconf 82' lang='lat' dir='ltr'><strong>perditam</strong></span> <span class='ocrx_word' id='word_1_142' title='bbox 502 1388 725 1431; x_wconf 89' lang='lat' dir='ltr'><strong>fortunam</strong></span> <span class='ocrx_word' id='word_1_143' title='bbox 754 1391 824 1431; x_wconf 89' lang='lat' dir='ltr'><strong>illi</strong></span> <span class='ocrx_word' id='word_1_144' title='bbox 853 1391 1063 1432; x_wconf 88' lang='lat' dir='ltr'><strong>offerrem</strong></span> <span class='ocrx_word' id='word_1_145' title='bbox 1093 1393 1168 1431; x_wconf 81' lang='lat' dir='ltr'><strong>aut</strong></span> <span class='ocrx_word' id='word_1_146' title='bbox 1197 1390 1250 1431; x_wconf 91' lang='lat' dir='ltr'><strong>ab</strong></span> <span class='ocrx_word' id='word_1_147' title='bbox 1279 1389 1360 1431; x_wconf 91' lang='lat' dir='ltr'><strong>illo</strong></span> <span class='ocrx_word' id='word_1_148' title='bbox 1389 1389 1562 1444; x_wconf 88' lang='lat' dir='ltr'><strong>adspici</strong></span> <span class='ocrx_word' id='word_1_149' title='bbox 1589 1406 1665 1446; x_wconf 84' lang='lat' dir='ltr'><strong>pa-</strong></span> 
     </span>
     <span class='ocr_line' id='line_1_20' title="bbox 177 1445 1668 1501; baseline 0.001 -13"><span class='ocrx_word' id='word_1_150' title='bbox 177 1452 311 1488; x_wconf 82' lang='lat' dir='ltr'><strong>terer.</strong></span> <span class='ocrx_word' id='word_1_151' title='bbox 378 1446 522 1499; x_wconf 83' lang='lat' dir='ltr'><strong>Atque</strong></span> <span class='ocrx_word' id='word_1_152' title='bbox 560 1446 694 1486; x_wconf 88' lang='lat' dir='ltr'><strong>etiam</strong></span> <span class='ocrx_word' id='word_1_153' title='bbox 731 1446 842 1486; x_wconf 90' lang='lat' dir='ltr'><strong>illud</strong></span> <span class='ocrx_word' id='word_1_154' title='bbox 871 1447 1104 1496; x_wconf 74' lang='lat' dir='ltr'><strong>timebam,</strong></span> <span class='ocrx_word' id='word_1_155' title='bbox 1147 1445 1265 1501; x_wconf 89' lang='lat' dir='ltr'><strong>quod</strong></span> <span class='ocrx_word' id='word_1_156' title='bbox 1304 1445 1509 1499; x_wconf 88' lang='lat' dir='ltr'><strong>profecto</strong></span> <span class='ocrx_word' id='word_1_157' title='bbox 1548 1449 1668 1489; x_wconf 89' lang='lat' dir='ltr'><strong>acci-</strong></span> 
     </span>
     <span class='ocr_line' id='line_1_21' title="bbox 180 1501 1665 1558; baseline 0 -14"><span class='ocrx_word' id='word_1_158' title='bbox 180 1503 344 1555; x_wconf 78' lang='lat' dir='ltr'><strong>disset,</strong></span> <span class='ocrx_word' id='word_1_159' title='bbox 383 1516 441 1543; x_wconf 89' lang='lat' dir='ltr'><strong>ne</strong></span> <span class='ocrx_word' id='word_1_160' title='bbox 479 1515 508 1543; x_wconf 82' lang='lat' dir='ltr'><strong>a</strong></span> <span class='ocrx_word' id='word_1_161' title='bbox 544 1514 617 1543; x_wconf 88' lang='lat' dir='ltr'><strong>me</strong></span> <span class='ocrx_word' id='word_1_162' title='bbox 653 1502 828 1556; x_wconf 84' lang='lat' dir='ltr'><strong>digredi</strong></span> <span class='ocrx_word' id='word_1_163' title='bbox 870 1516 958 1544; x_wconf 89' lang='lat' dir='ltr'><strong>non</strong></span> <span class='ocrx_word' id='word_1_164' title='bbox 1000 1507 1161 1558; x_wconf 87' lang='lat' dir='ltr'><strong>posset.</strong></span> <span class='ocrx_word' id='word_1_165' title='bbox 1241 1501 1518 1542; x_wconf 87' lang='lat' dir='ltr'><strong>Versabatur</strong></span> <span class='ocrx_word' id='word_1_166' title='bbox 1555 1503 1665 1544; x_wconf 86' lang='lat' dir='ltr'><strong>mihi</strong></span> 
     </span>
     <span class='ocr_line' id='line_1_22' title="bbox 179 1557 1719 1614; baseline 0.001 -14"><span class='ocrx_word' id='word_1_167' title='bbox 179 1564 352 1614; x_wconf 86' lang='lat' dir='ltr'><strong>tempus</strong></span> <span class='ocrx_word' id='word_1_168' title='bbox 380 1558 492 1599; x_wconf 85' lang='lat' dir='ltr'><strong>illud</strong></span> <span class='ocrx_word' id='word_1_169' title='bbox 521 1562 622 1599; x_wconf 89' lang='lat' dir='ltr'><strong>ante</strong></span> <span class='ocrx_word' id='word_1_170' title='bbox 651 1559 826 1609; x_wconf 83' lang='lat' dir='ltr'><strong>oculos,</strong></span> <span class='ocrx_word' id='word_1_171' title='bbox 857 1572 989 1613; x_wconf 90' lang='lat' dir='ltr'><strong>quum</strong></span> <span class='ocrx_word' id='word_1_172' title='bbox 1017 1560 1093 1599; x_wconf 90' lang='lat' dir='ltr'><strong>ille</strong></span> <span class='ocrx_word' id='word_1_173' title='bbox 1121 1561 1197 1599; x_wconf 87' lang='lat' dir='ltr'><strong>aut</strong></span> <span class='ocrx_word' id='word_1_174' title='bbox 1216 1557 1398 1599; x_wconf 79' lang='lat' dir='ltr'><strong>lictores</strong></span> <span class='ocrx_word' id='word_1_175' title='bbox 1423 1557 1668 1601; x_wconf 84' lang='lat' dir='ltr'><strong>dimitteret</strong></span> <span class='ocrx_word' id='word_1_176' title='bbox 1716 1588 1719 1593; x_wconf 32' lang='grc' dir='ltr'><strong><em>ι</em></strong></span> 
     </span>
     <span class='ocr_line' id='line_1_23' title="bbox 180 1613 1666 1668; baseline 0.001 -12"><span class='ocrx_word' id='word_1_177' title='bbox 180 1620 258 1656; x_wconf 87' lang='lat' dir='ltr'><strong>aut</strong></span> <span class='ocrx_word' id='word_1_178' title='bbox 294 1615 340 1657; x_wconf 88' lang='lat' dir='ltr'><strong>vi</strong></span> <span class='ocrx_word' id='word_1_179' title='bbox 378 1614 643 1655; x_wconf 83' lang='lat' dir='ltr'><strong>avelleretur</strong></span> <span class='ocrx_word' id='word_1_180' title='bbox 681 1627 734 1655; x_wconf 86' lang='lat' dir='ltr'><strong>ex</strong></span> <span class='ocrx_word' id='word_1_181' title='bbox 775 1615 1005 1668; x_wconf 82' lang='lat' dir='ltr'><strong>complexu</strong></span> <span class='ocrx_word' id='word_1_182' title='bbox 1043 1627 1156 1654; x_wconf 89' lang='lat' dir='ltr'><strong>meo.</strong></span> <span class='ocrx_word' id='word_1_183' title='bbox 1223 1613 1368 1653; x_wconf 90' lang='lat' dir='ltr'><strong>Huius</strong></span> <span class='ocrx_word' id='word_1_184' title='bbox 1408 1615 1666 1657; x_wconf 86' lang='lat' dir='ltr'><strong>acerbitatis</strong></span> 
     </span>
     <span class='ocr_line' id='line_1_24' title="bbox 179 1669 1667 1712; baseline 0 0"><span class='ocrx_word' id='word_1_185' title='bbox 179 1674 382 1712; x_wconf 84' lang='lat' dir='ltr'><strong>eventum</strong></span> <span class='ocrx_word' id='word_1_186' title='bbox 410 1670 553 1712; x_wconf 86' lang='lat' dir='ltr'><strong>altera</strong></span> <span class='ocrx_word' id='word_1_187' title='bbox 580 1671 820 1710; x_wconf 87' lang='lat' dir='ltr'><strong>acerbitate</strong></span> <span class='ocrx_word' id='word_1_188' title='bbox 860 1684 947 1710; x_wconf 89' lang='lat' dir='ltr'><strong>non</strong></span> <span class='ocrx_word' id='word_1_189' title='bbox 984 1669 1165 1711; x_wconf 87' lang='lat' dir='ltr'><strong>videndi</strong></span> <span class='ocrx_word' id='word_1_190' title='bbox 1205 1669 1358 1710; x_wconf 85' lang='lat' dir='ltr'><strong>fratris</strong></span> <span class='ocrx_word' id='word_1_191' title='bbox 1398 1670 1549 1712; x_wconf 65' lang='lat' dir='ltr'><strong>vitavi.</strong></span> <span class='ocrx_word' id='word_1_192' title='bbox 1617 1673 1667 1712; x_wconf 89' lang='lat' dir='ltr'><strong>In</strong></span> 
     </span>
     <span class='ocr_line' id='line_1_25' title="bbox 180 1725 1667 1782; baseline 0.001 -14"><span class='ocrx_word' id='word_1_193' title='bbox 180 1726 298 1768; x_wconf 91' lang='lat' dir='ltr'><strong>hunc</strong></span> <span class='ocrx_word' id='word_1_194' title='bbox 326 1740 398 1767; x_wconf 89' lang='lat' dir='ltr'><strong>me</strong></span> <span class='ocrx_word' id='word_1_195' title='bbox 427 1738 576 1767; x_wconf 89' lang='lat' dir='ltr'><strong>casum</strong></span> <span class='ocrx_word' id='word_1_196' title='bbox 605 1738 683 1767; x_wconf 86' lang='lat' dir='ltr'><strong>vos</strong></span> <span class='ocrx_word' id='word_1_197' title='bbox 694 1756 707 1778; x_wconf 78' lang='grc'>,</span> <span class='ocrx_word' id='word_1_198' title='bbox 737 1726 915 1768; x_wconf 85' lang='lat' dir='ltr'><strong>vivendi</strong></span> <span class='ocrx_word' id='word_1_199' title='bbox 944 1729 1172 1778; x_wconf 84' lang='lat' dir='ltr'><strong>auctores,</strong></span> <span class='ocrx_word' id='word_1_200' title='bbox 1203 1725 1452 1779; x_wconf 89' lang='lat' dir='ltr'><strong>impulistis.</strong></span> <span class='ocrx_word' id='word_1_201' title='bbox 1510 1727 1667 1782; x_wconf 86' lang='lat' dir='ltr'><strong>Itaque</strong></span> 
     </span>
    </p>
   </div>
   <div class='ocr_carea' id='block_1_7' title="bbox 180 1881 1667 1976">
    <p class='ocr_par' dir='ltr' id='par_1_7' title="bbox 180 1881 1667 1976">
     <span class='ocr_line' id='line_1_26' title="bbox 180 1881 1667 1933; baseline -0.003 -12"><span class='ocrx_word' id='word_1_202' title='bbox 180 1888 247 1921; x_wconf 64' lang='lat' dir='ltr'><strong>fxit·</strong></span> <span class='ocrx_word' id='word_1_203' title='bbox 280 1885 344 1920; x_wconf 85' lang='lat' dir='ltr'><strong>ich</strong></span> <span class='ocrx_word' id='word_1_204' title='bbox 375 1884 587 1933; x_wconf 82' lang='lat' dir='ltr'><strong>eigentlich</strong></span> <span class='ocrx_word' id='word_1_205' title='bbox 620 1894 752 1928; x_wconf 76' lang='lat' dir='ltr'><strong>surgen</strong></span> <span class='ocrx_word' id='word_1_206' title='bbox 786 1883 906 1922; x_wconf 77' lang='lat' dir='ltr'><strong>sollte.</strong></span> <span class='ocrx_word' id='word_1_207' title='bbox 939 1902 984 1908; x_wconf 88' lang='lat'><em>—</em></span> <span class='ocrx_word' id='word_1_208' title='bbox 1018 1884 1236 1928; x_wconf 68' lang='lat' dir='ltr'><strong>exemplum,</strong></span> <span class='ocrx_word' id='word_1_209' title='bbox 1273 1883 1355 1917; x_wconf 83' lang='lat' dir='ltr'><strong>eine</strong></span> <span class='ocrx_word' id='word_1_210' title='bbox 1390 1881 1596 1918; x_wconf 81' lang='lat' dir='ltr'><strong>Abschrift.</strong></span> <span class='ocrx_word' id='word_1_211' title='bbox 1621 1899 1667 1909; x_wconf 86' lang='lat'><strong>·—-</strong></span> 
     </span>
     <span class='ocr_line' id='line_1_27' title="bbox 180 1932 851 1976; baseline -0.006 -7"><span class='ocrx_word' id='word_1_212' title='bbox 180 1935 252 1970; x_wconf 81' lang='lat' dir='ltr'><strong>IV.</strong></span> <span class='ocrx_word' id='word_1_213' title='bbox 280 1934 370 1970; x_wconf 83' lang='lat' dir='ltr'><strong>Kal.</strong></span> <span class='ocrx_word' id='word_1_214' title='bbox 395 1935 493 1976; x_wconf 58' lang='lat' dir='ltr'><strong>lun„</strong></span> <span class='ocrx_word' id='word_1_215' title='bbox 521 1934 593 1968; x_wconf 85' lang='lat' dir='ltr'><strong>den</strong></span> <span class='ocrx_word' id='word_1_216' title='bbox 621 1935 731 1968; x_wconf 82' lang='lat' dir='ltr'><strong>27ten</strong></span> <span class='ocrx_word' id='word_1_217' title='bbox 757 1932 851 1966; x_wconf 81' lang='lat' dir='ltr'><strong>Mai.</strong></span> 
     </span>
    </p>
   </div>
   <div class='ocr_carea' id='block_1_8' title="bbox 179 1999 1668 2809">
    <p class='ocr_par' dir='ltr' id='par_1_8' title="bbox 179 1999 1668 2809">
     <span class='ocr_line' id='line_1_28' title="bbox 279 1999 1668 2045; baseline -0.008 -8"><span class='ocrx_word' id='word_1_218' title='bbox 279 2006 311 2037; x_wconf 90' lang='lat'><strong>1.</strong></span> <span class='ocrx_word' id='word_1_219' title='bbox 338 2002 477 2036; x_wconf 79' lang='lat' dir='ltr'><strong>absens.</strong></span> <span class='ocrx_word' id='word_1_220' title='bbox 505 2025 514 2034; x_wconf 91' lang='lat'><strong>.</strong></span> <span class='ocrx_word' id='word_1_221' title='bbox 539 2024 549 2034; x_wconf 83' lang='lat'><strong>.</strong></span> <span class='ocrx_word' id='word_1_222' title='bbox 572 2000 597 2034; x_wconf 86' lang='lat' dir='ltr'><strong>i.</strong></span> <span class='ocrx_word' id='word_1_223' title='bbox 618 2011 652 2037; x_wconf 81' lang='lat' dir='ltr'><strong>e.</strong></span> <span class='ocrx_word' id='word_1_224' title='bbox 670 2010 717 2033; x_wconf 87' lang='lat' dir='ltr'><strong>ne</strong></span> <span class='ocrx_word' id='word_1_225' title='bbox 734 1999 861 2033; x_wconf 81' lang='lat' dir='ltr'><strong>absens</strong></span> <span class='ocrx_word' id='word_1_226' title='bbox 879 2004 1129 2033; x_wconf 79' lang='lat' dir='ltr'><strong>accusaretur.</strong></span> <span class='ocrx_word' id='word_1_227' title='bbox 1146 1999 1195 2033; x_wconf 80' lang='lat' dir='ltr'><strong>cf.</strong></span> <span class='ocrx_word' id='word_1_228' title='bbox 1215 2010 1272 2045; x_wconf 83' lang='lat' dir='ltr'><strong>ep.</strong></span> <span class='ocrx_word' id='word_1_229' title='bbox 1288 1999 1383 2040; x_wconf 85' lang='lat' dir='ltr'><strong>LXI,</strong></span> <span class='ocrx_word' id='word_1_230' title='bbox 1405 2002 1439 2036; x_wconf 82' lang='lat'><strong>2.</strong></span> <span class='ocrx_word' id='word_1_231' title='bbox 1459 2001 1492 2038; x_wconf 83' lang='grc'><strong>3,</strong></span> <span class='ocrx_word' id='word_1_232' title='bbox 1522 2017 1564 2025; x_wconf 89' lang='lat'>-</span> <span class='ocrx_word' id='word_1_233' title='bbox 1590 2000 1668 2034; x_wconf 73' lang='grc' dir='ltr'><em>Ῑᾱῑ..</em></span> 
     </span>
     <span class='ocr_line' id='line_1_29' title="bbox 182 2046 1668 2091; baseline -0.001 -7"><span class='ocrx_word' id='word_1_234' title='bbox 182 2051 256 2084; x_wconf 76' lang='lat' dir='ltr'><strong>hus.</strong></span> <span class='ocrx_word' id='word_1_235' title='bbox 282 2051 362 2085; x_wconf 83' lang='lat' dir='ltr'><strong>Md.</strong></span> <span class='ocrx_word' id='word_1_236' title='bbox 387 2051 472 2084; x_wconf 76' lang='lat' dir='ltr'><strong>Asc.</strong></span> <span class='ocrx_word' id='word_1_237' title='bbox 501 2052 533 2084; x_wconf 92' lang='lat'><strong>1.</strong></span> <span class='ocrx_word' id='word_1_238' title='bbox 562 2051 662 2082; x_wconf 76' lang='lat' dir='ltr'><strong>Crat.</strong></span> <span class='ocrx_word' id='word_1_239' title='bbox 691 2046 787 2081; x_wconf 76' lang='lat' dir='ltr'><strong>vict.</strong></span> <span class='ocrx_word' id='word_1_240' title='bbox 817 2050 847 2081; x_wconf 92' lang='lat'><strong>1.</strong></span> <span class='ocrx_word' id='word_1_241' title='bbox 875 2047 986 2080; x_wconf 84' lang='lat' dir='ltr'><strong>adiic.</strong></span> <span class='ocrx_word' id='word_1_242' title='bbox 1011 2047 1142 2080; x_wconf 72' lang='lat' dir='ltr'><strong>Maiis.</strong></span> <span class='ocrx_word' id='word_1_243' title='bbox 1195 2067 1240 2073; x_wconf 89' lang='lat'><strong>-—</strong></span> <span class='ocrx_word' id='word_1_244' title='bbox 1290 2048 1349 2091; x_wconf 79' lang='lat' dir='ltr'><strong>qui</strong></span> <span class='ocrx_word' id='word_1_245' title='bbox 1381 2052 1474 2082; x_wconf 79' lang='lat' dir='ltr'><strong>conl.</strong></span> <span class='ocrx_word' id='word_1_246' title='bbox 1509 2073 1517 2081; x_wconf 90' lang='lat'><strong>.</strong></span> <span class='ocrx_word' id='word_1_247' title='bbox 1553 2072 1560 2080; x_wconf 94' lang='lat'><strong>.</strong></span> <span class='ocrx_word' id='word_1_248' title='bbox 1598 2059 1668 2082; x_wconf 78' lang='lat' dir='ltr'><strong>non</strong></span> 
     </span>
     <span class='ocr_line' id='line_1_30' title="bbox 184 2093 1668 2143; baseline -0.002 -12"><span class='ocrx_word' id='word_1_249' title='bbox 184 2101 295 2140; x_wconf 79' lang='lat' dir='ltr'><strong>esset,</strong></span> <span class='ocrx_word' id='word_1_250' title='bbox 332 2099 398 2132; x_wconf 82' lang='lat' dir='ltr'><strong>der</strong></span> <span class='ocrx_word' id='word_1_251' title='bbox 423 2110 469 2132; x_wconf 85' lang='lat' dir='ltr'><strong>an</strong></span> <span class='ocrx_word' id='word_1_252' title='bbox 495 2097 660 2131; x_wconf 86' lang='lat' dir='ltr'><strong>meinem</strong></span> <span class='ocrx_word' id='word_1_253' title='bbox 693 2094 895 2143; x_wconf 82' lang='lat' dir='ltr'><strong>ngliicke</strong></span> <span class='ocrx_word' id='word_1_254' title='bbox 933 2093 1032 2127; x_wconf 83' lang='lat' dir='ltr'><strong>noch</strong></span> <span class='ocrx_word' id='word_1_255' title='bbox 1066 2095 1170 2128; x_wconf 84' lang='lat' dir='ltr'><strong>nicht</strong></span> <span class='ocrx_word' id='word_1_256' title='bbox 1201 2107 1327 2143; x_wconf 79' lang='lat' dir='ltr'><strong>genug·</strong></span> <span class='ocrx_word' id='word_1_257' title='bbox 1359 2095 1476 2133; x_wconf 77' lang='lat' dir='ltr'><strong>h‘a‘tte.</strong></span> <span class='ocrx_word' id='word_1_258' title='bbox 1512 2114 1554 2121; x_wconf 92' lang='lat'><strong>—-</strong></span> <span class='ocrx_word' id='word_1_259' title='bbox 1595 2106 1668 2129; x_wconf 84' lang='lat' dir='ltr'><strong>eum</strong></span> 
     </span>
     <span class='ocr_line' id='line_1_31' title="bbox 181 2142 1667 2188; baseline -0.003 -8"><span class='ocrx_word' id='word_1_260' title='bbox 181 2147 317 2186; x_wconf 75' lang='lat' dir='ltr'><strong>malui,</strong></span> <span class='ocrx_word' id='word_1_261' title='bbox 351 2146 497 2180; x_wconf 86' lang='lat' dir='ltr'><strong>Ascens.</strong></span> <span class='ocrx_word' id='word_1_262' title='bbox 525 2151 684 2188; x_wconf 85' lang='lat' dir='ltr'><strong>utraque</strong></span> <span class='ocrx_word' id='word_1_263' title='bbox 710 2143 826 2178; x_wconf 77' lang='lat' dir='ltr'><strong>malui</strong></span> <span class='ocrx_word' id='word_1_264' title='bbox 851 2154 936 2175; x_wconf 82' lang='lat' dir='ltr'><strong>eum.</strong></span> <span class='ocrx_word' id='word_1_265' title='bbox 965 2161 1007 2166; x_wconf 89' lang='lat'>—</span> <span class='ocrx_word' id='word_1_266' title='bbox 1042 2143 1192 2176; x_wconf 78' lang='lat' dir='ltr'><strong>animum</strong></span> <span class='ocrx_word' id='word_1_267' title='bbox 1227 2144 1411 2187; x_wconf 77' lang='lat' dir='ltr'><strong>inducere,</strong></span> <span class='ocrx_word' id='word_1_268' title='bbox 1437 2145 1531 2178; x_wconf 83' lang='lat' dir='ltr'><strong>iiber</strong></span> <span class='ocrx_word' id='word_1_269' title='bbox 1565 2142 1667 2177; x_wconf 82' lang='lat' dir='ltr'><strong>mein</strong></span> 
     </span>
     <span class='ocr_line' id='line_1_32' title="bbox 179 2187 1668 2242; baseline -0.003 -14"><span class='ocrx_word' id='word_1_270' title='bbox 179 2195 280 2228; x_wconf 86' lang='lat' dir='ltr'><strong>Herz</strong></span> <span class='ocrx_word' id='word_1_271' title='bbox 301 2194 476 2242; x_wconf 86' lang='lat' dir='ltr'><strong>bringen.</strong></span> <span class='ocrx_word' id='word_1_272' title='bbox 496 2213 540 2219; x_wconf 89' lang='lat'>—</span> <span class='ocrx_word' id='word_1_273' title='bbox 567 2193 781 2226; x_wconf 76' lang='lat' dir='ltr'><strong>mollissimo</strong></span> <span class='ocrx_word' id='word_1_274' title='bbox 806 2191 927 2224; x_wconf 82' lang='lat' dir='ltr'><strong>animo</strong></span> <span class='ocrx_word' id='word_1_275' title='bbox 955 2187 1063 2231; x_wconf 77' lang='grc' dir='ltr'><em>ὄντα,</em></span> <span class='ocrx_word' id='word_1_276' title='bbox 1089 2192 1135 2224; x_wconf 87' lang='lat' dir='ltr'><strong>da</strong></span> <span class='ocrx_word' id='word_1_277' title='bbox 1162 2202 1205 2225; x_wconf 86' lang='lat' dir='ltr'><strong>er</strong></span> <span class='ocrx_word' id='word_1_278' title='bbox 1229 2195 1388 2226; x_wconf 67' lang='lat' dir='ltr'><strong>{iusserst</strong></span> <span class='ocrx_word' id='word_1_279' title='bbox 1405 2191 1668 2238; x_wconf 82' lang='lat' dir='ltr'><strong>weichherzig·</strong></span> 
     </span>
     <span class='ocr_line' id='line_1_33' title="bbox 180 2239 1667 2277; baseline -0.002 -2"><span class='ocrx_word' id='word_1_280' title='bbox 180 2243 242 2277; x_wconf 79' lang='lat' dir='ltr'><strong>ist.</strong></span> <span class='ocrx_word' id='word_1_281' title='bbox 269 2261 313 2267; x_wconf 89' lang='grc'><strong>--</strong></span> <span class='ocrx_word' id='word_1_282' title='bbox 339 2253 433 2275; x_wconf 75' lang='lat' dir='ltr'><strong>meas</strong></span> <span class='ocrx_word' id='word_1_283' title='bbox 453 2242 622 2276; x_wconf 78' lang='lat' dir='ltr'><strong>miserias</strong></span> <span class='ocrx_word' id='word_1_284' title='bbox 639 2248 711 2274; x_wconf 91' lang='lat' dir='ltr'><strong>cet.</strong></span> <span class='ocrx_word' id='word_1_285' title='bbox 730 2245 817 2273; x_wconf 86' lang='lat' dir='ltr'><strong>statt</strong></span> <span class='ocrx_word' id='word_1_286' title='bbox 842 2245 906 2271; x_wconf 82' lang='lat' dir='ltr'><strong>aut</strong></span> <span class='ocrx_word' id='word_1_287' title='bbox 932 2249 990 2271; x_wconf 87' lang='lat' dir='ltr'><strong>me</strong></span> <span class='ocrx_word' id='word_1_288' title='bbox 1016 2239 1055 2271; x_wconf 85' lang='lat' dir='ltr'><strong>in</strong></span> <span class='ocrx_word' id='word_1_289' title='bbox 1081 2239 1140 2271; x_wconf 83' lang='lat' dir='ltr'><strong>his</strong></span> <span class='ocrx_word' id='word_1_290' title='bbox 1166 2240 1325 2273; x_wconf 81' lang='lat' dir='ltr'><strong>miseriis</strong></span> <span class='ocrx_word' id='word_1_291' title='bbox 1350 2240 1458 2273; x_wconf 86' lang='lat' dir='ltr'><strong>luctu</strong></span> <span class='ocrx_word' id='word_1_292' title='bbox 1482 2240 1667 2273; x_wconf 83' lang='lat' dir='ltr'><strong>afflictum</strong></span> 
     </span>
     <span class='ocr_line' id='line_1_34' title="bbox 181 2286 1668 2334; baseline -0.003 -10"><span class='ocrx_word' id='word_1_293' title='bbox 181 2297 219 2324; x_wconf 89' lang='lat' dir='ltr'><strong>et</strong></span> <span class='ocrx_word' id='word_1_294' title='bbox 243 2291 343 2324; x_wconf 87' lang='lat' dir='ltr'><strong>mala</strong></span> <span class='ocrx_word' id='word_1_295' title='bbox 369 2291 523 2324; x_wconf 80' lang='lat' dir='ltr'><strong>fortuna</strong></span> <span class='ocrx_word' id='word_1_296' title='bbox 548 2288 741 2334; x_wconf 81' lang='lat' dir='ltr'><strong>perditum</strong></span> <span class='ocrx_word' id='word_1_297' title='bbox 769 2288 827 2321; x_wconf 88' lang='lat' dir='ltr'><strong>illi</strong></span> <span class='ocrx_word' id='word_1_298' title='bbox 852 2286 1055 2326; x_wconf 78' lang='lat' dir='ltr'><strong>offerrem,</strong></span> <span class='ocrx_word' id='word_1_299' title='bbox 1083 2286 1188 2320; x_wconf 84' lang='lat' dir='ltr'><strong>mich</strong></span> <span class='ocrx_word' id='word_1_300' title='bbox 1214 2289 1284 2321; x_wconf 83' lang='lat' dir='ltr'><strong>mit</strong></span> <span class='ocrx_word' id='word_1_301' title='bbox 1310 2298 1348 2321; x_wconf 83' lang='lat' dir='ltr'><strong>so</strong></span> <span class='ocrx_word' id='word_1_302' title='bbox 1376 2298 1542 2334; x_wconf 79' lang='lat' dir='ltr'><strong>grossem</strong></span> <span class='ocrx_word' id='word_1_303' title='bbox 1569 2288 1668 2321; x_wconf 86' lang='lat' dir='ltr'><strong>Iam-</strong></span> 
     </span>
     <span class='ocr_line' id='line_1_35' title="bbox 181 2335 1667 2383; baseline -0.003 -11"><span class='ocrx_word' id='word_1_304' title='bbox 181 2349 263 2373; x_wconf 86' lang='lat' dir='ltr'><strong>mer</strong></span> <span class='ocrx_word' id='word_1_305' title='bbox 287 2339 446 2372; x_wconf 84' lang='lat' dir='ltr'><strong>beladen</strong></span> <span class='ocrx_word' id='word_1_306' title='bbox 472 2338 548 2371; x_wconf 89' lang='lat' dir='ltr'><strong>und</strong></span> <span class='ocrx_word' id='word_1_307' title='bbox 574 2337 613 2369; x_wconf 85' lang='lat' dir='ltr'><strong>in</strong></span> <span class='ocrx_word' id='word_1_308' title='bbox 641 2348 679 2371; x_wconf 86' lang='lat' dir='ltr'><strong>so</strong></span> <span class='ocrx_word' id='word_1_309' title='bbox 705 2335 940 2383; x_wconf 73' lang='lat' dir='ltr'><strong>kl&#39;ziglichem</strong></span> <span class='ocrx_word' id='word_1_310' title='bbox 967 2336 1138 2369; x_wconf 81' lang='lat' dir='ltr'><strong>versane</strong></span> <span class='ocrx_word' id='word_1_311' title='bbox 1165 2336 1309 2369; x_wconf 87' lang='lat' dir='ltr'><strong>meiner</strong></span> <span class='ocrx_word' id='word_1_312' title='bbox 1326 2335 1667 2369; x_wconf 66' lang='lat' dir='ltr'><strong>Glucksumstfinde</strong></span> 
     </span>
     <span class='ocr_line' id='line_1_36' title="bbox 182 2383 1667 2432; baseline -0.004 -11"><span class='ocrx_word' id='word_1_313' title='bbox 182 2397 254 2421; x_wconf 84' lang='lat' dir='ltr'><strong>vor</strong></span> <span class='ocrx_word' id='word_1_314' title='bbox 279 2387 419 2420; x_wconf 82' lang='lat' dir='ltr'><strong>seinem</strong></span> <span class='ocrx_word' id='word_1_315' title='bbox 445 2386 609 2420; x_wconf 84' lang='lat' dir='ltr'><strong>Antlitze</strong></span> <span class='ocrx_word' id='word_1_316' title='bbox 635 2396 678 2418; x_wconf 83' lang='lat' dir='ltr'><strong>zu</strong></span> <span class='ocrx_word' id='word_1_317' title='bbox 706 2385 849 2432; x_wconf 83' lang='lat' dir='ltr'><strong>zeigen.</strong></span> <span class='ocrx_word' id='word_1_318' title='bbox 885 2384 1006 2416; x_wconf 82' lang='lat' dir='ltr'><strong>Abstr.</strong></span> <span class='ocrx_word' id='word_1_319' title='bbox 1033 2394 1104 2428; x_wconf 86' lang='lat' dir='ltr'><strong>pro</strong></span> <span class='ocrx_word' id='word_1_320' title='bbox 1132 2384 1333 2418; x_wconf 87' lang='lat' dir='ltr'><strong>Concreto.</strong></span> <span class='ocrx_word' id='word_1_321' title='bbox 1362 2383 1448 2431; x_wconf 79' lang='lat' dir='ltr'><strong>Vgl.</strong></span> <span class='ocrx_word' id='word_1_322' title='bbox 1475 2383 1546 2416; x_wconf 83' lang='lat' dir='ltr'><strong>den</strong></span> <span class='ocrx_word' id='word_1_323' title='bbox 1573 2383 1667 2426; x_wconf 84' lang='lat' dir='ltr'><strong>folg.</strong></span> 
     </span>
     <span class='ocr_line' id='line_1_37' title="bbox 181 2431 1667 2476; baseline -0.005 -8"><span class='ocrx_word' id='word_1_324' title='bbox 181 2435 290 2468; x_wconf 81' lang='lat' dir='ltr'><strong>Brief</strong></span> <span class='ocrx_word' id='word_1_325' title='bbox 313 2435 366 2468; x_wconf 87' lang='lat' dir='ltr'><strong>im</strong></span> <span class='ocrx_word' id='word_1_326' title='bbox 401 2435 488 2468; x_wconf 86' lang='lat' dir='ltr'><strong>Anf.</strong></span> <span class='ocrx_word' id='word_1_327' title='bbox 525 2454 568 2460; x_wconf 92' lang='lat'><strong>-—</strong></span> <span class='ocrx_word' id='word_1_328' title='bbox 619 2433 757 2476; x_wconf 79' lang='lat' dir='ltr'><strong>Atque,</strong></span> <span class='ocrx_word' id='word_1_329' title='bbox 791 2431 876 2466; x_wconf 85' lang='lat' dir='ltr'><strong>Und</strong></span> <span class='ocrx_word' id='word_1_330' title='bbox 911 2431 1009 2463; x_wconf 85' lang='lat' dir='ltr'><strong>noch</strong></span> <span class='ocrx_word' id='word_1_331' title='bbox 1042 2432 1157 2473; x_wconf 63' lang='lat' dir='ltr'><strong>(lazzi,</strong></span> <span class='ocrx_word' id='word_1_332' title='bbox 1192 2431 1394 2466; x_wconf 64' lang='lat' dir='ltr'><strong>fiberdiess.</strong></span> <span class='ocrx_word' id='word_1_333' title='bbox 1428 2449 1473 2456; x_wconf 89' lang='lat'><strong>——-</strong></span> <span class='ocrx_word' id='word_1_334' title='bbox 1507 2431 1667 2473; x_wconf 79' lang='lat' dir='ltr'><strong>digredi,</strong></span> 
     </span>
     <span class='ocr_line' id='line_1_38' title="bbox 182 2478 1666 2522; baseline -0.003 -6"><span class='ocrx_word' id='word_1_335' title='bbox 182 2483 264 2516; x_wconf 84' lang='lat' dir='ltr'><strong>sich</strong></span> <span class='ocrx_word' id='word_1_336' title='bbox 290 2488 460 2516; x_wconf 79' lang='lat' dir='ltr'><strong>trennen.</strong></span> <span class='ocrx_word' id='word_1_337' title='bbox 490 2481 616 2516; x_wconf 85' lang='lat' dir='ltr'><strong>Lamb.</strong></span> <span class='ocrx_word' id='word_1_338' title='bbox 652 2480 813 2522; x_wconf 59' lang='lat' dir='ltr'><strong>dego-wlf.</strong></span> <span class='ocrx_word' id='word_1_339' title='bbox 849 2496 893 2504; x_wconf 81' lang='grc'><strong>--</strong></span> <span class='ocrx_word' id='word_1_340' title='bbox 928 2479 1074 2512; x_wconf 80' lang='lat' dir='ltr'><strong>lictores</strong></span> <span class='ocrx_word' id='word_1_341' title='bbox 1106 2479 1309 2513; x_wconf 80' lang='lat' dir='ltr'><strong>dimitteret.</strong></span> <span class='ocrx_word' id='word_1_342' title='bbox 1361 2479 1498 2513; x_wconf 89' lang='lat' dir='ltr'><strong>Wenn</strong></span> <span class='ocrx_word' id='word_1_343' title='bbox 1532 2490 1572 2512; x_wconf 87' lang='lat' dir='ltr'><strong>er</strong></span> <span class='ocrx_word' id='word_1_344' title='bbox 1606 2478 1666 2512; x_wconf 84' lang='lat' dir='ltr'><strong>bei</strong></span> 
     </span>
     <span class='ocr_line' id='line_1_39' title="bbox 183 2527 1666 2577; baseline -0.005 -11"><span class='ocrx_word' id='word_1_345' title='bbox 183 2532 320 2566; x_wconf 80' lang='lat' dir='ltr'><strong>Cicero</strong></span> <span class='ocrx_word' id='word_1_346' title='bbox 346 2532 479 2577; x_wconf 59' lang='lat' dir='ltr'><strong>{king-er</strong></span> <span class='ocrx_word' id='word_1_347' title='bbox 504 2529 653 2563; x_wconf 85' lang='lat' dir='ltr'><strong>bleiben</strong></span> <span class='ocrx_word' id='word_1_348' title='bbox 679 2530 830 2569; x_wconf 76' lang='lat' dir='ltr'><strong>wollte,</strong></span> <span class='ocrx_word' id='word_1_349' title='bbox 858 2538 896 2561; x_wconf 90' lang='lat' dir='ltr'><strong>so</strong></span> <span class='ocrx_word' id='word_1_350' title='bbox 922 2533 1059 2560; x_wconf 81' lang='lat' dir='ltr'><strong>musste</strong></span> <span class='ocrx_word' id='word_1_351' title='bbox 1076 2537 1118 2560; x_wconf 84' lang='lat' dir='ltr'><strong>er</strong></span> <span class='ocrx_word' id='word_1_352' title='bbox 1133 2528 1233 2561; x_wconf 85' lang='lat' dir='ltr'><strong>seine</strong></span> <span class='ocrx_word' id='word_1_353' title='bbox 1259 2528 1436 2560; x_wconf 84' lang='lat' dir='ltr'><strong>Lictoren</strong></span> <span class='ocrx_word' id='word_1_354' title='bbox 1463 2527 1666 2568; x_wconf 71' lang='lat' dir='ltr'><strong>enflassen3</strong></span> 
     </span>
     <span class='ocr_line' id='line_1_40' title="bbox 184 2572 1665 2612; baseline -0.002 -2"><span class='ocrx_word' id='word_1_355' title='bbox 184 2578 281 2611; x_wconf 88' lang='lat' dir='ltr'><strong>denn</strong></span> <span class='ocrx_word' id='word_1_356' title='bbox 295 2572 660 2612; x_wconf 52' lang='lat' dir='ltr'><strong>einem‘Statthalter</strong></span> <span class='ocrx_word' id='word_1_357' title='bbox 679 2577 807 2609; x_wconf 82' lang='lat' dir='ltr'><strong>wurde</strong></span> <span class='ocrx_word' id='word_1_358' title='bbox 828 2577 897 2608; x_wconf 66' lang='lat' dir='ltr'><strong>xvol</strong></span> <span class='ocrx_word' id='word_1_359' title='bbox 918 2575 978 2607; x_wconf 83' lang='lat' dir='ltr'><strong>(lie</strong></span> <span class='ocrx_word' id='word_1_360' title='bbox 1004 2575 1232 2609; x_wconf 81' lang='lat' dir='ltr'><strong>Durchreise</strong></span> <span class='ocrx_word' id='word_1_361' title='bbox 1258 2574 1379 2609; x_wconf 87' lang='lat' dir='ltr'><strong>durch</strong></span> <span class='ocrx_word' id='word_1_362' title='bbox 1408 2575 1491 2608; x_wconf 88' lang='lat' dir='ltr'><strong>eine</strong></span> <span class='ocrx_word' id='word_1_363' title='bbox 1518 2575 1665 2608; x_wconf 74' lang='lat' dir='ltr'><strong>frerude</strong></span> 
     </span>
     <span class='ocr_line' id='line_1_41' title="bbox 182 2622 1666 2668; baseline -0.003 -10"><span class='ocrx_word' id='word_1_364' title='bbox 182 2627 347 2660; x_wconf 84' lang='lat' dir='ltr'><strong>Provinz</strong></span> <span class='ocrx_word' id='word_1_365' title='bbox 374 2631 593 2668; x_wconf 74' lang='lat' dir='ltr'><strong>vex-stattet,</strong></span> <span class='ocrx_word' id='word_1_366' title='bbox 622 2625 713 2657; x_wconf 81' lang='lat' dir='ltr'><strong>aber</strong></span> <span class='ocrx_word' id='word_1_367' title='bbox 739 2623 865 2664; x_wconf 86' lang='lat' dir='ltr'><strong>nicht,</strong></span> <span class='ocrx_word' id='word_1_368' title='bbox 893 2624 1001 2665; x_wconf 78' lang='lat' dir='ltr'><strong>lange</strong></span> <span class='ocrx_word' id='word_1_369' title='bbox 1028 2623 1188 2657; x_wconf 80' lang='lat' dir='ltr'><strong>daselbst</strong></span> <span class='ocrx_word' id='word_1_370' title='bbox 1214 2635 1299 2657; x_wconf 89' lang='lat' dir='ltr'><strong>eum</strong></span> <span class='ocrx_word' id='word_1_371' title='bbox 1326 2623 1488 2667; x_wconf 81' lang='lat' dir='ltr'><strong>imperio</strong></span> <span class='ocrx_word' id='word_1_372' title='bbox 1514 2622 1666 2666; x_wconf 83' lang='lat' dir='ltr'><strong>eiusque</strong></span> 
     </span>
     <span class='ocr_line' id='line_1_42' title="bbox 182 2671 1664 2717; baseline -0.004 -11"><span class='ocrx_word' id='word_1_373' title='bbox 182 2675 390 2717; x_wconf 72' lang='lat' dir='ltr'><strong>insignibus</strong></span> <span class='ocrx_word' id='word_1_374' title='bbox 425 2687 467 2707; x_wconf 89' lang='lat' dir='ltr'><strong>zu</strong></span> <span class='ocrx_word' id='word_1_375' title='bbox 503 2673 720 2707; x_wconf 61' lang='lat' dir='ltr'><strong>veriveilen.</strong></span> <span class='ocrx_word' id='word_1_376' title='bbox 758 2691 801 2696; x_wconf 91' lang='lat'><strong>-—</strong></span> <span class='ocrx_word' id='word_1_377' title='bbox 853 2671 1092 2709; x_wconf 60' lang='lat' dir='ltr'><strong>avelleretur,</strong></span> <span class='ocrx_word' id='word_1_378' title='bbox 1126 2672 1205 2705; x_wconf 83' lang='lat' dir='ltr'><strong>Md.</strong></span> <span class='ocrx_word' id='word_1_379' title='bbox 1240 2672 1360 2704; x_wconf 83' lang='lat' dir='ltr'><strong>Oxon.</strong></span> <span class='ocrx_word' id='word_1_380' title='bbox 1388 2674 1422 2706; x_wconf 87' lang='lat'><strong>2.</strong></span> <span class='ocrx_word' id='word_1_381' title='bbox 1458 2671 1539 2705; x_wconf 83' lang='lat' dir='ltr'><strong>Asc.</strong></span> <span class='ocrx_word' id='word_1_382' title='bbox 1566 2672 1664 2705; x_wconf 81' lang='lat' dir='ltr'><strong>Crat.</strong></span> 
     </span>
     <span class='ocr_line' id='line_1_43' title="bbox 185 2718 1666 2762; baseline -0.003 -8"><span class='ocrx_word' id='word_1_383' title='bbox 185 2723 283 2754; x_wconf 75' lang='lat' dir='ltr'><strong>Vict.</strong></span> <span class='ocrx_word' id='word_1_384' title='bbox 314 2725 345 2757; x_wconf 86' lang='lat'><strong>1.</strong></span> <span class='ocrx_word' id='word_1_385' title='bbox 373 2724 406 2757; x_wconf 82' lang='grc'><strong>2.</strong></span> <span class='ocrx_word' id='word_1_386' title='bbox 435 2722 660 2757; x_wconf 70' lang='lat' dir='ltr'><strong>evelleretur.</strong></span> <span class='ocrx_word' id='word_1_387' title='bbox 692 2739 732 2744; x_wconf 88' lang='lat'>—</span> <span class='ocrx_word' id='word_1_388' title='bbox 767 2719 912 2753; x_wconf 68' lang='lat' dir='ltr'><strong>rivendi</strong></span> <span class='ocrx_word' id='word_1_389' title='bbox 936 2723 1125 2759; x_wconf 79' lang='lat' dir='ltr'><strong>auctores,</strong></span> <span class='ocrx_word' id='word_1_390' title='bbox 1164 2720 1248 2762; x_wconf 82' lang='lat' dir='ltr'><strong>ihr,</strong></span> <span class='ocrx_word' id='word_1_391' title='bbox 1292 2718 1352 2752; x_wconf 82' lang='lat' dir='ltr'><strong>die</strong></span> <span class='ocrx_word' id='word_1_392' title='bbox 1385 2719 1448 2752; x_wconf 83' lang='lat' dir='ltr'><strong>ihr</strong></span> <span class='ocrx_word' id='word_1_393' title='bbox 1481 2718 1555 2752; x_wconf 83' lang='lat' dir='ltr'><strong>mir</strong></span> <span class='ocrx_word' id='word_1_394' title='bbox 1579 2727 1666 2750; x_wconf 88' lang='lat' dir='ltr'><strong>zum</strong></span> 
     </span>
     <span class='ocr_line' id='line_1_44' title="bbox 182 2767 887 2809; baseline -0.004 -5"><span class='ocrx_word' id='word_1_395' title='bbox 182 2771 311 2804; x_wconf 80' lang='lat' dir='ltr'><strong>Leben</strong></span> <span class='ocrx_word' id='word_1_396' title='bbox 340 2769 503 2809; x_wconf 67' lang='lat' dir='ltr'><strong>riethet,</strong></span> <span class='ocrx_word' id='word_1_397' title='bbox 530 2770 563 2802; x_wconf 86' lang='lat' dir='ltr'><strong>d.</strong></span> <span class='ocrx_word' id='word_1_398' title='bbox 592 2771 615 2803; x_wconf 86' lang='lat' dir='ltr'><strong>i.</strong></span> <span class='ocrx_word' id='word_1_399' title='bbox 645 2780 709 2801; x_wconf 80' lang='lat' dir='ltr'><strong>zur</strong></span> <span class='ocrx_word' id='word_1_400' title='bbox 736 2767 887 2804; x_wconf 74' lang='lat' dir='ltr'><strong>Flucht.</strong></span> 
     </span>
    </p>
   </div>
  </div>
 </body>
</html>
