1742 3006
525 51 843 116 EPISTOLA
874 71 1061 116 xxvi.
1474 77 1561 126 113

69 188 335 232 aemulatori
364 185 584 228 attribuas
615 183 826 227 Servilio.
896 184 1046 235 Quid?
1087 198 1139 228 ea
1166 185 1301 241 plaga
1328 201 1473 233 nonne
1503 194 1559 235 ad

68 245 234 287 multos
262 245 402 285 bonos
429 242 553 283 viros
583 240 812 295 pertinet?
871 239 984 293 Sed,
1014 243 1053 284 si
1083 243 1147 284 ita
1175 243 1371 298 placuit,
1403 246 1557 290 laude-

67 314 189 352 mus;
239 299 402 341 deinde
438 297 484 338 in
526 296 877 339 discessionibus
907 298 996 337 soli
1027 299 1345 354 relinquamur.
1405 303 1622 346 Amal-ll

67 356 177 398 thea
219 368 318 398 mea
356 358 401 396 te
441 357 679 408 exspectat
719 356 764 394 et
805 352 984 408 indiget
1023 354 1105 396 tui.
1172 355 1477 400 Tusculanum
1515 365 1561 402 et

67 413 393 467 Pompeianum
421 409 557 452 valde
584 423 656 450 mc
687 408 937 459 delectant5
966 408 1056 450 nisi
1085 411 1202 464 quod
1233 426 1317 466 me,
1348 414 1471 456 illum
1492 416 1560 471 ip-

68 482 166 511 sum
192 467 419 510 vindicem
449 466 568 507 aeris
597 466 751 519 alieni,
781 478 885 506 aere
915 477 1001 506 non
1031 465 1300 520 Corinthio,
1349 471 1429 511 sed
1470 471 1561 514 hoc

0 549 1 568 ÷
66 522 425 566 circumforaneo
455 522 710 563 obruerunt.
770 521 825 563 In
847 522 1002 563 Gallia
1023 534 1252 576 speramus
1275 538 1372 567 esse
1404 527 1559 570 otium.

4 577 9 630 ζ
69 579 371 634 Prognostica
415 591 515 620 mea
554 591 655 619 cum
695 577 994 619 oratiunculis
1032 578 1293 633 propediem
1331 587 1559 636 exspecta.

4 635 9 665 A
68 636 133 678 Et
161 640 331 688 tamen,
381 634 491 689 quid
531 634 705 688 cogites
747 634 802 675 de
841 634 1037 675 adventu
1067 637 1167 688 tuo,
1199 637 1346 677 scribe
1377 639 1433 678 ad
1465 654 1559 682 nos.

69 691 186 733 Nam
228 690 343 733 mihi
381 691 637 744 Pomponia
674 691 872 731 nuntiari
902 690 1057 742 iussit,
1107 694 1152 732 te
1181 705 1332 734 mense
1364 693 1561 743 Quintili

66 747 240 790 Romae
270 747 381 789 fore.
441 746 497 787 Id
526 759 553 787 a
581 746 672 787 tuis
703 746 877 799 literis,
908 757 1016 802 quas
1047 746 1105 787 ad
1134 761 1204 789 me
1235 748 1291 790 de
1323 763 1456 792 censu
1487 756 1562 793 tuo

6 856 8 903 J
67 865 213 906 tanien,
240 877 297 900 wo
324 876 365 899 er
390 867 600 911 Propriitor
625 875 795 910 gewesen
824 876 909 899 war.
960 865 1013 899 Er
1046 864 1151 899 hatte
1177 865 1258 900 sich
1285 867 1355 901 mit
1380 869 1568 903 Lucceius

6 936 7 941 ,
67 925 189 959 gegen
216 914 370 948 Bibulus
396 913 632 955 verbunden;
657 913 794 947 konnte
821 913 898 947 also
926 913 1056 948 dessen
1076 913 1190 948 Plane
1215 915 1253 948 in
1276 917 1422 951 Betreff
1446 919 1564 952 seinos

7 961 11 996 ’ἐ
66 962 268 997 Anhaltens
293 974 358 998 um
385 962 449 997 das
476 961 658 997 Consulat
683 961 829 996 wissen.
879 962 918 1000 S.
947 974 1005 1008 ep.
1037 963 1115 1003 XX,
1143 966 1175 998 7.

161 1031 220 1067 10.
244 1034 278 1064 te
303 1030 449 1064 laedunt
470 1042 548 1065 non
573 1030 748 1065 solvenda
772 1030 941 1076 pecunia.
992 1030 1081 1064 Vid.
1107 1041 1165 1076 ep.
1190 1031 1323 1071 XXIV,
1350 1032 1383 1067 9.
1403 1052 1447 1058 —-
1478 1035 1564 1077 pla-

8 1067 11 1114 ,Ι
67 1090 131 1122 ga,
157 1078 251 1112 illud
275 1086 422 1112 senatus
448 1079 664 1113 consultum
690 1090 763 1112 non
790 1079 861 1112 tibi
887 1080 1007 1113 solum
1032 1079 1095 1113 sed
1122 1080 1251 1113 multis
1275 1088 1468 1126 praeterea
1494 1083 1563 1116 bo-

67 1128 123 1160 nis
147 1127 236 1160 viris
263 1126 537 1162 detrimentum
563 1127 700 1161 attulit.
727 1146 771 1152 -
796 1128 962 1171 placuit,
1002 1127 1146 1161 beliebt
1172 1128 1250 1161 hat.
1302 1130 1439 1163 W'em?
1491 1131 1564 1163 den

9 1172 13 1199 ἶ
66 1176 318 1209 Verfechtern
349 1175 412 1208 des
438 1182 619 1221 sti-engen
645 1175 814 1216 Rechts,
862 1176 947 1210 dem
972 1177 1091 1220 Cato,
1126 1175 1212 1209 dem
1237 1176 1440 1221 Servilius,
1479 1179 1564 1212 dem

9 1231 13 1261 ,ἐ
66 1224 212 1258 Senate.
239 1242 284 1248 —
318 1224 522 1264 laudemus,
550 1226 702 1258 miissen
732 1224 800 1257 wir
824 1236 863 1258 es
889 1235 953 1258 uns
980 1226 1058 1259 wol
1083 1225 1245 1269 gefauen
1271 1226 1403 1260 lassen.
1431 1247 1475 1252 —
1503 1228 1563 1260 ‹lc-

10 1296 13 1312 2
68 1273 163 1316 inde,
191 1272 301 1305 dafiir
325 1272 490 1317 kiinftig.
517 1292 562 1298 -—-
588 1273 628 1306 in
654 1272 940 1306 discessionibus.
997 1273 1058 1307 Sic
1084 1274 1169 1306 Bos.
1202 1284 1246 1306 ue
1270 1274 1308 1307 in
1335 1275 1565 1309 discessioni-

10 1319 13 1344 t
73 1322 137 1353 bus
169 1320 297 1353 Lamb.
340 1322 431 1356 1568
465 1321 510 1353 de
546 1321 690 1354 Manut.
717 1332 814 1364 susp.
842 1331 886 1353 ne
916 1321 954 1354 in
981 1322 1265 1355 dissensionibus
1290 1324 1421 1356 Lamb.
1449 1324 1487 1356 in
1516 1335 1565 1357 m.

10 1371 13 1385 ⁴
42 1367 52 1370 ”
73 1368 176 1403 1584.
205 1367 330 1401 deinde
355 1369 394 1401 in
421 1368 570 1403 dissens.
599 1370 696 1403 Cett.
724 1367 924 1401 ORELLI.
975 1368 1085 1404 Sinnx
1111 1369 1253 1412 „dafiir
1277 1371 1456 1405 mochten
1481 1372 1567 1406 Wir

11 1404 14 1454 f
71 1416 153 1459 (der
178 1416 278 1450 Rath
313 1416 391 1449 und
426 1417 485 1450 die
511 1416 667 1450 Parthei
693 1416 759 1449 der
787 1417 1034 1462 Optimaten)
1076 1418 1137 1451 bei
1163 1418 1363 1464 kunftigen
1389 1421 1566 1455 Misshel-

12 1461 15 1499 ἶ
68 1465 249 1509 ligkeiten
274 1476 362 1498 vom
387 1464 646 1509 Ritterstande
671 1464 747 1497 und
774 1464 846 1497 den
873 1465 1063 1508 Reichen,
1105 1466 1163 1500 die
1190 1466 1307 1501 durch
1335 1468 1399 1502 das
1425 1470 1567 1503 Decret

12 1506 15 1561 ζ
66 1512 242 1547 Schaden
267 1513 426 1557 gelitten
453 1514 591 1552 haben,
617 1512 761 1547 hubsch
787 1513 968 1547 verlassen
995 1513 1158 1552 werden,

166 1563 221 1597 11,
258 1560 471 1598 Amalthea.
523 1561 660 1595 Cicero
697 1561 800 1595 hatte
834 1561 917 1595 sich
955 1562 1057 1595 nach
1083 1562 1234 1597 Attikus
1259 1564 1444 1610 Beispiele
1469 1565 1567 1599 auch

13 1609 16 1648 ,ῑ
70 1609 130 1643 ein
158 1609 405 1654 Gymnasium
431 1609 493 1643 des
519 1610 679 1642 Namens
704 1609 887 1655 ungelegt.
921 1612 956 1645 S.
983 1612 1055 1656 Ep.
1085 1613 1140 1651 18,
1168 1614 1202 1647 1.
1231 1614 1290 1653 21,
1322 1614 1380 1648 15.
1403 1632 1444 1637 —
1472 1614 1566 1647 indi-

13 1649 17 1690 ἶ
71 1660 138 1700 get
163 1657 240 1698 tui,
268 1657 369 1703 quod
396 1658 533 1691 attinet
558 1657 606 1691 ad
632 1664 809 1692 ornatum
835 1665 872 1692 et
895 1657 1140 1693 τοποθεσίαν.
1193 1661 1230 1693 S.
1259 1673 1316 1706 ep.
1345 1663 1403 1701 21,
1436 1664 1490 1697 18.
1519 1681 1561 1687 —-

14 1712 17 1742 ξ
71 1706 171 1741 vind.
196 1705 295 1739 aeris
323 1706 456 1747 alieni,
497 1706 582 1739 dem
609 1717 649 1740 so
677 1706 774 1740 viele
798 1706 929 1741 reiche
958 1708 1200 1753 Capitalisten
1225 1709 1286 1742 die
1311 1711 1483 1754 Rettung
1509 1710 1567 1744 ih-

14 1745 17 1775 3
70 1764 130 1787 res
156 1755 385 1799 Vermbgens
409 1754 473 1787 bei
499 1754 564 1789 der
592 1754 908 1790 Catilinarischen
926 1756 1228 1802 Verschwbrung
1253 1769 1300 1791 zu
1327 1758 1472 1791 danken
1502 1759 1567 1791 ha—

72 1802 160 1837 ben.
221 1803 344 1847 Vergl.
378 1802 449 1836 den
486 1804 542 1838 15.
570 1803 697 1844 Brief,
726 1806 757 1848 ἕ.
785 1805 808 1839 2
833 1816 893 1838 am
920 1805 1037 1838 Ende.
1073 1824 1118 1831 —-
1154 1816 1242 1839 aere
1266 1817 1336 1839 non
1364 1806 1568 1847 Corinthio,

15 1848 18 1871 ¹
71 1850 131 1883 die
162 1861 234 1884 von
261 1850 333 1884 den
359 1851 521 1885 Romern
548 1863 588 1885 so
620 1852 706 1886 sehr
741 1851 960 1897 geschatzte
992 1853 1159 1896 Bronze,
1212 1866 1354 1888 woraus
1396 1856 1566 1894 Statucn,

16 1922 19 1942 5
70 1900 197 1931 Vasen
232 1910 271 1932 u.
298 1910 328 1932 s.
356 1900 385 1933 f.
412 1900 614 1946 vei‘fertigt
640 1901 817 1944 wurden,
862 1913 928 1935 zur
954 1902 1189 1947 Verzierung
1215 1902 1282 1936 der
1307 1903 1468 1936 Pallaste
1495 1903 1569 1936 und

16 1944 19 1967 ἶ
70 1946 327 1981 Landhiiuser.
377 1966 420 1973 —
471 1946 539 1981 Izoc
565 1949 876 1991 circumforaneo,
905 1950 1005 1995 quod
1033 1951 1078 1983 ab
1106 1952 1335 1995 argentariis
1362 1952 1569 1986 feneranti-

17 2030 19 2036 ,
71 1995 138 2028 bus
165 1996 335 2038 sumitur,
362 1996 426 2041 qui
451 1997 625 2030 tabernas
651 1997 840 2031 habebant
866 1999 902 2032 in
928 1999 1139 2044 porticibus
1167 1999 1269 2033 circa
1297 2000 1437 2034 forum.
1466 2001 1566 2034 MA-

71 2043 191 2080 NUT.
253 2044 387 2079 Cicero
419 2044 525 2078 hatte
560 2045 683 2079 seiner
710 2045 852 2080 Wurde
889 2050 1034 2091 gemass
1061 2048 1142 2081 sicli
1168 2048 1238 2081 mit
1265 2047 1335 2081 den
1364 2050 1566 2094 Magnaten

18 2120 20 2123 ,
73 2092 190 2125 Roms
226 2092 293 2125 auf
327 2093 434 2125 einen
461 2093 663 2127 almlichen
689 2095 779 2129 Fuss
806 2100 957 2136 semen,
1005 2097 1114 2128 einen
1141 2096 1275 2130 Pallast
1300 2098 1337 2129 in
1365 2099 1463 2130 Rom
1491 2098 1568 2130 und

18 2161 21 2184 ¹.
70 2139 203 2172 mehre
248 2140 447 2174 Landsitze
497 2142 596 2175 nach
635 2143 710 2176 und
749 2143 847 2176 nach
888 2143 1104 2178 anschaffen
1146 2145 1226 2178 und
1266 2145 1569 2179 ausschmucken

18 2186 21 2231 ξ
70 2190 232 2223 miissen.
283 2189 462 2222 Daruber
485 2201 565 2223 war
591 2201 632 2223 ei·
657 2191 695 2224 in
720 2191 912 2226 Schulden
940 2192 1012 2226 und
1040 2193 1218 2226 zuweilen
1243 2193 1281 2226 in
1309 2193 1571 2239 Verlegenheit

69 2236 265 2281 gerathen.
315 2239 364 2272 So
391 2237 532 2271 erklart
565 2238 644 2272 sich
672 2239 734 2273 das
759 2240 862 2284 §piel
895 2241 967 2274 mit
1001 2240 1068 2274 der
1094 2241 1316 2275 dreifachen
1343 2243 1568 2286 Bedeutung

19 2314 21 2322 ,
73 2285 136 2318 des
164 2286 317 2319 wortes
344 2296 404 2319 aes
430 2286 495 2319 als
523 2287 658 2329 Geld,
685 2288 752 2321 als
776 2288 977 2332 Bronze,
1005 2290 1070 2322 als
1097 2288 1279 2336 §ebuli
1309 2311 1350 2316 —
1380 2291 1504 2324 otium.
1531 2292 1568 2324 S.

71 2344 130 2377 ep.
157 2333 284 2375 XXIV,
312 2336 347 2370 2.
376 2334 492 2377 XXV,
519 2336 552 2370 5.
579 2354 624 2361 -
649 2336 915 2379 Prognostica,
944 2338 1069 2372 meine
1094 2331 1351 2383 Ubersetzung
1377 2339 1443 2372 der
1463 2339 1568 2371 Wet-

19 2376 22 2406 ἵ
73 2381 289 2415 terzeichen
315 2382 380 2416 des
405 2383 555 2416 Aratus.
609 2384 650 2418 In
679 2386 946 2418 Hexametern.
1009 2387 1044 2420 S.
1079 2386 1124 2419 de
1156 2388 1320 2421 Divinat.
1349 2388 1379 2429 1,
1408 2389 1443 2427 7,
1471 2387 1506 2426 8,
1534 2388 1566 2421 9.

73 2428 122 2467 11,
148 2430 203 2463 20.
230 2442 271 2468 u.
298 2430 346 2463 ad
370 2431 486 2464 Attic.
515 2431 599 2474 XV,
628 2434 686 2468 16.
722 2434 856 2466 Aratus
883 2445 945 2467 aus
972 2436 1048 2468 Soli
1075 2435 1112 2468 in
1137 2436 1297 2471 Cilicien
1324 2435 1429 2468 hatte
1452 2433 1568 2468 Phae-

21 2501 23 2513 Α
73 2485 221 2511 nomena
254 2479 502 2522 geschrieben
536 2481 594 2520 (S.
623 2481 729 2515 Ovid.
756 2482 836 2515 Am.
865 2483 895 2525 1,
925 2484 982 2525 15,
1008 2484 1065 2521 15.
1129 2485 1208 2519 Cic.
1240 2484 1284 2516 cle
1311 2484 1353 2516 N.
1382 2482 1496 2515 Deor.
1517 2483 1567 2525 11,

21 2526 24 2559 ἒ
73 2524 167 2565 49-),
218 2526 354 2560 Cicero
381 2529 433 2561 sie
460 2528 513 2561 als
540 2528 724 2574 liingling
750 2530 952 2566 iibersetzt·
982 2551 1026 2557 —-
1079 2532 1300 2576 Pomponia,
1329 2530 1390 2563 des
1418 2531 1567 2564 Attikus

22 2575 24 2588 ¹
73 2570 283 2606 Schwester
315 2576 391 2609 und
426 2577 590 2610 Cicero’s
624 2578 902 2623 Schwkigerinn.
945 2600 989 2605 -—
1042 2581 1085 2614 de
1117 2591 1223 2614 ceusu
1256 2584 1326 2612 tuo.
1379 2576 1443 2612 sic
1477 2579 1568 2614 cod.

73 2620 253 2654 Tornaes.
280 2623 414 2661 Lamb.
444 2625 516 2658 cfr.
544 2625 630 2660 Lib.
659 2627 690 2666 1,
719 2628 776 2667 18,
802 2628 833 2662 8.
872 2639 973 2662 cessa
1005 2629 1097 2664 eod.
1138 2629 1280 2662 decurt.
1308 2628 1392 2661 Bos.
1420 2637 1568 2660 accensu

23 2692 26 2701 .
75 2668 154 2702 Md.
181 2680 202 2701 a
228 2681 283 2714 pr.
311 2682 435 2706 manu,
487 2684 632 2707 accessu
656 2674 738 2708 Md.
765 2687 785 2708 a
811 2687 884 2710 sec.
912 2689 961 2711 m.
1023 2679 1142 2710 Oxou.
1171 2679 1202 2710 1.
1229 2677 1262 2711 2.
1298 2675 1341 2717 (i.
1370 2685 1401 2708 e.
1429 2686 1569 2722 appro-

73 2716 314 2761 pinquatione
341 2719 387 2752 ad
412 2721 562 2763 urbem)
588 2722 691 2756 Crat.
719 2722 817 2756 Vict.
845 2726 874 2758 l.
903 2729 939 2760 2.
991 2727 1138 2759 Ernest.
1174 2734 1316 2758 recessu
1351 2724 1447 2757 lens.
1487 2725 1569 2757 Asc.

26 2792 27 2796 ,
76 2765 106 2797 1.
141 2765 283 2798 decessu
318 2766 448 2802 Graev.
483 2770 636 2806 Schiitz.
671 2771 765 2808 min,
801 2773 902 2816 quod
943 2780 1070 2806 tamen
1104 2773 1149 2805 de
1188 2772 1464 2818 magistratibus
1492 2773 1572 2805 sere

142 2843 200 2869 sic.
221 2844 324 2871 Briese
345 2854 371 2870 v,
396 2846 520 2875 Billexb.
558 2849 580 2872 1.
1140 2819 1169 2864 8
