1742 3006
139 11 228 61 152
414 14 475 56 Μ.
506 14 560 56 Τ.
592 9 930 56 CICERONIS
959 6 1327 54 EPISTOLAE.
1667 0 1685 102 ἕ

1669 106 1677 139 “ι

1672 147 1678 186 ἲ

137 139 270 182 quam
307 124 421 167 illud
459 123 696 176 existimo,
750 136 883 177 quum
912 123 1001 164 iam
1030 123 1114 164 tibi
1156 122 1287 174 Asia,
1344 123 1461 164 sicut
1505 125 1600 166 uni·

139 182 303 237 cuique
332 194 412 222 sua
439 180 609 232 domus,
638 181 743 220 nota
771 191 867 220 esse
896 179 1071 231 debeat,
1101 192 1233 233 quum
1262 177 1319 218 ad
1343 182 1462 219 tuam
1485 193 1599 221 sum-

140 251 258 278 mam
286 235 568 292 prudentiam
597 238 744 276 tantus
774 247 878 275 usus
907 235 1162 287 accesserit,
1193 232 1309 274 nihil
1340 246 1450 285 esse,
1478 236 1599 289 quod

140 293 199 334 ad
239 292 416 334 laudem
445 290 660 343 attineat,
711 289 830 344 quod
867 303 954 330 non
992 293 1041 330 tu
1079 290 1245 344 optime
1281 289 1528 344 perspicias
1557 296 1603 332 et

141 348 224 389 tibi
265 360 352 387 non
392 345 489 387 sine
529 347 788 400 cuiusquam
818 344 1136 386 exhortatione
1174 347 1222 386 in
1258 349 1450 386 mentem
1477 346 1603 387 veni-

139 407 187 444 at
216 400 432 456 quotidie.
490 400 581 443 Sed
611 414 709 456 ego,
738 401 830 455 qui,
859 414 993 455 quum
1022 405 1099 442 tua
1127 402 1254 455 lego,
1284 404 1328 442 te
1358 400 1530 454 audire,
1559 404 1606 442 et

140 458 234 513 qui,
264 470 398 512 quum
427 456 485 498 ad
513 459 558 498 te
580 457 763 508 scribo,
793 460 940 496 tecum
968 456 1091 511 loqui
1119 457 1306 508 videor,
1355 456 1530 498 idcirco
1559 459 1605 497 et

139 517 217 554 tua
257 512 518 567 longissima
556 524 731 568 quaque
760 511 954 566 epistola
981 512 1174 554 maxime
1204 512 1408 554 delector
1435 516 1482 554 et
1508 513 1606 567 ipse

76 566 189 608 tffiin
217 567 456 609 scribendo
485 581 582 608 sum
610 580 743 623 saepe
774 567 966 621 longior.
1031 567 1156 608 Illud
1195 571 1239 610 te
1268 568 1325 610 ad
1356 571 1605 609 extremum

141 627 187 664 et
207 636 287 664 oro
319 626 365 665 et
386 622 559 676 hortor,
588 626 652 676 ut,
680 627 905 677 tamquam
932 622 1090 677 poetae
1122 623 1225 664 boni
1254 628 1300 665 et
1327 627 1504 665 actores
1535 624 1605 664 in-

141 678 307 720 dustrii
345 678 517 731 solent,
563 679 631 719 sic
667 682 716 719 tu
754 678 802 718 in
840 682 1044 719 extrema
1079 682 1206 732 parte
1243 682 1290 720 et
1318 679 1607 720 conclusione

140 734 337 775 muneris
376 746 430 774 ac
459 734 630 798 negotii
659 733 727 775 tui
757 733 1128 788 diligentissimus
1157 735 1234 786 sis,
1263 737 1314 774 ut
1342 733 1420 774 hic
1447 735 1608 775 tertius
1670 760 1674 763 -

141 802 281 831 annus
312 789 502 843 imperii
539 790 606 830 tui
645 792 870 844 tamquam
911 790 1070 831 tertius
1100 793 1226 830 actus
1255 787 1609 843 perfectissimus

141 849 278 900 atque
307 844 618 886 ornatissimus
647 845 786 886 fuisse
814 844 1036 887 videatur.
1110 846 1164 886 Id
1202 843 1424 886 facillime
1452 844 1609 896 facies,

139 902 179 941 si
208 914 279 942 me
308 922 363 929 —
391 901 465 941 cui
495 912 669 955 semper
697 901 771 941 uni
799 902 967 955 magis,
997 913 1126 955 quam
1156 900 1401 952 universis,
1430 901 1610 956 placere

139 955 329 997 voluisti
357 977 412 985 —
440 959 589 996 tecum
617 969 793 1011 semper
820 969 916 997 esse
946 956 1120 1011 putabis
1149 960 1195 997 et
1223 957 1424 998 omnibus
1453 957 1511 997 iis
1540 969 1610 997 re-

139 1012 245 1064 bus,
290 1023 400 1065 quas
429 1010 554 1052 dices
584 1024 637 1052 ac
666 1011 831 1065 facies,
870 1012 1100 1053 interesse.
1167 1010 1412 1067 Reliquum
1441 1015 1532 1060 est,
1561 1013 1612 1051 ut

139 1070 185 1107 te
215 1079 364 1119 orem,
404 1070 454 1107 ut
481 1067 606 1113 valet
636 1066 733 1108 dini
761 1071 879 1120 tuae,
909 1068 948 1108 si
977 1080 1047 1109 me
1077 1070 1122 1108 et
1150 1071 1251 1109 tuos
1281 1079 1432 1109 omnes
1461 1067 1611 1115 valere

139 1122 223 1174 vis,
255 1122 577 1177 diligentissim
631 1123 816 1165 servias.
873 1123 1004 1165 Vale.

388 1271 706 1317 EPISTOLA
734 1270 926 1316 XXXI.
984 1273 1061 1327 (ad
1090 1275 1181 1316 Att.
1212 1274 1275 1317 11.
1306 1273 1369 1325 5.)

283 1345 365 1382 Ser.
393 1347 433 1380 in
457 1346 546 1382 vina
570 1359 690 1393 prope
717 1348 872 1382 Antium
898 1347 941 1383 A.
967 1349 1012 1383 υ.
1042 1350 1085 1386 e.
1111 1349 1190 1385 695.
1243 1350 1289 1392 (a.
1317 1348 1361 1386 c.
1387 1348 1464 1392 59.)

140 1412 240 1459 Quid
272 1413 320 1447 de
354 1414 548 1459 legatione
585 1416 656 1449 sibi
691 1416 814 1450 oblata
851 1417 1007 1460 sentiat,
1042 1413 1080 1452 1.
1101 1423 1158 1459 et,
1192 1416 1328 1462 quibus
1361 1416 1408 1450 de
1434 1417 1544 1451 rebus
1570 1418 1616 1450 ab

485 1464 612 1498 Attico
639 1465 782 1498 certior
807 1465 892 1498 fieri
919 1465 1023 1507 velit,
1051 1465 1215 1510 exponit.
1242 1466 1275 1500 2.

647 1533 832 1568 CICERO
859 1532 1043 1567 ATTICO
1068 1533 1101 1570 S.

251 1579 395 1635 Cupio
441 1581 649 1636 equidem
692 1584 738 1622 et
776 1582 867 1621 iam
904 1581 1080 1635 pridem
1120 1583 1252 1636 cupio
1293 1582 1619 1625 Alexandriam

142 1634 451 1692 reliquamque
479 1638 739 1692 Aegyptum
768 1637 917 1678 visere
948 1641 994 1678 et
1022 1637 1154 1678 simul
1186 1638 1240 1678 ab
1270 1636 1357 1679 hac
1386 1637 1618 1680 hominum

139 1759 224 1794 net,
264 1759 328 1788 tuo
355 1754 530 1796 nomine,
565 1754 649 1787 dass
675 1765 715 1787 er
742 1755 990 1788 unersattlich
1017 1755 1068 1788 im
1094 1755 1244 1788 Ruhme
1270 1755 1349 1798 sei,
1395 1756 1434 1789 in
1467 1769 1507 1791 so
1533 1758 1620 1791 feru

140 1801 261 1834 dieser
296 1802 364 1836 der
395 1803 532 1836 Person
566 1803 686 1836 seines
713 1802 875 1836 Bruders
908 1815 956 1837 zu
991 1804 1102 1837 Theil
1129 1804 1263 1836 werde.
1292 1824 1335 1828 —
1380 1808 1501 1838 tantus
1525 1816 1619 1849 usus,

140 1861 180 1883 so
208 1860 338 1894 grosse
373 1851 601 1895 Erfahrung.
628 1870 671 1875 —
717 1851 813 1894 quod
838 1851 885 1884 cui
909 1851 931 1888 l,
959 1853 1079 1891 anim,
1110 1863 1180 1884 was
1208 1863 1251 1885 zu
1277 1852 1382 1885 einer
1406 1853 1620 1887 ruhmwiir-

139 1897 253 1943 digen
281 1899 525 1943 Verwaltung
552 1899 688 1932 Deines
716 1900 820 1932 Amts
846 1899 991 1944 geh'ort.
1009 1921 1048 1926 —
1079 1899 1175 1943 quod
1199 1910 1268 1933 non
1295 1904 1344 1933 tu.
1371 1900 1501 1936 Lamb.
1530 1902 1623 1945 quod

139 1950 173 1979 et
199 1950 237 1979 lu
261 1957 345 1979 non.
381 1965 426 1971 -—
459 1946 642 1981 exhortat.
693 1947 754 1980 Sic
782 1947 859 1980 Md.
894 1946 1029 1981 hortat.
1060 1950 1154 1980 Cett.
1181 1965 1227 1972 —
1270 1947 1333 1991 qui
1358 1972 1366 1978 .
1395 1973 1402 1980 .
1430 1947 1527 1981 mihi
1564 1950 1621 1982 vi-

138 1995 238 2027 deor.
289 1995 367 2027 Der
397 1996 571 2028 Lateiner
598 1995 683 2028 faut
709 1993 817 2028 nicht
843 2006 905 2027 aus
933 1995 1000 2028 der
1026 1996 1179 2037 Person,
1206 2006 1386 2040 wogegen
1415 1995 1481 2029 der
1503 1998 1621 2030 Deut-

137 2042 228 2075 sche
252 2044 351 2076 Der
377 2069 385 2077 .
412 2067 422 2076 .
451 2055 501 2077 zu
527 2044 669 2076 boren
697 2067 704 2075 .
734 2067 744 2079 .
772 2068 780 2076 .
808 2055 861 2076 zu
886 2043 1034 2076 reden
1065 2044 1248 2088 glaubt,
1275 2043 1352 2076 also
1379 2043 1416 2076 in
1442 2045 1509 2078 der
1527 2046 1621 2079 drit-

137 2097 202 2123 ten
224 2092 362 2124 Person
390 2093 594 2125 iibersetzt.
616 2109 659 2116 -—
703 2091 854 2130 idcirco,
881 2091 983 2126 Crat.
1012 2093 1141 2126 Lamb.
1169 2091 1260 2128 ideo.
1289 2093 1379 2125 Mox
1405 2103 1480 2126 sum
1512 2104 1619 2137 saepe

136 2138 215 2171 Md.
243 2139 345 2172 Vict.
373 2142 406 2175 2.
434 2151 544 2184 saepe
570 2150 649 2172 sum
676 2139 773 2174 Cett.

234 2188 290 2222 46.
330 2188 516 2229 industrii,
552 2188 815 2229 betriebsame,
849 2188 1002 2233 riistige.
1031 2208 1074 2213 -
1110 2193 1224 2225 actus.
1260 2188 1366 2225 omis.
1403 2193 1505 2221 actus
1538 2189 1618 2224 Md.

137 2235 259 2268 Oxon.
294 2237 326 2270 2.
353 2237 538 2277 Fuerunt,
567 2237 632 2280 qui
660 2240 839 2270 extremus
865 2237 922 2270 vel
948 2238 1095 2270 ultimus
1121 2241 1221 2270 actus
1247 2237 1396 2269 vellent.
1438 2237 1511 2270 Sed
1546 2238 1618 2271 cfr.

135 2285 265 2327 Lange
295 2282 401 2317 I'incl.
430 2285 542 2325 Trag.
560 2285 661 2317 Rom.
692 2297 726 2328 p.
753 2286 868 2321 46.—
896 2296 995 2328 quam
1020 2285 1209 2326 universis,
1237 2285 1288 2317 als
1313 2285 1422 2317 Auen
1443 2285 1621 2320 anderen.

138 2350 183 2356 —-
210 2332 373 2365 omnibus
399 2332 467 2372 iis,
494 2332 573 2365 Md.
600 2332 702 2364 Vict.
731 2335 762 2367 l.
791 2332 858 2370 lais,
893 2352 937 2358 —
971 2344 1014 2366 ac
1039 2347 1087 2364 :-
1123 2333 1199 2365 und
1234 2332 1444 2366 besonders.
1507 2333 1623 2376 (Md.)

137 2379 245 2412 Vict.
276 2382 310 2416 1.
339 2381 371 2415 2.
399 2384 447 2416 et,
469 2399 515 2404 —
542 2380 657 2423 Reliq.
686 2385 751 2418 est,
779 2386 829 2417 ut.
864 2380 901 2416 S.
928 2380 1077 2415 Ramsh.
1113 2382 1139 2424 ξ.
1161 2382 1240 2422 183,
1256 2383 1289 2417 2.
1320 2381 1469 2414 Grotef.
1498 2382 1621 2423 §.396.

138 2446 182 2452 —-
211 2432 291 2461 tuos
324 2438 450 2461 omnes.
479 2430 585 2464 Crat.
614 2429 762 2463 Manut.
791 2431 921 2464 Laxnb.
950 2440 1070 2462 omncs
1097 2433 1187 2463 tuos.
1208 2449 1252 2454 —
1277 2429 1621 2463 serviaszconsu-

137 2477 202 2516 las,
227 2487 382 2520 operam
400 2476 474 2518 des,
501 2477 573 2509 wie
600 2476 644 2509 nd
671 2478 814 2510 Divers.
846 2480 887 2517 V,
916 2480 957 2513 21
994 2478 1106 2519 (435).
1157 2478 1245 2525 Vgl.
1274 2477 1320 2510 de
1347 2477 1451 2510 Orat.
1478 2478 1528 2516 ΙΙ,
1554 2479 1620 2513 80:

138 2524 277 2556 servire
304 2524 492 2558 brevitati.
520 2536 588 2570 pro
623 2527 732 2558 Rosc.
762 2530 842 2558 Am.
870 2528 933 2561 15:
986 2526 1039 2558 rei
1066 2526 1265 2566 familiari3
1304 2526 1456 2559 Tuscul.
1485 2525 1551 2570 Qq.
1574 2527 1619 2559 V.

136 2574 177 2607 3:
205 2573 357 2615 gloriae,
385 2573 580 2618 pecuniae.
606 2592 649 2598 —
682 2574 784 2608 Vale.
837 2575 899 2608 Sic
934 2574 1016 2608 Md.
1053 2574 1095 2619 Q.
1125 2576 1164 2607 U.
1195 2585 1269 2607 0111.
1302 2574 1410 2609 Vale.
1447 2575 1539 2608 Cett.

234 2643 265 2674 1.
304 2643 462 2685 Aegypt.
482 2667 514 2676 ..
542 2642 605 2675 ris.
658 2642 808 2675 Attikus
844 2641 949 2675 hatte
984 2642 1068 2675 dom
1097 2642 1228 2675 Cicero
1257 2641 1516 2685 geschricben,
1544 2641 1623 2674 dass

141 2691 254 2722 (ssiisar
282 2701 313 2722 u.
337 2691 559 2735 Pompeius,
603 2691 676 2725 wie
706 2702 741 2725 cs
769 2690 935 2734 schicnc,
964 2690 1044 2724 ihm
1073 2692 1131 2724 dic
1160 2691 1456 2726 Gesandtsehaft
1484 2691 1621 2724 austra-
