1742 3006
23 2700 25 2709 .

23 2720 25 2757 l

24 2762 27 2795 ἰ

24 2802 27 2821 1

545 55 860 100 EPISTOLA
891 56 1056 101 XXII.
1477 57 1536 105 Sl

56 167 202 208 cunda
229 167 467 209 admodum
497 167 648 222 gravis
678 171 723 208 et
752 168 960 222 copiosus
991 169 1072 210 fui.
1133 170 1254 211 Ecce
1283 170 1401 211 aliae
1422 170 1537 211 deli-
1576 187 1602 227 9

54 223 152 263 ciae
184 225 381 278 equitum
409 223 490 265 vix
520 222 751 264 ferendae!
782 237 890 278 quas
921 238 1004 277 ego
1034 239 1121 266 non
1151 226 1296 266 solum
1327 225 1426 278 tuli,
1456 226 1537 266 sed

56 280 193 319 etiam
234 280 403 320 ornavi.
471 279 654 332 Asiani,
701 280 779 333 qui
818 279 874 319 de
915 282 1172 321 censoribus
1214 281 1539 331 conduxerant,

57 335 204 388 questi
251 339 352 376 sunt
399 334 445 373 in
484 338 638 375 senatu
684 348 731 375 se
782 334 1032 388 cupiditate
1082 338 1313 390 prolapsos
1355 337 1542 377 nimium

55 403 217 444 magno
248 388 542 431 conduxisse:
574 394 624 430 ut
651 390 936 431 induceretur
966 391 1159 443 locatio,
1190 392 1542 445 postulaverunt.

57 446 158 499 Ego
190 446 395 499 princeps
425 446 472 485 in
502 445 782 486 adiutoribus
821 451 954 500 atque
982 446 1094 487 adeo
1118 447 1352 488 sccundus.
1409 447 1542 499 Nam,

58 506 106 541 ut
136 501 209 541 illi
238 501 451 542 auderent
480 500 568 542 hoc
597 502 848 555 postulare,
890 502 1079 542 Crassus
1111 515 1187 542 eos
1218 502 1410 555 impulit.
1467 503 1543 543 In-

57 556 233 597 vidiosa
273 570 369 608 res,
413 557 558 611 turpis
598 558 841 610 postulatio
891 562 936 597 et
985 557 1210 598 confessio
1262 559 1542 599 temeritatis.

58 612 285 653 Summum
315 616 412 653 erat
440 613 704 667 periculum,
734 626 803 663 ne,
834 613 872 654 si
902 612 1021 653 nihil
1052 614 1381 667 impetrassent,
1414 615 1544 667 plane

57 667 359 708 alienarentur
396 681 423 708 a
460 672 626 709 senatu.
697 669 817 709 Huic
857 682 1031 723 quoque
1073 670 1138 709 rei
1177 670 1439 710 subventum
1478 674 1546 709 est

57 723 254 764 maxime
283 736 310 764 a
349 724 475 765 nobis
515 723 875 780 perfectumque,
918 729 968 764 ut
996 724 1358 779 frequentissimo
1390 730 1547 766 senatu

61 782 107 818 et
144 779 466 820 liberalissimo
507 784 760 830 uterentur,
811 780 949 820 multa
984 793 1038 820 ue
1078 794 1105 821 a
1142 793 1212 820 me
1254 780 1310 820 de
1340 780 1548 820 ordinum

60 833 282 887 (lignitate
312 839 356 876 et
386 835 630 876 concordia
661 835 783 876 dicta
812 839 914 876 sunt
938 793 1044 877 ἕω.
1072 835 1286 877 Decemb.
1310 840 1355 876 et
1384 837 1549 889 postri-

60 888 148 930 die.
205 889 362 945 Neque
393 890 542 931 adhuc
574 905 644 932 res
674 891 881 932 confecta
911 895 992 942 est,
1023 891 1101 932 sed
1131 892 1339 931 voluntas
1369 895 1548 931 senatus·

61 951 307 998 perspecta.
372 946 495 987 Unus
534 947 652 987 enim
691 952 848 987 contra
887 947 1069 987 dixerat
1106 945 1352 997 Metellus,
1393 946 1545 986 consul

63 1000 336 1054 designatus.
398 1002 519 1051 Quin
549 1008 647 1044 erat
676 1002 879 1043 dicturus
909 1023 963 1031 -—
992 1002 1047 1042 ad
1079 1015 1210 1057 quem
1240 1005 1425 1056 propter
1455 1001 1549 1040 diei

61 1057 326 1098 brevitatem
356 1062 616 1112 perventum
646 1072 733 1099 non
764 1062 830 1100 est
869 1081 922 1086 —
962 1056 1096 1098 heros
1126 1059 1208 1099 ille
1238 1063 1392 1098 noster
1421 1056 1549 1097 Cato.

64 1111 142 1154 Sic
182 1126 264 1167 ego
309 1126 576 1155 conservans
619 1115 839 1159 rationein
883 1114 1302 1169 institutionemque
1348 1116 1547 1156 nostram
1568 1112 1617 1154 10

65 1295 322 1329 verdorbenen
356 1298 438 1331 Zeit
473 1296 548 1330 und
590 1296 854 1342 gafahrlichen
897 1298 999 1343 Lage
1041 1295 1111 1330 den
1156 1293 1362 1330 Storschen
1400 1293 1551 1328 Weisen

0 1349 2 1389 ζ
67 1343 175 1377 nicht
202 1345 361 1389 spieleu!
388 1364 432 1370 —
458 1345 603 1386 gravis,
631 1353 742 1387 ernst;
772 1345 952 1388 copiosus,
978 1343 1228 1379 ausfuhrlich.

163 1393 197 1426 9.
232 1392 332 1425 aliae
368 1393 543 1434 deliciae,
585 1392 882 1435 Schnekereiem
923 1393 964 1430 h.
998 1404 1031 1426 e.
1066 1392 1267 1425 insolentia
1301 1390 1481 1436 quaedam
1513 1395 1551 1422 et

69 1440 248 1484 iniquitas
273 1441 311 1472 in
337 1440 571 1486 postulando.
622 1436 841 1476 SGHUTZ.
893 1460 937 1466 —
988 1451 1136 1483 ornare,
1161 1440 1443 1484 herausputzen‚
1471 1449 1556 1472 ver-

70 1489 141 1527 bis,
170 1489 347 1521 oratioue.
374 1508 418 1514 -
444 1487 601 1530 Asiani,
630 1489 690 1522 die
715 1489 876 1523 Pachter
900 1488 1106 1534 (publicani
1132 1499 1194 1521 aus
1221 1487 1254 1520 d.
1282 1486 1556 1525 Ritterstande)

71 1537 136 1568 der
170 1537 399 1570 Asiatischen
434 1536 768 1571 Staatseink'unste.
827 1537 993 1570 Asiatici
1020 1536 1103 1570 CId.
1132 1536 1290 1581 Malasp.
1343 1554 1388 1560 -
1438 1534 1556 1577 cupid.

3 1590 6 1622 ἵ
68 1584 274 1628 prolapsos,
307 1595 376 1618 von
411 1596 454 1617 zu
487 1595 635 1628 grosser
668 1585 864 1618 Pachtlust
890 1585 1078 1621 vei-leitet.
1143 1585 1254 1617 Denn
1281 1583 1446 1628 prolabi,
1473 1593 1559 1614 aus-

0 1628 8 1673 ;‘;
69 1633 262 1675 rutschen,
290 1633 515 1671 straucheln,
542 1633 634 1665 wird
661 1633 823 1666 bildh'ch
851 1644 918 1666 von
944 1633 1171 1667 Fehltritteu
1198 1632 1430 1676 gebraucht,
1463 1642 1499 1662 z·
1517 1630 1557 1663 B.

69 1680 216 1725 prolabi
242 1681 450 1725 cupiditate
478 1681 584 1729 regni
612 1681 671 1714 bei
698 1682 779 1716 Liv.
812 1681 886 1721 XL,
914 1682 968 1716 23.
995 1681 1114 1714 nimio
1141 1679 1263 1713 studio
1278 1679 1430 1713 iuvandi
1455 1688 1559 1711 mor·

8 1755 9 1761 ,
56 1728 164 1761 ‘tales
192 1729 252 1762 bei
277 1730 373 1762 Plin.
401 1731 444 1763 H.
472 1730 520 1764 N.
548 1729 724 1768 XXVIII,
753 1732 788 1765 8.
818 1749 861 1755 —
911 1729 1062 1762 nimium
1086 1739 1222 1771 magno
1248 1728 1462 1768 conducere,
1513 1737 1558 1759 zu

7 1803 10 1818 2
73 1776 176 1809 boch
214 1777 390 1822 pachten.
450 1770 555 1811 Uber
595 1778 665 1810 den
701 1778 827 1814 Ablat.
861 1778 980 1823 pretii
1011 1789 1040 1812 s.
1075 1777 1222 1810 Grotef.
1257 1778 1290 1819 ᾗ.
1317 1776 1402 1812 225.
1444 1793 1488 1800 -
1522 1776 1561 1806 'AC

8 1853 11 1862 Α
72 1825 190 1859 induc.
224 1826 376 1868 locatio,
421 1825 502 1858 dass
536 1826 600 1858 der
634 1827 930 1859 Pachtcontract
965 1824 1102 1858 wieder
1136 1822 1383 1870 aufgehoben
1415 1820 1558 1857 wiirde.

76 1873 260 1906 Inducere
287 1874 495 1918 eigentlich
522 1875 662 1908 WVachs
688 1875 785 1908 iiber
812 1874 871 1907 die
889 1873 1127 1907 Buchstaben
1154 1873 1195 1906 in
1222 1871 1294 1904 den
1321 1871 1461 1905 Tafeln
1486 1870 1561 1903 zie-

10 1945 12 1958 ς
74 1921 161 1959 hen,
188 1921 263 1954 also
290 1922 502 1955 auslo'scheu
529 1936 577 1954 z
612 1923 735 1956 delere
767 1935 799 1960 z.
826 1923 870 1958 B.
896 1921 1051 1955 nomina
1078 1922 1124 1962 (s.
1156 1920 1203 1954 ad
1229 1919 1343 1953 Attic.
1369 1918 1475 1961 XIII,
1505 1918 1560 1954 14.

11 1991 12 1996 ,
73 1970 172 2006 Suet.
199 1970 286 2003 Ner.
312 1972 393 2012 52);
427 1970 544 2003 daher
569 1971 745 2014 cassiren,
772 1971 934 2016 ungiltig
957 1969 1134 2012 machen,
1169 1981 1204 2005 z.
1231 1968 1272 2001 Β.
1298 1973 1445 2001 senatus
1472 1976 1564 1999 con-

11 2027 13 2060 j
75 2017 214 2050 sultum
239 2018 286 2050 ad
312 2018 424 2051 Attic.
448 2018 477 2056 Ι,
506 2021 561 2054 20.
587 2031 656 2065 pro
682 2021 792 2054 Dom.
819 2021 851 2053 4.
878 2022 910 2052 et
937 2022 974 2051 ιιι
999 2018 1173 2055 varietas
1200 2016 1326 2053 Aldin,
1370 2018 1474 2058 utque
1499 2024 1564 2047 va-

75 2067 190 2099 rietas
216 2065 305 2098 Silb.
332 2078 390 2111 ap.
414 2067 559 2100 Bentiv.
586 2087 629 2093 —
656 2072 760 2112 atque
785 2068 895 2110 adeo,
928 2066 996 2099 wie
1021 2066 1142 2114 magis
1170 2065 1260 2098 adeo
1286 2077 1335 2096 z
1359 2062 1562 2103 vielmehr5

78 2113 146 2146 wie
179 2114 219 2146 in
252 2114 325 2147 Pis.
353 2115 416 2149 18:
465 2110 524 2149 Tu
549 2126 596 2150 ne
623 2117 737 2150 etiam
762 2122 874 2160 atque
899 2115 992 2148 adeo
1026 2123 1108 2154 vos3
1146 2113 1298 2148 Verrin.
1325 2111 1398 2151 111,
1426 2111 1490 2145 46:
1517 2110 1565 2142 ad

13 2170 27 2209 3¹⁴
77 2162 232 2206 Apronii
266 2168 456 2207 quaestum
488 2164 563 2196 sive
598 2165 711 2206 Βάρος
759 2164 806 2198 ad
833 2165 994 2197 Herenn.
1022 2163 1084 2204 IV,
1109 2163 1173 2197 26:
1211 2167 1321 2205 atque
1353 2160 1446 2192 adeo
1471 2158 1564 2190 victi

14 2212 17 2243 ὲ
78 2216 177 2246 sunt.
229 2211 379 2246 Terent.
405 2210 518 2244 Andr.
553 2213 582 2252 1,
610 2215 643 2254 1,
674 2213 755 2250 135.
808 2213 888 2249 Cic.
915 2211 960 2245 de
987 2211 1093 2247 Orat.
1121 2211 1169 2249 II,
1195 2211 1230 2244 4.
1258 2220 1293 2242 u.
1320 2219 1348 2240 s.
1374 2208 1402 2241 f.
1430 2223 1473 2230 ———
1500 2205 1565 2238 hoc

76 2258 267 2302 postulare
309 2258 366 2292 ed.
404 2261 501 2293 Crat.
537 2260 675 2295 omisit.
710 2280 755 2286 —
794 2260 928 2294 Summ.
964 2270 1013 2296 er.
1047 2258 1163 2303 peric.
1201 2258 1225 2290 i.
1254 2268 1285 2289 e.
1311 2256 1566 2298 maximopere

16 2325 17 2348 ;
79 2307 318 2340 metuendum
344 2314 436 2342 erat.
465 2326 509 2333 ——
543 2307 639 2342 Huic
669 2310 726 2342 rei
750 2309 848 2345 subo.
878 2312 951 2349 est,
997 2307 1140 2340 diesem
1167 2305 1392 2338 schlimmcn
1418 2301 1566 2354 Han-del

16 2364 18 2366 ·
79 2355 205 2388 wurde
230 2355 351 2389 durch
376 2356 480 2390 mich
504 2355 746 2400 abgeholfen.
775 2375 818 2381 —
857 2356 1005 2390 liberal.
1038 2356 1080 2389 in
1114 2353 1202 2387 sehr
1235 2352 1429 2398 giinstiger
1452 2351 1566 2383 Stim-

16 2400 19 2443 ’,
80 2413 210 2446 mung.
271 2404 333 2437 Sic
359 2405 494 2449 Margo
526 2405 629 2438 Med.
659 2406 744 2438 CId.
772 2405 943 2438 Ambros.
972 2403 1056 2436 edd.
1084 2403 1185 2438 Crat.
1212 2401 1252 2434 in
1281 2411 1401 2444 marg.
1430 2397 1564 2431 Lamb-

83 2449 317 2485 Iibenlz'ssimo
333 2454 412 2489 Cet.
436 2453 508 2486 OR.
536 2471 581 2477 —
601 2454 798 2487 concordia
816 2453 841 2486 i.
860 2465 890 2486 e.
918 2452 961 2485 de
977 2450 1203 2486 concordiae
1219 2446 1496 2481 emolumentis.
1522 2463 1566 2469 —

19 2515 22 2545 Ξ
82 2497 259 2542 voluntas,
286 2501 349 2533 die
375 2501 632 2549 Geneigtheit‚
656 2502 722 2535 der
748 2507 835 2546 gute
860 2500 988 2537 Wille.
1015 2518 1060 2524 ——
1083 2500 1289 2543 perspecta,
1315 2496 1488 2529 erkannt.
1526 2511 1566 2517 -

84 2545 259 2580 Metellus
283 2548 356 2581 vid.
382 2549 490 2594 epist.
518 2550 622 2583 XIII.
649 2550 748 2584 XIV.
775 2568 820 2575 —
842 2552 969 2595 propt.
995 2548 1066 2581 diei
1093 2547 1201 2585 brev„
1227 2551 1271 2577 ut
1295 2544 1334 2576 in
1360 2544 1503 2577 bruma.
1520 2560 1567 2596 '—

82 2603 179 2635 Pffl‘l‘·
207 2599 271 2635 est,
300 2596 360 2630 die
384 2597 506 2631 Reihe
538 2598 624 2631 kam
663 2598 723 2639 ad,
750 2610 806 2631 an.
862 2592 966 2632 Uber
998 2596 1061 2629 das
1085 2594 1198 2628 Vei-b.
1231 2590 1460 2637 periphrast.
1488 2589 1565 2624 dac-

88 2644 188 2674 turus
213 2647 291 2676 erat
315 2655 341 2678 s.
370 2645 515 2682 Grotef.
542 2648 570 2690 §.
599 2646 676 2681 173.
726 2645 877 2682 Ramsh.
904 2647 933 2689 ξ.
964 2646 1040 2680 164.
1066 2642 1134 2677 111.
1186 2640 1295 2673 Anni.
1324 2642 1357 2679 1,
1385 2640 1441 2680 b.)

183 2692 237 2725 10·
275 2702 359 2735 65¹0,
384 2694 470 2727 Ern.
497 2706 592 2738 susp.
619 2704 722 2736 ergo.
748 2712 790 2720 -
818 2702 1034 2727 conservans
1059 2697 1103 2724 st.
1125 2687 1386 2726 conservando,
1414 2696 1569 2720 conser-

87 2738 204 2772 vanda
238 2741 383 2773 ratione
417 2749 486 2775 cet.
545 2742 746 2785 Dadurch,
794 2742 875 2776 dass
901 2740 967 2775 ich
997 2739 1158 2774 meinem
1184 2737 1281 2770 alten
1308 2733 1570 2780 Staatsgrund-

156 2819 215 2844 Cic.
237 2818 338 2846 Briefe
357 2829 386 2845 v.
406 2821 529 2848 Billerb.
568 2823 590 2848 Ι.
1080 2793 1107 2833 6
