1742 3006
185 79 277 129 478
457 80 518 123 Μ.
552 80 609 124 Τ.
641 77 988 124 CICERONIS
1027 79 1398 126 EPISTOLAE.

184 194 242 238 ad
284 206 411 237 suum
450 191 643 234 reditum
681 205 982 236 reservarem:
1031 192 1192 248 collegi
1231 193 1330 249 ipse
1369 207 1441 236 me
1491 198 1538 235 et
1572 207 1669 237 cum

183 251 283 307 ipsa
311 248 442 305 quasi
472 262 521 290 re
548 247 729 303 publica
756 249 1002 291 collocutus
1031 263 1157 302 sum,
1186 254 1237 291 ut
1264 249 1379 292 mihi
1407 254 1499 292 tam
1528 252 1671 294 multa

183 321 265 364 pro
293 320 341 348 se
367 318 580 360 perpesso
609 309 742 360 atque
771 305 1006 360 perfuncto
1047 305 1332 358 concederet,
1379 308 1429 348 ut
1468 305 1669 348 officium

182 377 327 406 meum
355 374 683 416 memoremque
711 361 759 402 in
778 363 885 403 bene
904 361 1092 404 meritos
1119 361 1314 404 animum
1334 361 1554 416 fidemque
1577 361 1668 404 fra-

182 420 267 461 tris
295 417 385 460 mei
412 421 706 473 praestarem,
739 430 945 473 eumque,
976 430 1102 472 quem
1132 419 1294 460 bonum
1325 417 1469 460 civem
1498 431 1670 473 semper

182 474 434 528 habuisset,
473 475 634 516 bonum
671 473 817 515 virum
856 487 953 515 esse
990 477 1226 528 pateretur.
1295 474 1353 515 In
1390 473 1484 516 illis
1524 478 1671 516 autem

181 531 292 573 meis
329 530 580 573 actionibus
619 528 939 585 sententiisque
979 530 1205 582 omnibus,
1254 543 1366 586 quae
1402 529 1668 584 Pompeium

180 587 444 630 videbantur
472 586 719 639 offendere,
750 590 972 627 certorum
997 585 1249 638 hominum,
1280 600 1391 642 quos
1419 586 1511 628 iam
1541 586 1671 629 debes

180 644 424 698 suspicari,
464 656 690 685 sermones
731 642 1039 684 referebantur
1082 642 1139 684 ad
1177 656 1272 684 me:
1311 642 1388 697 qui
1426 656 1560 697 quum
1589 641 1669 683 illa

181 700 399 742 sentirent
427 699 473 741 in
503 713 552 740 re
580 699 783 753 publica,
813 713 928 753 quae
953 712 1033 753 ego
1056 698 1261 752 agebam,
1292 712 1551 753 semperque
1571 711 1668 740 sen-

181 756 369 806 sissent3
411 769 481 797 me
509 758 657 796 tamen
685 768 774 796 non
804 754 1068 797 satisfacere
1098 754 1316 808 Pompeio
1347 754 1671 808 Caesaremque

180 811 542 854 inimicissimum
578 810 692 852 mihi
730 810 928 851 futurum
965 810 1161 866 gaudere
1208 824 1258 852 se
1298 810 1486 851 aiebant.
1555 810 1670 851 Erat

181 868 267 910 hoc
295 867 410 911 mihi
439 867 698 909 dolendum:
739 867 819 909 sed
846 868 984 909 multo
1014 867 1126 907 illud
1154 865 1322 921 magis,
1364 865 1482 920 quod
1519 865 1669 906 inimi·

180 939 281 966 cum
309 938 477 973 meum,
507 947 562 954 —-
597 937 744 965 meum
773 924 947 964 autem?
995 923 1132 964 immo
1170 935 1274 964 vero
1303 922 1449 976 legum
1478 920 1668 963 iudicio-

181 995 295 1033 rum,
325 980 408 1023 otii
437 979 626 1034 patriae,
657 980 872 1020 bonorum
896 979 1091 1020 omnium
1112 1002 1164 1009 -
1194 979 1262 1020 sic
1291 978 1667 1032 amplexabantur,

179 1038 248 1080 sic
275 1037 322 1078 in
350 1036 550 1078 manibus
580 1035 826 1087 habebant,
864 1035 932 1076 sic
961 1035 1192 1088 fovebant,
1232 1034 1300 1076 sic
1337 1048 1407 1075 me
1435 1038 1670 1088 praesente

180 1094 515 1144 osculabantur,
545 1105 633 1133 non
655 1091 723 1132 illi
743 1090 921 1144 quidem
940 1094 990 1131 ut
1009 1089 1122 1131 mihi
1150 1088 1427 1132 stomachum
1456 1089 1668 1140 facerent,

180 1164 310 1206 quem
339 1163 422 1203 ego
451 1147 651 1189 funditus
681 1146 886 1202 perdidi,
928 1147 1005 1190 sed
1044 1151 1166 1188 certe
1206 1151 1255 1187 ut
1295 1145 1444 1188 facere
1473 1159 1522 1187 se
1550 1145 1668 1187 arbi-

178 1357 231 1391 13.
259 1354 305 1389 ad
330 1355 476 1391 Divers.
504 1354 547 1395 V,
573 1354 630 1388 20.
657 1363 717 1386 ‘res
743 1357 793 1386 est
819 1353 856 1387 in
881 1353 1027 1394 integro
1053 1350 1099 1384 ad
1125 1350 1269 1384 Divers.
1298 1352 1345 1394 V,
1371 1352 1429 1386 20.
1458 1351 1564 1386 Orat.
1593 1352 1664 1395 111,

174 1406 214 1442 4.
263 1405 369 1438 Denn
397 1403 483 1436 eine
508 1412 568 1434 res
595 1402 687 1435 oder
715 1413 824 1435 causa
848 1402 995 1445 integra
1019 1400 1069 1433 ist
1095 1399 1179 1432 eine
1204 1399 1305 1433 noch
1339 1399 1665 1433 unentschiedene

174 1452 315 1493 sache,
342 1452 476 1486 womit
500 1461 590 1485 man
617 1462 655 1484 es
680 1451 757 1484 also
785 1450 886 1483 noch
911 1450 1035 1483 halten
1054 1448 1172 1490 kann,
1200 1448 1269 1481 wie
1291 1459 1376 1481 man
1397 1448 1484 1483 will.
1534 1447 1666 1481 Daher
1715 1471 1721 1476 f

177 1501 223 1534 de
248 1501 382 1535 Officc.
410 1500 460 1539 11,
485 1500 554 1534 232
585 1510 668 1534 rem
701 1500 893 1547 integram
925 1497 970 1531 ad
996 1496 1160 1531 reditum
1185 1507 1295 1530 suum
1319 1496 1424 1530 iussit
1449 1507 1528 1530 esse
1552 1508 1591 1534 u.
1619 1497 1664 1530 ad

174 1550 322 1586 DiverS.
349 1549 455 1588 XIII,
481 1548 519 1582 4:
550 1558 701 1582 causam
726 1548 917 1592 integram
944 1546 1057 1580 alicui
1075 1556 1289 1586 reservare3
1315 1545 1363 1578 ad
1387 1545 1505 1581 Attio,
1523 1546 1567 1587 V,
1595 1546 1660 1580 21:

174 1599 366 1644 integram
396 1608 479 1631 rem
510 1602 548 1629 et
581 1607 729 1630 causam
764 1595 974 1640 reliquerit.
1043 1594 1094 1627 Es
1128 1594 1263 1638 gebort
1297 1591 1431 1626 hieher
1464 1593 1559 1626 auch
1595 1592 1664 1626 der

175 1647 360 1681 ebenfalls
383 1645 599 1685 iuristische
622 1645 814 1678 Ausdruck
839 1645 876 1678 in
899 1644 1084 1685 integrum
1109 1642 1324 1682 restituere,
1348 1642 1388 1675 in
1409 1641 1539 1675 seinen
1563 1641 1663 1675 vori-

174 1707 246 1741 gen
273 1694 436 1728 Zustand
459 1701 593 1728 setzen.
619 1711 665 1718 --
691 1693 833 1736 collegi
857 1703 931 1735 me,
957 1692 1004 1724 da
1030 1690 1142 1723 nahm
1164 1689 1227 1723 ich
1245 1689 1349 1724 mich
1368 1701 1589 1724 zusammen.
1616 1707 1661 1715 --

174 1743 282 1788 quasi
307 1757 357 1774 z
382 1754 422 1776 so
449 1754 496 1777 zu
520 1753 647 1786 Sagen.
695 1742 770 1776 Ein
804 1741 931 1776 Wort
955 1751 1021 1775 zur
1054 1738 1280 1783 Milderung
1314 1738 1381 1772 der
1412 1738 1662 1772 Personifica-

171 1792 265 1825 tion.
292 1809 337 1816 —-
363 1801 533 1835 perpesso
559 1791 604 1824 de
630 1789 924 1831 calamitatibus,
955 1788 1156 1832 perfuncto
1189 1787 1234 1819 de
1271 1786 1462 1820 laboribus
1496 1798 1566 1832 pro
1599 1798 1661 1820 re-

173 1839 325 1886 publica
349 1839 540 1883 susceptis.
569 1858 615 1863 —
647 1849 801 1872 memor.
829 1838 962 1878 anim„
999 1835 1270 1868 Dankbarkeit.
1298 1853 1343 1860 —·
1372 1834 1487 1875 fidem
1513 1834 1662 1877 fratris

171 1892 420 1934 praestarem,
456 1887 539 1920 dass
565 1887 626 1920 ich
651 1886 750 1920 mich
779 1886 841 1919 des
869 1884 1147 1929 Versprechens
1184 1882 1373 1928 erledigen
1409 1882 1561 1925 diii-ste,
1596 1883 1659 1916 das

173 1937 275 1971 mein
301 1936 448 1970 Bruder
473 1936 536 1969 fiir
560 1935 664 1969 mich
689 1934 853 1979 gegeben
891 1933 1020 1972 hatte,
1059 1930 1169 1964 oder
1194 1931 1274 1964 dass
1299 1931 1363 1964 ich
1392 1931 1542 1964 meinen
1568 1931 1661 1965 Bru-

174 1986 241 2019 der
265 1985 331 2020 der
355 1985 421 2018 fiir
445 1982 552 2017 mich
577 1983 799 2028 geleisteten
825 1979 1057 2028 Biirgschaft
1092 1979 1304 2025 entledigen
1338 1979 1477 2013 diirfte.
1510 1978 1544 2013 S.
1570 1979 1600 2021 §.
1625 1980 1660 2014 9.

175 2045 298 2082 gegen
331 2032 449 2068 Ende.
484 2050 530 2056 —
569 2033 695 2065 bonum
728 2031 867 2072 virum,
906 2030 1012 2061 einen
1044 2027 1240 2061 ehrlichen
1274 2029 1410 2070 Mann,
1449 2027 1512 2073 qui
1546 2027 1660 2061 fidem

173 2082 358 2127 Pompeio
385 2081 432 2114 de
459 2081 616 2116 Caesare
642 2079 768 2113 datam
801 2083 980 2112 servaret.
1015 2076 1131 2111 ERN.
1159 2095 1204 2102 -—-·
1238 2077 1284 2110 In
1308 2089 1358 2108 z
1383 2087 1459 2111 was
1491 2075 1659 2120 anlangt,

174 2131 341 2173 betrifft3
368 2129 441 2164 wie
468 2129 595 2174 gleich
619 2128 790 2161 nachher
814 2127 854 2160 in
880 2125 1088 2169 republica,
1115 2127 1239 2159 wofiir
1263 2123 1546 2170 Martyni-Lag.
1570 2123 1656 2157 sch.

174 2180 217 2213 de
252 2178 522 2213 vermutheten.
573 2177 681 2211 Ohne
715 2175 836 2211 Noth.
872 2174 907 2208 S.
932 2172 1084 2208 Ramsh.
1110 2172 1147 2217 ᾗ.
1177 2174 1256 2208 150.
1285 2175 1319 2212 2,
1345 2173 1381 2206 b.
1416 2190 1462 2197 —
1494 2175 1657 2211 sentent„

176 2229 238 2261 die
263 2228 317 2262 im
342 2226 479 2261 Senate
512 2226 771 2272 abgegebenen
804 2222 1010 2262 Stirnmen,
1037 2228 1135 2256 vota.
1169 2240 1215 2247 —
1248 2225 1432 2255 certorum
1463 2217 1656 2258 hominum,

178 2277 355 2317 Catonis,
392 2275 536 2317 Bibuli,
576 2276 619 2308 L.
659 2272 842 2312 Domitii,
879 2271 943 2316 qui
979 2273 1175 2303 Caesarem
1209 2270 1376 2303 oderant.
1402 2287 1445 2293 —
1483 2268 1654 2309 refereb„

175 2324 473 2370 Martyni-Lag.
511 2324 602 2361 Sch.
628 2324 726 2357 Lun.
759 2320 1009 2363 afferebantur
1042 2325 1176 2352 contra
1206 2319 1292 2353 Md.
1326 2317 1471 2351 Potius:
1511 2316 1658 2357 desere-

176 2375 309 2407 bantur
335 2372 392 2406 vel
421 2372 722 2416 perfercbantur,
757 2375 800 2402 ut
826 2374 880 2401 est
904 2367 1002 2400 infra
1029 2369 1058 2412 §.
1085 2369 1146 2404 20.
1176 2366 1372 2401 ORELLI.
1402 2383 1446 2389 —-
1479 2364 1656 2398 inimicum

174 2433 306 2465 meum,
351 2420 543 2461 Clodium,
587 2431 694 2465 quem
730 2417 887 2451 oderant
920 2422 1047 2457 antea,
1086 2422 1188 2460 post,
1230 2427 1344 2460 quum
1378 2413 1445 2447 ille
1492 2412 1657 2445 Caesaris

175 2477 261 2503 acta
287 2471 412 2514 coepit
436 2479 665 2513 oppugnare,
693 2467 853 2510 diligere
880 2470 1099 2508 coeperunt.
1125 2464 1211 2497 Vid.
1235 2466 1339 2497 Orat.
1367 2461 1411 2495 de
1436 2471 1541 2506 prov.
1571 2470 1658 2494 con-

176 2519 244 2552 sul.
271 2530 302 2551 c.
330 2519 387 2552 20.
415 2517 598 2550 lenissime
613 2517 739 2558 seram
766 2519 838 2547 etc.
866 2512 998 2546 MAN.
1026 2531 1069 2536 —
1095 2522 1202 2546 meum
1226 2509 1362 2546 autem?
1395 2521 1467 2542 was
1493 2509 1567 2553 sag'
1592 2507 1654 2541 ich

177 2565 386 2599 meinen'?
416 2583 455 2590 —
484 2565 519 2598 in
546 2565 712 2597 manibus
736 2561 932 2601 habebant,
968 2560 1032 2593 auf
1059 2560 1129 2593 den
1155 2560 1316 2594 Ha'nden
1342 2565 1501 2602 trugen‚
1533 2562 1654 2601 gesta-

177 2615 278 2648 bant.
308 2634 351 2639 -——
377 2612 593 2647 stomachum
611 2613 764 2654 jacere,
798 2610 858 2642 die
893 2608 1001 2641 Galle
1034 2619 1120 2653 rege
1152 2607 1323 2643 macheu.
1358 2625 1406 2630 —
1436 2605 1583 2649 perdidi
1607 2616 1654 2634 Ξ

177 2675 250 2696 non
276 2663 438 2705 irascor,
475 2661 538 2694 sed
575 2661 692 2694 doleo.
754 2658 993 2702 Quinctilium.
1022 2659 1085 2698 VI,
1112 2657 1151 2692 4:
1186 2657 1279 2690 haec
1305 2661 1370 2689 aut
1396 2655 1519 2687 animo
1545 2654 1655 2687 Cato-

178 2712 232 2743 nis
268 2711 428 2743 ferenda
461 2716 561 2750 sunt,
596 2715 659 2742 aut
693 2707 890 2742 Ciceronis
923 2706 1128 2738 stomacho.
1164 2706 1226 2738 sed
1256 2708 1354 2737 certe
1381 2727 1389 2735 .
1415 2727 1423 2735 .
1451 2731 1459 2738 .
1495 2700 1654 2734 arbitra-

177 2763 321 2799 rentur,
358 2760 447 2791 aber
484 2758 651 2792 ossenbar
685 2755 785 2791 doch
819 2756 854 2788 in
889 2754 954 2788 der
989 2754 1145 2787 Absicht
1179 2753 1282 2787 mich
1315 2764 1358 2786 zu
1393 2750 1585 2784 erbittern.
1613 2763 1654 2770 --
