1742 3006
162 82 260 133 284
440 84 507 128 Μ.
539 83 595 128 Τ.
625 83 968 130 CICERONIS
999 87 1372 133 EPISTOLAE.

164 201 212 243 et
238 199 447 256 proxima
475 198 655 240 Italiae.
728 197 818 240 Sed
859 199 899 241 si
939 200 1141 244 offendet
1168 216 1238 246 me
1268 201 1361 245 loci
1390 203 1646 259 celebritas,

163 256 260 300 alio
287 270 358 300 me
387 253 638 304 conferam3
680 254 740 297 ad
769 259 815 297 te
844 256 1052 300 scribam.

383 451 703 497 EPISTOLA
732 452 942 498 LXXX.
1000 453 1078 502 (ad
1107 455 1198 499 Att.
1228 456 1314 498 III.
1333 453 1422 504 23.)

261 523 344 562 scr.
367 527 604 575 Dyrrhachii
627 531 724 576 prid.
750 532 832 566 Kal.
855 531 953 565 Dec.
979 530 1022 566 A.
1047 532 1091 569 U.
1115 532 1156 565 c.
1184 533 1268 570 696.
1318 532 1369 576 (a.
1397 532 1438 566 c.
1464 530 1543 574 58.)

154 593 314 629 Nuntiat
346 606 387 630 se
420 603 496 631 tres
528 597 576 631 ab
605 597 734 632 Attico
765 599 942 645 epistolas
976 599 1195 644 accepisses
1222 611 1332 634 unam
1366 600 1404 634 d.
1428 599 1534 633 V111.
1561 597 1643 634 Kal.

154 644 252 678 Nov.
287 643 436 689 datam3
478 645 638 680 alteram
670 647 733 681 die
772 659 848 681 non
890 647 1103 692 adscripto,
1144 648 1205 681 cui
1238 649 1294 682 sic
1329 647 1552 694 respondet,
1587 653 1642 688 ut,

153 703 251 737 quae
273 692 314 726 in
345 693 432 738 lege
464 695 598 727 salutis
632 706 718 728 suae
753 707 864 729 causa
891 707 913 729 a
937 694 1104 728 tribunis
1129 695 1251 741 plebis
1275 696 1517 742 promulgata
1543 695 1642 728 desi-

154 741 286 785 deret,
311 747 486 788 exponat.
512 743 603 777 1-4.
629 744 783 777 tertiam
808 744 906 790 prid.
932 743 982 777 id.
1007 745 1100 778 Nov.
1128 743 1275 786 datam,
1309 746 1414 780 cuius
1439 744 1641 779 occasione

529 790 670 826 iterum
695 805 779 827 suos
809 793 937 827 Attico
963 792 1210 827 commendat.
1235 793 1270 828 5.

661 860 850 896 CICERO
885 861 1069 897 ATTICO
1103 860 1140 895 S.

263 926 318 968 A.
348 925 391 968 d.
421 925 480 968 V.
509 926 617 971 Kal.
647 928 885 970 Decembr.
915 931 1008 970 tres
1049 928 1264 983 epistolas
1299 942 1328 971 a
1368 930 1414 971 te
1453 927 1639 984 accepi3

152 993 287 1023 unam
316 981 467 1024 datam
496 996 537 1025 a.
568 984 612 1025 d.
643 984 776 1026 VIII.
806 985 913 1026 Kal.
943 985 1211 1038 Novembr.,
1241 987 1289 1025 in
1317 999 1404 1040 qua
1432 1000 1503 1027 me
1533 985 1639 1027 hor·

152 1038 283 1090 tetris,
311 1042 361 1080 ut
381 1039 493 1080 forti
514 1040 663 1081 animo
684 1054 880 1082 mensem
900 1041 1158 1082 Ianuarium
1177 1046 1457 1096 exspectem:
1483 1054 1638 1095 eaque,

149 1107 266 1148 quae
295 1094 352 1134 ad
381 1108 504 1149 spem
533 1099 662 1151 putas
691 1097 941 1151 pertinere,
972 1097 1028 1138 de
1050 1097 1237 1138 Lentuli
1254 1098 1429 1150 studio,
1459 1098 1516 1139 de
1539 1097 1636 1138 Me-

146 1150 253 1190 telli
283 1150 540 1204 voluntate,
580 1151 637 1193 de
667 1156 764 1195 tota
791 1153 1002 1207 Pompeii
1033 1154 1231 1205 ratione,
1262 1154 1519 1208 perscribis.
1582 1153 1637 1193 In

147 1205 296 1246 altera.
341 1207 537 1260 epistola
575 1212 757 1261 praeter
796 1209 1165 1251 consuetudinem
1208 1214 1330 1250 tuam
1377 1210 1497 1250 diem
1547 1221 1636 1248 non

146 1261 394 1303 adscribis:
443 1263 525 1302 sed
564 1264 675 1305 satis
713 1264 947 1319 significas
985 1269 1176 1319 tempus.
1254 1265 1378 1320 Lege
1422 1266 1542 1306 enim
1582 1265 1636 1304 ab

147 1320 254 1358 octo
284 1318 478 1358 tribunis
509 1318 655 1372 plebis
684 1321 993 1374 promulgata,
1023 1322 1185 1361 scribis
1214 1324 1258 1362 te
1288 1335 1363 1362 eas
1393 1321 1552 1361 literas
1582 1333 1635 1360 eo

145 1372 249 1428 ipso
287 1373 364 1414 die
401 1374 605 1428 dedisse,
645 1375 695 1415 id
733 1380 822 1429 est,
863 1389 900 1416 a.
940 1376 982 1416 d.
1012 1376 1098 1418 IV.
1129 1376 1234 1417 Kal.
1266 1376 1535 1426 Novembr.3
1575 1379 1636 1427 et,

145 1428 259 1484 quid
288 1432 417 1484 putes
445 1431 662 1472 utilitatis
701 1444 799 1472 eam
829 1433 1236 1486 promulgationem
1265 1434 1497 1484 attulisse,
1536 1444 1637 1485 per-

144 1485 327 1527 scribis.
403 1485 457 1527 In
487 1501 576 1542 quo
605 1488 645 1528 si
675 1487 765 1528 iam
795 1487 909 1530 haec
938 1493 1095 1530 nostra
1134 1490 1256 1530 salus
1286 1503 1387 1530 eum
1416 1488 1504 1529 hac
1533 1488 1636 1540 lege

145 1541 386 1596 desperata
413 1543 526 1596 erit,
561 1544 701 1585 velim
731 1557 813 1598 pro
843 1548 920 1585 tuo
951 1545 999 1585 in
1027 1558 1098 1586 me
1128 1558 1280 1586 amore
1309 1545 1428 1585 hanc
1456 1545 1634 1583 inanem

143 1610 290 1639 meam
319 1598 605 1653 diligentiam
649 1600 956 1641 miserabilem
985 1602 1135 1654 potius
1165 1614 1298 1654 quam
1327 1602 1525 1653 ineptam
1554 1612 1633 1652 pu-

144 1655 242 1695 tes:
271 1654 342 1696 sin
371 1658 441 1696 est
469 1655 647 1710 aliquid
674 1656 796 1710 spei,
827 1656 906 1697 des
937 1669 1142 1710 operam,
1172 1661 1222 1697 ut
1244 1657 1415 1697 maiore
1436 1655 1629 1708 diligen-

141 1772 232 1809 sch.
256 1773 423 1809 Liinern.
458 1772 654 1807 ORELLI.
688 1791 734 1797 —-
768 1772 979 1816 celebritas,
1015 1773 1075 1806 die
1106 1772 1407 1818 Lehhaftigkeit.
1443 1792 1486 1796 —
1524 1773 1574 1806 ad
1598 1777 1631 1806 te

141 1821 302 1855 scribam
326 1823 407 1855 scil.
435 1833 518 1866 quo.
547 1825 580 1855 et
611 1822 661 1856 ad
689 1822 810 1867 Neap.
838 1823 940 1858 Crat.
971 1822 1104 1857 Lamb.
1131 1823 1225 1858 Ern.
1256 1823 1348 1857 Sch.
1373 1823 1470 1856 Liin.
1497 1827 1630 1855 contra

141 1869 226 1906 Md.
253 1869 449 1903 ORELLI.

242 1939 277 1971 1.
302 1936 350 1970 Α.
389 1937 422 1970 d.
461 1937 508 1971 V.
543 1937 632 1971 Kal.
667 1937 774 1981 Dec„
808 1940 877 1972 Am
908 1939 1018 1974 26ten
1049 1938 1276 1972 November.
1311 1955 1356 1962 —
1389 1948 1422 1970 a.
1450 1936 1486 1974 α’.
1515 1936 1624 1970 VIII.

141 1985 236 2020 Kal.
262 1985 374 2026 Nova,
410 1997 496 2019 vom
530 1987 642 2021 22ten
679 1986 856 2020 October.
892 2006 936 2012 -—-
967 1998 1072 2020 mens.
1099 1988 1179 2020 Ian.
1228 1988 1299 2019 Am
1330 1992 1455 2018 ersten
1491 1986 1627 2019 Ianuar

138 2039 266 2068 traten
291 2034 468 2067 Lentulus
494 2034 571 2068 und
595 2034 772 2068 Metellus
798 2036 857 2068 ihr
885 2036 1060 2069 Consulat
1085 2047 1153 2077 an,
1190 2035 1266 2069 und
1293 2036 1358 2068 der
1392 2040 1487 2067 erste
1522 2033 1628 2066 hatte

138 2082 410 2127 versprochen‚
437 2083 592 2116 alsdann
620 2083 744 2116 sofort
769 2085 934 2119 Cicero's
960 2084 1081 2116 sache
1107 2084 1160 2116 ini
1186 2083 1320 2116 Senaie
1346 2093 1389 2116 zu
1414 2082 1626 2115 beu-eiben:

137 2142 217 2166 was
243 2142 285 2164 er
309 2130 492 2164 wirklich
519 2132 615 2164 auch
641 2132 734 2164 that.
762 2151 806 2156 —
832 2132 876 2165 (le
901 2132 1051 2165 Metelli
1074 2134 1146 2166 vol.
1182 2144 1202 2164 a
1235 2132 1420 2166 Cicerone
1447 2142 1519 2163 non
1547 2141 1625 2162 ain·

138 2179 240 2223 plius
265 2179 396 2212 aliena.
430 2180 635 2214 MANUT.
670 2179 759 2215 Vid.
794 2191 855 2225 ep.
886 2181 1091 2220 LXXVIII,
1125 2183 1157 2215 2.
1209 2199 1252 2203 —-
1301 2180 1446 2213 ratione
1478 2177 1625 2223 agendi.

138 2227 369 2261 Verfahren.
395 2246 439 2251 —-
466 2228 577 2267 diem,
604 2229 667 2261 das
693 2229 845 2263 Datum.
874 2248 915 2252 —
943 2230 987 2261 ab
1015 2233 1095 2262 octo
1123 2228 1208 2261 trib.
1233 2229 1284 2271 pl.
1311 2228 1509 2261 veteribus.
1537 2227 1622 2260 Vid.

137 2275 171 2318 ἒ.
197 2277 235 2311 2.
261 2295 305 2301 -—
341 2276 488 2311 scribis,
517 2276 588 2309 del.
615 2277 746 2310 scribis
771 2278 918 2311 Ernest.
946 2277 1042 2310 coni.
1069 2277 1223 2313 Selii'ttz.
1251 2278 1407 2310 Liinern.
1435 2274 1569 2308 scribis
1593 2278 1627 2307 {e

136 2333 221 2357 eam
239 2334 280 2357 eo
297 2323 379 2367 ipso
405 2325 536 2358 Lamb.
566 2325 763 2360 ORELLI.
790 2325 923 2359 scribis
949 2325 1200 2369 'uber-flussig,
1228 2324 1271 2357 du
1288 2324 1489 2367 pov-scribis
1506 2323 1621 2368 folgt.

138 2389 184 2397 -—
211 2383 246 2406 α.
273 2372 306 2405 d.
331 2371 406 2410 1V.
432 2372 519 2405 Καί.
549 2372 663 2411 Nom,
690 2386 750 2407 am
768 2375 880 2409 29ten
897 2374 1075 2408 October.
1105 2394 1138 2399 —
1174 2374 1365 2416 desperata
1382 2373 1466 2405 erit.
1514 2373 1622 2404 Denn

138 2419 207 2453 der
230 2421 373 2465 Antrag
400 2420 468 2453 der
491 2415 682 2454 Tribunen
709 2423 799 2467 ging
836 2422 948 2455 nicht
981 2422 1122 2462 durch,
1155 2423 1242 2454 weil
1277 2420 1337 2453 ein
1368 2432 1437 2453 von
1470 2418 1623 2454 Clodius

137 2478 393 2512 gewonnener
418 2468 588 2510 Tribun,
626 2470 763 2503 Lucius
789 2469 954 2514 Sextius,
987 2470 1064 2503 sein
1092 2471 1193 2502 Veto
1221 2469 1406 2514 eingelegt
1430 2467 1549 2502 hatte.
1577 2486 1617 2491 —

136 2527 256 2550 meam
286 2517 532 2559 diligentiam,
566 2518 690 2551 meine
724 2519 946 2563 sorgfaltige
972 2518 1241 2561 Beurtheilung
1269 2518 1333 2549 der
1359 2517 1440 2549 drei
1464 2517 1620 2557 Panem,

135 2576 281 2598 woraus
314 2565 382 2598 der
413 2567 553 2610 Antrag
585 2566 653 2599 der
686 2567 873 2599 Tribunen
907 2567 1074 2600 bestand.
1109 2585 1153 2590 -—-
1185 2565 1447 2608 miserabilem,
1475 2564 1621 2598 miseri-

137 2613 269 2646 cordia
303 2614 466 2659 dignam.
504 2632 546 2638 —
581 2614 742 2657 ineptam
767 2630 815 2646 :t
840 2615 1086 2655 irridendam,
1119 2615 1188 2646 wie
1224 2620 1339 2647 unten
1373 2613 1403 2655 ᾗ.
1433 2614 1466 2647 l1.
1500 2624 1621 2657 gegen

138 2661 204 2694 das
230 2661 346 2695 Ende.
376 2680 423 2686 —
448 2661 504 2694 sin
529 2666 578 2695 est
597 2663 735 2706 aliquid
758 2664 855 2705 spei,
882 2665 928 2696 ist
949 2664 1037 2696 aber
1063 2662 1232 2706 irgend
1259 2661 1409 2706 einige
1426 2662 1619 2704 Hofsnnng

137 2710 242 2742 noch
277 2710 399 2755 iihrig.
438 2712 472 2742 S.
508 2710 659 2743 Grates.
694 2711 724 2753 ᾖ.
760 2714 840 2746 293.
880 2710 1083 2756 Zumpt-„Q
1119 2713 1198 2745 137.
1232 2711 1384 2744 Ranish.
1418 2709 1445 2752 ἓ.
1475 2712 1557 2751 160,
1581 2711 1618 2750 2,

137 2759 226 2794 Not.
252 2759 285 2795 5.
313 2777 356 2784 —
390 2758 533 2793 „miore
558 2759 687 2802 dilig„
713 2761 783 2793 mit
807 2762 999 2806 grosserer
1024 2760 1277 2804 Uberleguug.
