1742 3006
197 94 292 144 206
474 92 537 136 Μ,
569 92 624 135 Τ.
658 88 999 134 CICERONIS
1028 83 1405 135 EPISTOLAE.

198 214 404 254 auctores
433 219 486 249 ac
515 205 689 257 socioS,
720 203 848 245 nullo
879 203 1165 256 adversario,
1195 214 1544 252 consenescere;
1574 215 1677 245 con-

197 268 448 311 sensionem
476 262 789 313 universorum
811 273 894 302 nec
912 259 1161 302 voluntatis
1185 272 1268 300 nec
1291 259 1510 301 sermonis
1539 260 1677 302 maio·
1733 284 1738 298 ,

199 337 293 367 rem
321 332 514 374 unquam
542 315 694 359 fuisse.
750 316 844 359 Nos
866 319 1014 357 autem
1041 337 1096 344 —-
1123 328 1225 356 nam
1244 315 1294 356 id
1314 319 1358 357 te
1379 315 1498 357 scire
1516 324 1678 369 cupere

197 383 323 422 certo
353 377 449 417 scio
477 396 534 404 --
560 373 755 429 publicis
786 373 992 414 consiliis
1011 371 1150 413 nullis
1169 372 1441 414 intersumus
1471 374 1592 413 totos
1625 384 1679 413 ue

198 448 280 478 nos
317 431 377 475 ad
424 430 650 472 forensem
695 442 878 483 operam
924 428 1210 484 laboremque
1250 428 1535 470 contulimus.
1647 440 1680 468 x
1734 464 1737 469 ,

198 504 311 546 quo,
355 486 475 543 quod
505 486 642 528 facile
673 485 875 539 intelligi
902 484 1071 539 possit,
1109 485 1158 525 in
1186 485 1331 526 multa
1359 495 1679 526 commemora-

198 549 323 589 tione
351 557 504 586 earum
535 556 709 594 rerum,
749 553 860 595 quas
898 540 1141 594 gessimus,
1179 540 1499 594 desiderioque
1526 552 1678 581 versa—

199 616 314 645 mur.
372 599 462 642 Sed
494 597 686 651 βοώπιδος
715 600 894 638 nostrae
925 595 1278 651 consanguineus
1307 610 1395 638 non
1425 595 1679 637 mediocres

199 664 396 701 terrores
435 655 548 695 iacit
577 657 711 708 atque
742 651 1000 706 denuntiat,
1041 656 1087 693 et
1123 651 1478 706 Sampsiceramo
1520 656 1679 706 negat3
1729 657 1742 671 ·’

199 715 364 756 ceteris
394 723 502 766 prae
530 723 577 751 se
607 708 698 750 fert
720 713 764 750 et
784 710 992 749 ostentat.
1053 707 1376 760 Quamobrem,
1405 708 1444 748 si
1465 721 1535 748 me
1557 721 1680 748 amas

198 774 396 821 tantum,
426 770 640 821 quantum
660 764 864 820 profecto
886 776 1033 805 amas:
1064 764 1103 804 si
1123 763 1308 816 dormis,
1339 764 1678 818 expergiscere3

200 828 239 869 si
263 829 377 877 stas,
406 821 667 878 ingredere3
697 821 736 862 si
757 820 1034 874 ingrederis,
1066 833 1221 869 curre5
1252 820 1291 860 si
1312 819 1471 870 curris,
1501 818 1678 860 advola.

200 880 434 924 Credibile
463 892 552 919 non
582 880 672 930 est,
702 880 915 932 quantum
946 889 1029 930 ego
1059 876 1106 916 in
1136 875 1343 916 consiliis
1373 877 1418 916 et
1441 874 1681 930 prudentia

199 943 300 991 tua,
330 935 452 992 quod
478 934 725 975 maximum
755 935 845 985 est,
875 935 1091 987 quantum
1119 931 1167 971 in
1195 944 1346 972 amore
1390 934 1435 972 et
1468 929 1562 971 fide
1600 945 1679 986 po·
1736 954 1740 958 ·

199 1008 317 1036 nam.
391 989 658 1045 Magnitudo
688 989 756 1030 rei
784 989 961 1042 longam
990 987 1240 1028 orationem
1270 986 1462 1038 fortasse
1501 987 1679 1028 deside-

202 1054 293 1093 rat:
333 1046 592 1090 coniunctio
621 1058 730 1086 vero
760 1050 1016 1085 nostrorum
1044 1044 1292 1085 animorum
1322 1043 1544 1084 brevitate
1575 1056 1680 1084 con-

201 1110 327 1148 tenta
355 1108 433 1146 est.
492 1101 738 1154 permagni
767 1104 922 1141 nostra
950 1100 1162 1153 interest,
1193 1104 1264 1151 te,
1294 1099 1333 1139 si
1363 1099 1561 1140 comitiis
1591 1111 1680 1140 non

201 1162 427 1218 potueris,
473 1163 543 1212 at,
599 1157 830 1198 declarato
882 1156 991 1208 illo,
1049 1169 1145 1198 esse
1183 1154 1370 1196 Romae.
1450 1155 1593 1208 Cura,
1631 1159 1682 1195 ut

199 1220 366 1262 valeas,

200 1337 318 1371 findet
343 1335 423 1369 sich
449 1343 519 1367 nur
543 1333 598 1366 im
617 1331 705 1366 eod.
723 1333 917 1373 Tornaes„
943 1332 981 1364 in
1008 1331 1079 1364 den
1105 1330 1242 1364 andern
1269 1330 1316 1363 ist
1332 1334 1415 1373 post
1433 1330 1680 1375 ausgelassen,

202 1386 266 1420 das
298 1384 397 1418 nach
434 1381 614 1417 Lambins
648 1379 854 1416 Vermuth.
893 1391 959 1413 aus
991 1383 1077 1424 puto
1110 1379 1217 1412 sollte
1252 1378 1471 1412 entstanden
1506 1379 1598 1412 sein.
1635 1399 1680 1405 —-

202 1435 299 1468 nullo
339 1431 555 1466 adversario
580 1443 626 1459 =
654 1440 769 1474 quum
802 1439 911 1462 nemo
945 1428 1181 1467 adversetur,
1231 1426 1406 1461 wiewohl
1430 1427 1572 1460 Keiner
1597 1427 1681 1461 sich

203 1483 317 1516 ihnen
352 1487 536 1526 entgegen
570 1484 676 1512 setzt.
727 1497 770 1502 —
823 1487 1073 1510 consenescere
1114 1476 1224 1512 bildl.
1258 1490 1309 1507 :z
1341 1475 1468 1519 frangi
1499 1476 1680 1521 incipere,

203 1530 382 1565 schweich
408 1541 450 1563 zu
477 1527 626 1569 werden
660 1526 855 1569 anfangen.
893 1544 937 1550 --
974 1535 1036 1558 nec
1059 1524 1130 1558 vol.
1159 1535 1222 1557 nec
1247 1535 1367 1565 serm„
1395 1524 1518 1557 weder
1542 1525 1580 1557 in
1607 1525 1680 1557 Ge-

204 1580 427 1623 shmungen,
453 1576 554 1610 noch
580 1574 724 1612 Reden.
775 1574 860 1607 Asc.
889 1576 921 1609 1.
949 1574 1049 1609 Crat.
1077 1583 1139 1606 nec
1164 1573 1347 1605 voluntate
1371 1582 1436 1605 nec
1459 1583 1632 1606 sermone.

295 1647 330 1681 3.
365 1645 444 1680 Nos
470 1648 531 1677 aut
558 1671 566 1678 .
594 1668 602 1677 .
629 1668 636 1675 .
665 1640 890 1682 contulimus,
920 1641 990 1673 wie
1015 1652 1073 1683 ep.
1102 1639 1275 1681 XLVIII,
1302 1640 1344 1673 3.-
1384 1639 1475 1673 Rem
1495 1640 1681 1683 publicam

202 1701 276 1729 cet.
304 1711 349 1718 ——
393 1692 588 1734 desiderio,
621 1691 660 1723 in
688 1690 756 1722 der
781 1688 992 1722 Schnsucht
1017 1689 1099 1721 iene
1125 1688 1234 1721 Rolle
1259 1686 1359 1720 noch
1386 1699 1433 1721 zu
1457 1688 1610 1733 spielen.
1638 1707 1679 1713 ——

201 1737 434 1789 βοώπιδος
461 1742 510 1782 (v.
536 1741 601 1785 Ep.
629 1736 780 1776 XXXV,
811 1738 850 1778 l)
878 1747 1049 1779 consang.
1077 1737 1099 1770 i.
1129 1747 1159 1768 e.
1185 1736 1305 1769 frater
1332 1736 1499 1773 Clodius.
1526 1755 1570 1762 —-·
1603 1741 1680 1770 ter-

202 1800 308 1825 rores
333 1789 442 1831 iacit,
485 1799 526 1820 er
560 1786 775 1821 schleudert
801 1785 1080 1818 fiirchterliche
1106 1784 1226 1819 Blitze
1253 1781 1372 1828 (βέλη)
1398 1785 1466 1822 {tuf
1488 1795 1576 1827 une,
1608 1786 1681 1819 mi-

201 1840 350 1873 nitatur
374 1836 496 1876 nobis‚
524 1847 596 1869 nec
623 1834 771 1868 desistit
795 1832 838 1867 de
864 1833 975 1866 nobis
993 1833 1195 1879 asperrime
1217 1832 1332 1878 loqui.
1385 1834 1418 1866 S.
1438 1844 1495 1878 ep.
1512 1834 1681 1877 XLVIII,

203 1890 238 1924 2.
266 1889 386 1931 Aeque
409 1897 459 1917 Ξ.-
483 1884 561 1918 und
586 1895 705 1928 sogar.
748 1902 792 1907 —
843 1881 1047 1923 denuntiat,
1075 1893 1115 1914 er
1141 1881 1257 1914 droht
1282 1881 1352 1914 mit
1375 1880 1477 1914 noch
1504 1882 1679 1915 Mehrem

203 1937 319 1969 n'ziml.
347 1941 522 1975 terrores,
547 1932 729 1978 pericula,
755 1931 824 1963 wie
850 1942 908 1975 ep.
936 1930 1064 1970 XLVI,
1093 1931 1126 1965 2.
1171 1948 1217 1954 —-
1268 1933 1302 1962 el
1327 1943 1377 1960 Ξ
1409 1935 1445 1962 et
1470 1936 1608 1963 tamen.
1635 1949 1679 1955 -—

202 1985 344 2028 Samps.
370 1985 496 2024 negat,
523 1992 643 2029 gegen
668 1979 865 2024 Pompeius
890 1979 1039 2022 leugnet
1065 1989 1106 2011 er
1129 1977 1239 2011 Alles.
1300 1977 1507 2019 (Namlich,
1533 1978 1614 2011 dass
1639 1991 1682 2012 er

204 2043 322 2078 gegen
355 2030 460 2064 mich
486 2040 524 2063 so
552 2029 747 2072 feindselig
773 2027 861 2060 rede
887 2027 964 2060 und
989 2025 1154 2068 handle.)
1205 2025 1478 2071 Wessvvegen?
1511 2037 1539 2060 s.
1567 2029 1678 2072 epist.

203 2081 379 2122 XhVIII,
407 2081 439 2114 2.
465 2097 509 2103 -
537 2081 607 2112 cet.
627 2087 720 2122 prae
744 2086 783 2109 se
796 2076 883 2117 fert
910 2077 945 2108 et
970 2079 1134 2117 ostentat,
1171 2074 1244 2107 den
1270 2067 1435 2120 Ubrigen
1463 2074 1614 2123 gesteht
1639 2087 1680 2108 er

204 2141 242 2163 es
268 2129 345 2162 laut
371 2127 446 2160 und
471 2126 599 2160 macht
624 2126 707 2159 sich
734 2124 839 2158 noch
866 2123 965 2156 hreit
991 2122 1119 2156 damit.
1147 2141 1192 2148 -
1216 2122 1249 2155 si
1273 2133 1325 2156 me
1351 2134 1453 2156 amas
1478 2129 1563 2162 cet„
1597 2123 1680 2158 eine
1715 2127 1722 2134 ⁸

203 2175 622 2220 Betheurungsformel,
666 2174 734 2207 wie
760 2185 817 2218 ep.
845 2172 986 2213 XLVI,
1013 2172 1045 2205 5.
1096 2171 1158 2204 sie
1185 2171 1438 2204 bildet'einen
1466 2172 1678 2205 Zwischem

204 2233 301 2266 satz,
341 2224 518 2257 wiihrend
554 2224 621 2256 der
653 2224 857 2267 Hauptsatz
892 2231 931 2253 so
967 2219 1129 2252 ablauft:
1182 2220 1427 2259 Quamobrem,
1454 2220 1599 2262 sistas,
1625 2221 1680 2253 in-

203 2274 362 2318 gredere
386 2278 460 2306 cet.
487 2290 531 2296 —-
565 2271 658 2315 quod
680 2280 777 2303 mas.
808 2271 888 2302 Asc.
915 2270 948 2304 2.
976 2270 1075 2301 Crat.
1103 2269 1231 2301 Lamb.
1259 2268 1435 2312 quodque,
1468 2286 1510 2292 —
1560 2271 1680 2311 quant.

204 2333 272 2365 ego
299 2321 335 2355 in
362 2345 370 2353 .
397 2345 405 2353 .
435 2345 442 2353 .
468 2330 623 2363 ponam,
676 2318 805 2351 welch’
840 2318 900 2350 ein
929 2316 1106 2350 Gewicht
1140 2316 1312 2362 ich-'lege
1339 2317 1403 2350 auf
1430 2343 1437 2350 .
1466 2340 1474 2348 .
1502 2340 1527 2356 .,
1554 2315 1682 2348 welch’

203 2372 266 2404 ein
292 2379 435 2414 grosses
461 2368 668 2401 Vertrauen
693 2367 758 2399 ich
785 2372 882 2398 setze
909 2365 972 2398 auf
994 2375 1029 2397 u.
1057 2377 1082 2397 s.
1112 2377 1159 2397 w.
1210 2365 1314 2399 Uber
1336 2374 1470 2408 ponere
1495 2363 1532 2396 in
1558 2375 1589 2396 c.
1618 2365 1683 2397 ab·

202 2419 265 2453 lat.
292 2431 319 2453 s.
347 2417 499 2451 Ramsh.
526 2419 554 2461 §.
585 2418 664 2453 150,
694 2417 725 2450 2.
753 2415 810 2453 112,
837 2426 868 2446 a.
896 2414 1033 2458 Zumpt
1058 2414 1085 2456 §.
1113 2414 1193 2447 459.
1220 2432 1264 2437 —-
1292 2413 1440 2454 longam
1467 2413 1681 2451 orationem,

205 2467 319 2502 mulla
345 2466 476 2505 verha3
504 2465 692 2505 brevitate,
718 2462 848 2507 paucis
876 2462 1008 2495 verbis.
1035 2480 1078 2485 -—
1107 2461 1265 2494 comitiis
1290 2459 1519 2502 tribunitiis,
1547 2461 1680 2505 quibus

207 2515 362 2550 Clodius
387 2514 559 2547 tribunus
587 2512 820 2544 declaratum
855 2510 902 2543 iri
936 2510 1094 2543 videtur.
1122 2529 1166 2534 -—
1203 2510 1387 2543 declarato
1413 2508 1493 2547 illo,
1523 2510 1563 2542 P.
1595 2509 1678 2542 Clo-

206 2564 289 2605 dio,
331 2574 437 2596 wann
472 2573 513 2594 er
540 2561 647 2594 sollte
681 2570 766 2592 zum
800 2559 946 2591 Tribun
979 2564 1133 2590 ernannt
1160 2559 1240 2591 sein
1279 2558 1314 2590 d.
1341 2557 1365 2590 i.
1393 2557 1510 2590 bevor
1536 2567 1576 2590 er
1600 2557 1678 2590 sein

205 2613 391 2645 Tribuuat
425 2608 603 2644 wirklich
637 2607 781 2641 anti-itt.
821 2608 908 2651 Vgl,
935 2618 990 2651 ep.
1018 2607 1076 2648 48,
1105 2608 1139 2642 5.
1168 2626 1214 2632 -
1238 2610 1275 2639 ut
1302 2605 1447 2647 valcas,
1474 2607 1553 2638 Asc.
1584 2607 1612 2639 1.
1645 2606 1677 2640 2.

207 2662 307 2696 Crat.
343 2659 424 2693 add.
453 2659 503 2691 mz'
528 2656 737 2691 suavissime
763 2655 896 2688 Amice.
