1742 3006
559 32 873 77 EPISTOLA
905 36 1093 80 CLXX.
1463 35 1554 82 565

73 147 206 197 Quod
236 147 305 187 ius
334 149 502 187 statues
531 159 742 188 commum
773 159 1040 194 DlvanNDO,
1069 161 1202 203 quum
1226 160 1452 189 commune
1483 150 1548 189 ni-

73 203 140 243 hil
171 201 313 257 possit
341 215 435 242 esse
465 200 583 255 apud
622 215 711 248 cos,
760 201 839 257 qui
882 202 1030 243 omnia
1068 205 1301 259 voluptate
1340 216 1420 244 sua
1459 217 1547 244 me-

9 261 14 281 '·
72 260 270 300 fiuntur?
328 256 564 306 Quomodo
607 261 755 299 autem
785 257 869 299 tibi
898 258 1110 312 placebit,
1149 259 1299 301 Iovem
1328 258 1547 300 Lamum

72 315 235 360 iurare,
282 325 416 367 quum
451 311 582 358 scias,
631 313 782 354 Iovem
821 312 985 354 iratum
1032 328 1125 356 esse
1174 313 1340 356 nemini
1391 315 1549 369 posse?

11 395 13 402 ι
71 368 195 419 Quid
255 367 336 408 fiet
389 379 525 422 porro
586 369 750 422 populo
807 369 1061 415 Ulubrano,
1116 369 1156 410 si
1217 374 1265 411 tu
1322 369 1547 415 statueris,

68 421 346 465 πολιτεύεσθαι
374 435 460 463 non
489 425 719 477 oportere?
775 424 926 474 Quare
964 423 1005 464 si
1035 425 1165 479 plane
1205 438 1230 464 a
1269 424 1398 466 nobis
1435 424 1545 466 defi-

70 480 149 525 cis,
177 479 364 520 moleste
395 477 516 519 fero:
561 478 632 519 sin
672 480 844 521 Pansae
890 480 1109 521 assentari
1148 480 1426 522 commodum
1464 484 1545 527 est,

68 535 265 590 ignosco.
321 533 460 574 Modo
489 534 636 575 scribe
665 534 905 589 aliquando
936 535 992 576 ad
1023 549 1117 583 nos,
1159 535 1269 592 quid
1300 548 1405 591 agas
1435 540 1481 577 et
1521 548 1546 576 a

5 595 11 606 ⁵
66 589 193 633 nobis
221 588 330 645 quid
360 589 464 632 fieri
489 594 565 631 aut
595 590 746 633 curari
775 590 904 633 velis.

66 761 174 789 erant
197 753 291 788 haec
320 752 406 789 Quis
434 779 442 786 .
470 780 477 786 .
505 779 512 786 .
540 763 651 788 cama
689 766 709 787 a
734 754 825 790 G2d.
879 746 1051 796 Man‘utii,
1078 754 1208 800 probb.
1237 754 1327 790 sch.
1354 761 1390 789 et
1416 754 1545 789 Rostio

3 830 5 853 ;
64 805 169 847 Spec.
207 805 236 836 l.
262 813 299 847 p.
328 804 382 836 12.
419 802 592 836 Fortasse
630 802 704 835 del.
733 807 798 845 est,
834 809 876 837 ut
911 803 978 837 sit:
1035 805 1121 838 Quis
1159 803 1252 836 enim
1289 803 1387 844 (scil.
1425 803 1545 846 „bene

2 860 6 892 ξ
64 852 234 898 aget“?).
272 848 467 884 ORELLI.
519 850 598 882 Zur
631 849 751 883 sache
788 851 864 897 vgl.
899 851 945 885 de
985 850 1134 884 Finibb.
1167 851 1217 892 ΙΙ,
1245 852 1301 890 16,
1333 849 1364 893 §.
1390 852 1543 887 53—60.

0 894 7 932 l
66 918 107 924 —
137 898 302 933 COMM.
330 897 513 938 D1VJD.,
541 898 606 930 fiir
631 897 692 930 die
719 897 915 946 Theilung
941 899 1040 932 eines
1068 898 1331 946 Gemeinguts.
1375 897 1412 932 S.
1450 899 1544 931 Pan·

0 967 4 977 2
63 947 160 980 dect.
186 947 231 987 X,
257 945 315 980 tit.
344 948 378 981 3.
412 946 519 979 Verr.
556 945 608 987 11,
634 946 681 980 46
707 957 740 977 u.
768 947 825 982 53.
863 947 894 988 1,
920 947 976 982 38.
1029 965 1072 970 —
1124 947 1221 990 apud
1253 949 1326 988 eos,
1363 946 1426 990 qui
1457 946 1491 982 d.
1519 946 1543 980 i.

0 1008 5 1022 ι’
63 994 162 1040 apud
188 994 405 1038 Epicureos.
435 1013 475 1018 —-
513 1004 606 1026 omn.
632 994 763 1036 volupt.
790 1004 857 1027 sua
882 998 964 1026 met.
994 1005 1022 1027 s.
1051 994 1201 1028 Ramsh.
1228 993 1256 1035 ἕ.
1286 995 1366 1036 143,
1392 995 1426 1029 3.
1475 994 1545 1028 Die

0 1040 5 1075 Ῐ.
63 1042 262 1088 Epikurer
297 1047 443 1075 setzten
477 1041 517 1074 in
543 1040 606 1073 die
629 1036 744 1083 ἡδονή
771 1040 835 1074 das
861 1041 1020 1075 hochste
1047 1042 1135 1075 Gut.
1165 1062 1206 1068 —
1240 1040 1343 1076 lor.
1369 1041 1482 1075 LAP.
1509 1041 1543 1074 d.

0 1088 5 1116 f
64 1091 86 1123 i.
114 1090 174 1123 bei
199 1090 270 1124 der
294 1089 512 1123 steinernen
545 1087 672 1122 Statue
706 1088 770 1122 des
805 1089 982 1134 Iupiter-s,
1016 1089 1109 1123 oder
1144 1089 1272 1122 indem
1309 1100 1396 1122 man
1430 1088 1542 1123 einen

0 1132 5 1171 r·
62 1138 169 1173 Stein
194 1138 233 1170 in
259 1137 327 1172 der
353 1137 462 1170 Hand
486 1136 568 1170 halt
593 1136 670 1169 und
694 1136 865 1181 spricht:
917 1136 986 1179 „Si
1020 1137 1140 1171 sciens
1172 1137 1282 1179 sallo,
1316 1143 1396 1170 tum
1434 1137 1541 1181 Iupi-

0 1191 4 1223 ξ
61 1192 121 1220 ter
146 1212 155 1221 .
184 1211 193 1218 .
218 1196 278 1218 me
304 1185 410 1219 bonis
437 1185 578 1225 eiiciat,
612 1184 669 1217 uti
702 1195 771 1231 ego
804 1184 906 1218 hunc
930 1184 1108 1229 lapidem.
1159 1184 1197 1218 S.
1230 1184 1378 1219 Gellius
1416 1184 1448 1228 I,
1481 1187 1539 1220 21.

0 1232 3 1252 ³
62 1234 142 1268 Liv.
171 1234 266 1275 XXI,
293 1234 348 1268 45.
375 1232 472 1267 Fest.
500 1232 540 1266 in
566 1245 600 1265 v.
629 1231 814 1276 Lapidem.
852 1251 892 1257 -
932 1232 1081 1267 iratum.
1122 1233 1233 1267 Denn
1274 1232 1336 1266 die
1361 1243 1433 1267 von
1460 1232 1542 1265 kei-

0 1315 3 1324 ,
61 1294 130 1316 net·
155 1281 423 1316 Leidenschast
446 1280 732 1327 beunruhigten
758 1280 896 1315 G'o'tter
929 1283 1074 1315 ziirnen
1110 1280 1208 1314 nach
1250 1280 1319 1314 der
1353 1280 1540 1326 Epikuri-

59 1330 175 1364 schen
201 1329 447 1375 Philosophie
473 1328 594 1369 nicht,
629 1328 878 1362 bekiimmern
905 1327 987 1362 sich
1013 1341 1075 1362 um
1101 1328 1214 1364 Welt
1238 1328 1315 1362 und
1340 1327 1542 1362 Menschen

0 1385 2 1391 '
60 1378 183 1419 nicht,
218 1376 381 1412 sondern
406 1377 602 1425 geniessen
627 1378 869 1421 ungcstiirter
882 1376 1029 1410 Frende
1046 1390 1080 1411 u.
1096 1379 1229 1410 Masso.
1279 1375 1317 1411 S.
1346 1376 1465 1410 Cicer.
1495 1376 1541 1410 de

0 1425 2 1438 “
60 1427 338 1468 1⁴*inibb.11,31,
360 1428 427 1460 115
452 1437 509 1458 am
539 1424 658 1458 Ende.
685 1444 731 1450 —
759 1425 854 1460 Quid
872 1423 938 1464 fiet
961 1436 1046 1469 pop.
1095 1424 1285 1459 Ulubrano
1317 1425 1363 1465 (s.
1389 1423 1538 1458 Ramsh.

0 1475 1 1486 ¹
58 1477 87 1518 §.
118 1475 197 1514 143,
223 1476 258 1513 2,
284 1477 333 1515 a),
360 1485 437 1507 was
464 1473 563 1506 wird
587 1484 651 1506 aus
677 1473 763 1506 dem
790 1472 912 1506 Volke
937 1484 1009 1506 von
1039 1473 1210 1513 Ulubrae,
1247 1473 1332 1506 dem
1371 1472 1539 1506 Flecken

0 1522 1 1550 ἓ
59 1523 99 1556 in
124 1522 274 1555 Latium
301 1522 449 1560 (Horat.
476 1522 548 1565 Ep.
576 1521 606 1561 Ι,
635 1523 692 1561 11,
717 1522 775 1555 3⁰.
802 1520 970 1554 Iuvenal.
1004 1522 1048 1563 X,
1077 1522 1154 1555 102.
1197 1520 1292 1554 Plin.
1320 1521 1366 1553 H.
1395 1521 1441 1557 Ν,
1469 1520 1541 1559 111,

57 1572 95 1612 5)
121 1570 292 1610 werden,
319 1570 447 1603 dessen
473 1570 609 1602 Patron
637 1570 695 1602 Du
720 1569 793 1602 bist
819 1570 863 1609 (s.
890 1579 949 1612 ep.
974 1570 1086 1611 173.),
1122 1580 1235 1603 wenn
1261 1569 1320 1602 Du
1351 1567 1421 1602 mit
1446 1567 1542 1613 Epi-

59 1619 133 1652 kur
167 1618 387 1660 annimmst,
427 1617 507 1650 dass
541 1628 628 1649 man
668 1616 750 1650 sich
783 1616 854 1650 mit
892 1615 1153 1650 staatssachen
1186 1615 1297 1650 nicht
1331 1617 1541 1663 bemengen

58 1669 194 1702 miisse.
245 1666 411 1699 Ulubrae
437 1676 518 1698 war
544 1664 626 1699 eine
657 1665 898 1708 praefectura
930 1664 964 1696 d.
1000 1664 1023 1697 i.
1061 1665 1143 1698 eine
1175 1663 1280 1698 Stadt
1317 1664 1358 1697 in
1401 1663 1541 1698 Italien

58 1714 156 1749 ohne
183 1714 316 1760 eigene
353 1713 511 1747 Gesetze
537 1725 573 1746 u.
603 1711 811 1757 Obrigkeit,
845 1711 906 1746 die
942 1712 1022 1746 also
1058 1712 1307 1746 unmittelbar
1339 1722 1416 1745 von
1446 1711 1540 1745 Rom

57 1774 122 1796 aus
147 1762 240 1796 oder
266 1760 388 1794 durch
415 1759 707 1803 hingeschickte
734 1760 935 1807 Obrigkeit
962 1760 1208 1804 (praefectus)
1245 1759 1373 1808 regit-*t-
1394 1758 1537 1793 wurde.

58 1810 184 1845 S.Cic.
211 1809 311 1843 Sext.
339 1810 396 1844 14.
423 1808 559 1842 Vellei.
588 1808 638 1848 11,
668 1809 725 1842 14.
754 1807 837 1842 Liv.
865 1808 993 1850 XXVI,
1024 1810 1066 1843 16
1092 1821 1127 1842 u.
1153 1808 1294 1842 Festus.
1346 1807 1449 1841 Uber
1473 1818 1540 1840 ⁷10-

57 1855 282 1897 λιτεύεσθαι,
321 1856 466 1891 versari
492 1856 532 1888 in
557 1867 597 1889 re
624 1856 792 1900 publica,
828 1855 1096 1890 administrare
1131 1867 1213 1889 rem
1248 1855 1439 1901 publicam
1474 1865 1542 1886 ηοη

56 1910 239 1949 oportere,
271 1905 440 1950 Epikurs
468 1900 563 1938 λάθε
588 1900 726 1947 βιώσας
751 1916 778 1937 s.
807 1903 884 1940 Cic.
925 1903 1076 1937 Tuscul.
1112 1905 1155 1943 V,
1182 1906 1241 1947 37,
1274 1905 1346 1937 118.
1374 1904 1433 1942 323,
1463 1904 1538 1936 110.

58 1956 214 2001 lllenage
240 1966 288 1987 zu
312 1954 469 1999 Diogen.
496 1953 620 1985 Lae'rt.
648 1952 692 1989 Χ,
719 1953 747 1994 ς’.
776 1953 855 1987 119.
891 1951 967 1985 Cic.
1002 1951 1048 1985 de
1082 1951 1214 1987 Officc.
1251 1952 1280 1992 1,
1306 1952 1364 1985 20.
1412 1969 1454 1974 —
1506 1950 1539 1982 st

55 2003 165 2045 plane
189 2013 212 2034 α
238 2002 315 2034 nob.
344 1999 444 2040 defin.
472 2000 498 2034 i.
526 2011 556 2034 e.
583 1999 614 2034 si
641 2011 714 2033 non
742 2000 843 2040 ficte,
884 2005 925 2032 ut
958 1999 1156 2032 assenteris
1198 2000 1334 2032 Pansae
1377 1997 1538 2042 Epicuri

56 2056 194 2084 sectam
223 2055 260 2082 et
285 2049 454 2082 instituta
479 2047 649 2093 sequenti
673 2048 725 2091 (v.
753 2047 797 2081 ad
815 2047 899 2082 Div.
926 2047 1003 2087 XV,
1034 2048 1114 2090 19.)‚
1140 2047 1204 2080 sed
1230 2058 1321 2080 vere
1348 2053 1383 2080 et
1413 2057 1456 2079 ex
1477 2052 1537 2079 tua

60 2097 246 2131 sententia
289 2097 496 2142 Epicureus
539 2098 657 2129 factus
692 2107 741 2128 vs.
790 2095 989 2128 MANUT.
1043 2106 1063 2127 (ι
1103 2095 1230 2137 nobis,
1273 2106 1345 2129 von
1378 2105 1537 2126 unserer

58 2145 212 2185 Schulo‚
239 2156 311 2178 von
339 2155 477 2177 unsern
503 2143 776 2178 Grunds'citzen.
834 2161 867 2165 -
931 2143 1066 2175 Pansac
1094 2144 1282 2185 assentari,
1310 2143 1393 2176 (lom
1427 2143 1495 2175 Pan
1518 2153 1536 2173 a

60 2192 153 2227 nach
181 2193 267 2227 dem
296 2192 428 2227 Mundo
456 2204 502 2225 zu
529 2191 656 2226 reden,
