1742 3006
171 52 266 119 1235
445 51 509 95 M.
541 51 600 96 T.
627 49 969 114 CIQERONIS
1002 50 1376 114 EPJSTOLAE.

402 163 722 209 EPISTOLA
763 162 890 206 LIX.
953 163 1161 221 (adbDiv.
1201 162 1334 206 XIV.
1363 165 1426 213 4.)

289 241 367 278 scr.
395 239 588 276 Brundisii
614 239 713 286 prid.
739 241 820 274 Kal.
847 237 936 274 Mai.
963 239 1007 277 A.
1034 240 1080 274 U.
1111 240 1152 287 c.
1177 236 1262 276 696.
1308 241 1358 281 (a.
1389 241 1431 276 e.
1461 240 1534 282 58.)

166 311 385 346 Literarum
421 306 717 351 infrequentiam
751 312 911 340 excusat.
948 309 978 340 1.
1018 305 1218 340 Brundisio
1261 317 1298 340 se
1333 309 1550 353 profectum
1586 319 1654 353 per

167 357 434 394 Macedoniam
463 355 639 401 Cyzicum
673 361 815 400 petere.
842 356 931 389 2-3.
965 353 1180 388 Sollicitum
1214 367 1253 387 se
1287 367 1363 389 esse
1398 356 1444 389 de
1479 356 1654 404 coniugis

168 413 207 440 et
231 406 440 438 liberorum
465 405 632 437 fortuna.
658 405 693 438 3.
728 403 783 437 De
822 402 938 436 servis
965 402 1292 440 manumittendis,
1318 405 1352 438 4,
1392 404 1438 437 de
1463 404 1654 437 malorum

167 464 321 488 suorum
352 452 608 487 consolatione
636 461 682 484 ex
708 451 935 483 conscientia
961 450 1125 484 virtutis.
1155 451 1188 485 5.
1226 452 1282 485 De
1307 452 1534 486 libertorum
1560 462 1655 496 quo·

632 499 793 532 rundam
820 498 894 531 fide
921 503 958 530 et
991 498 1126 536 officio.
1153 500 1187 535 6.

235 574 447 610 TULLIUS
480 573 869 657 ΤΕΠΕΝΤΙΑΙέυΙΙΞέΓ
882 573 1181 655 ΒΤΠὲιΕὲΟΙιΑΕ
1204 574 1289 609 ἘΤ
1331 573 1582 611 CICERONI

274 689 375 745 Ego
404 690 521 732 mim’
585 704 715 745 saepe
756 688 814 730 do
860 688 916 730 ad
954 703 1032 732 vos
1070 690 1251 742 literas,
1289 703 1420 745 quam
1458 705 1651 746 possum,
1696 732 1698 739 ,

165 751 404 801 propterea
442 761 496 801 qu
515 747 560 787 ›‹1
601 760 732 801 quum
769 746 918 787 omnia
945 745 1056 786 mihi
1098 750 1298 800 tem-pora
1332 752 1431 787 sunt
1469 749 1650 800 misera,

162 809 258 843 tum
278 816 393 844 >vero
422 816 554 856 quum
584 808 659 844 aut
686 802 832 843 scribo
863 802 918 842 ad
948 816 1026 843 vos
1063 806 1138 843 aut
1176 806 1345 843 vestras
1384 803 1505 857 lego,
1547 818 1651 845 con-

163 858 297 899 ficior
325 859 522 900 lacrimis
561 859 656 911 sic,
697 862 745 899 ut
783 858 902 898 serre
940 872 1028 899 non
1065 859 1242 912 possim.
1312 857 1444 907 Quod
1484 859 1650 900 utinam

162 915 308 956 minus
335 916 454 956 vitae
485 915 635 970 cupidi
665 913 924 955 fuissemus!
965 917 1086 954 certe
1108 913 1217 954 nihil
1248 919 1324 955 aut
1349 928 1436 955 non
1466 916 1650 957 multum

161 971 211 1011 in
239 971 332 1012 vita
360 971 467 1012 mali
496 971 774 1012 vidissemus.
833 969 1005 1018 Quodsi
1045 983 1123 1010 nos
1153 969 1210 1010 ad
1240 971 1431 1024 aliquam
1460 971 1650 1013 alicuius

162 1026 388 1068 commodi
417 1027 651 1081 aliquando
684 1025 974 1080 recuperandi
1014 1039 1137 1079 spem
1175 1025 1353 1067 fortuna
1391 1028 1649 1080 reservavit,

163 1083 307 1124 minus
339 1087 406 1124 est
435 1087 633 1124 erratum
663 1095 690 1123 a
718 1082 865 1122 nobis:
904 1082 971 1122 sin
1000 1080 1112 1123 haec
1141 1082 1256 1122 mala
1284 1081 1376 1122 fixa
1404 1087 1525 1135 sunt,
1565 1097 1649 1137 ego

160 1152 268 1180 vero
298 1142 343 1180 te
373 1151 504 1193 quam
533 1139 752 1193 primum,
791 1150 889 1178 mea
916 1138 1031 1187 vita,
1073 1138 1203 1192 cupio
1244 1137 1394 1179 videre
1425 1143 1468 1179 et
1498 1140 1542 1179 in
1571 1144 1647 1180 tuo

161 1195 393 1249 complexu
423 1195 589 1243 emori3
628 1194 835 1248 quoniam
864 1206 1001 1247 neque
1040 1193 1127 1246 dii,
1166 1207 1275 1247 quos
1312 1198 1359 1235 tu
1400 1195 1648 1236 castissime

162 1251 363 1303 coluisti,
395 1264 537 1306 neque
556 1249 782 1301 homines,
811 1250 966 1304 quibus
989 1263 1068 1302 ego
1091 1250 1278 1301 servivi,
1309 1250 1434 1290 nobis
1456 1253 1647 1303 gratiam

164 1307 423 1349 retulerunt.
482 1305 577 1348 Nos
607 1305 839 1346 Brundisii
857 1306 972 1359 apud
993 1304 1056 1346 M.
1079 1304 1295 1345 Laenium
1318 1306 1530 1346 Flaccum
1551 1307 1646 1348 dies

162 1377 256 1405 xm.
287 1362 478 1414 fuimus,
517 1362 663 1404 virum
701 1362 939 1415 optimum:
984 1360 1059 1415 qui
1086 1361 1332 1416 periculum
1370 1361 1648 1404 fortunarum

159 1424 207 1461 et
236 1419 395 1474 capitis
425 1418 493 1460 sui
520 1430 627 1473 prae
656 1417 921 1472 measalute
950 1417 1144 1471 neglexit
1174 1430 1313 1471 neque
1341 1417 1454 1471 legis
1483 1418 1647 1472 impro-

161 1475 372 1517 bissimae
408 1487 553 1530 poena
592 1473 807 1515 deductus
837 1477 927 1525 est,
971 1486 1056 1527 quo
1086 1473 1228 1513 minus
1256 1472 1437 1527 hospitii
1466 1478 1508 1514 et
1537 1476 1648 1515 ami-

160 1533 294 1573 citiae
313 1532 391 1573 ¹ius
421 1530 709 1585 officiumque
739 1534 1000 1584 praestaret.
1060 1528 1180 1569 Huic
1211 1530 1380 1569 utinam
1410 1529 1647 1584 aliquando

157 1589 349 1644 gratiam
398 1587 597 1629 referre
626 1587 866 1642 possimus!
915 1584 1174 1626 habebimus
1227 1585 1404 1638 quidem
1453 1598 1642 1641 semper.

256 1707 290 1740 1.
315 1704 365 1738 ad
387 1714 462 1738 vos,
488 1702 551 1738 Sic
575 1704 656 1738 Md.
683 1703 784 1736 Vict.
813 1706 842 1737 1.
870 1704 903 1738 2.
930 1704 974 1736 Β.
1003 1702 1052 1736 ad
1075 1712 1138 1735 vos
1162 1702 1206 1735 do
1235 1703 1335 1736 Crat.
1354 1703 1484 1736 Lamb.
1506 1704 1644 1739 Graev.

157 1754 252 1789 Ern.
279 1752 371 1788 Sch.
399 1753 557 1785 Liinem.
585 1770 625 1776 —-
653 1755 851 1795 propterea
876 1751 987 1795 quod,
1022 1749 1169 1784 welche
1204 1751 1391 1794 particula
1418 1751 1646 1795 explicativa

157 1803 226 1836 auf
249 1801 312 1835 das
338 1800 575 1847 Bewegende
602 1800 669 1833 der
693 1799 895 1834 Umstande
922 1798 1102 1843 hinzeigt.
1129 1797 1164 1831 S.
1192 1799 1342 1832 Ramsh.
1369 1798 1396 1841 §.
1427 1800 1504 1834 187.
1533 1801 1582 1843 11,
1611 1803 1644 1836 2.

159 1868 203 1874 —
237 1853 391 1882 vestras.
425 1849 556 1883 Lamb.
590 1852 731 1881 vestras
765 1848 910 1883 literas,
945 1865 992 1872 --
1032 1857 1109 1879 mea
1144 1845 1241 1887 ¹rita,
1276 1847 1361 1880 eine
1394 1847 1543 1881 Anrede
1577 1849 1645 1883 der

156 1896 421 1932 Z‘artlichkeit.
457 1896 493 1931 S.
519 1896 636 1930 Plaut.
663 1894 794 1929 Sticho
821 1896 889 1936 lV,
915 1896 950 1937 2,
977 1896 1009 1930 6.
1037 1895 1207 1938 Propert.
1235 1894 1266 1936 1,
1291 1895 1326 1934 2,
1354 1896 1384 1928 l.
1421 1895 1471 1935 ΙΙ,
1497 1895 1556 1936 20,
1587 1899 1642 1932 17.

156 1964 202 1971 -
230 1944 399 1989 quoniam
431 1944 509 1986 (Sic
535 1955 623 1977 cum
649 1944 749 1977 linea
775 1943 875 1985 Md.)
900 1943 967 1985 ist,
1007 1942 1053 1975 da
1088 1952 1124 1974 es
1157 1941 1266 1975 einen
1303 1952 1377 1976 von
1410 1943 1643 1978 Umstanden

156 1993 227 2028 der
259 1993 485 2037 Gegenwart
517 1991 866 2038 her-genommenen
906 1989 1040 2024 Grund
1086 1989 1325 2032 bezeichnet,
1367 1988 1557 2038 richtiger
1589 1993 1644 2026 als

156 2041 299 2087 quando
325 2041 393 2074 der
419 2041 489 2074 Ed.
516 2040 674 2085 Neapol.
701 2039 783 2072 Asc.
814 2042 843 2073 1.
869 2038 1002 2074 Lamb.
1038 2037 1128 2071 Ern.
1158 2036 1245 2071 Sch.
1272 2038 1448 2080 minem„
1488 2039 1552 2073 das
1576 2041 1646 2074 auf

152 2090 264 2123 einen
299 2088 434 2122 Grund
467 2098 542 2123 von
575 2087 863 2121 unbestimmter
895 2086 978 2120 Zeit
1017 2084 1317 2132 hergenommen
1362 2086 1565 2125 hinweis't.
1601 2087 1641 2127 S,

152 2135 310 2175 Ramsh.
337 2136 369 2178 §.
399 2137 475 2171 187.
503 2136 534 2177 Ι,
562 2137 595 2171 2.
624 2136 773 2171 Grotef,
801 2134 832 2177 §.
860 2136 944 2171 380.

251 2186 285 2221 2.
311 2185 369 2218 Μ.
396 2183 554 2217 Laenius
578 2184 752 2225 Flaccus,
781 2184 840 2217 ein
868 2180 1092 2217 R'omischer
1117 2181 1260 2220 nister,
1298 2182 1366 2215 der
1392 2192 1519 2230 grosse
1545 2183 1641 2219 G'a'r-

153 2239 218 2268 ten
243 2244 281 2266 u.
308 2233 564 2278 Pssanzungen
592 2231 651 2265 bei
677 2231 851 2265 Brundisi
878 2231 996 2264 besass
1023 2240 1057 2262 u.
1086 2236 1210 2264 zuerst
1236 2230 1294 2264 die
1311 2229 1640 2267 Federviehzucht

151 2282 207 2316 :im
234 2281 397 2314 Grossen
424 2280 546 2321 trieb,
574 2290 680 2313 wozu
697 2291 740 2313 er
765 2279 826 2313 ein
847 2279 999 2326 eigenes
1015 2277 1209 2317 Geffliude,
1236 2279 1297 2311 ein
1323 2275 1639 2325 ὀρνιθοτροφεῖον,

153 2327 394 2363 einrichtete.
422 2326 461 2364 S.
481 2329 587 2361 Varr.
616 2327 648 2360 d.
675 2328 720 2362 R.
747 2328 790 2362 R.
818 2327 887 2369 111,
914 2327 947 2361 5.
975 2325 1019 2358 ad
1046 2326 1192 2359 Divers.
1220 2326 1324 2368 xm,
1350 2327 1406 2362 63.
1435 2327 1540 2360 Orat.
1566 2338 1639 2373 pro

151 2378 283 2412 Plane.
310 2387 342 2409 c.
370 2377 429 2410 41.
455 2385 525 2420 pro
549 2376 673 2408 Sextio
699 2387 732 2412 c.
761 2377 816 2411 67.
848 2394 886 2400 —
914 2384 1016 2418 prae.
1050 2372 1111 2406 Sic
1137 2374 1216 2408 Md.
1246 2372 1344 2407 vict.
1379 2376 1409 2408 1.
1437 2375 1469 2409 2.
1499 2375 1636 2410 Graev.

152 2426 250 2461 Ern.
275 2424 413 2457 Bened.
439 2421 529 2456 Sch.
564 2424 662 2455 Liin.
689 2435 759 2466 pro
795 2424 913 2469 Neap.
938 2423 1018 2455 Asc.
1048 2423 1083 2457 l.
1123 2424 1220 2456 Crat.
1247 2422 1378 2458 Lamb.
1407 2423 1478 2456 cfr.
1504 2423 1638 2457 Milon.

154 2485 191 2508 c.
219 2475 276 2513 2.‚
309 2471 373 2504 ubi
408 2471 446 2504 in
479 2471 608 2504 eadem
643 2472 808 2504 forn-,ula
839 2481 933 2514 prae
972 2469 1239 2504 restituendum
1274 2481 1372 2503 nunc
1406 2480 1482 2504 esse
1512 2472 1635 2506 video.

155 2519 352 2556 ORELLI.
387 2529 502 2562 prae
529 2532 578 2549 --.
610 2518 649 2550 in
677 2518 906 2567 Ver-glomi),
942 2517 982 2551 in
1007 2517 1188 2551 Betracht
1212 2518 1357 2551 meiner
1382 2517 1564 2565 Rettung.
1599 2521 1636 2555 S.

152 2567 305 2604 Ramsh.
332 2567 360 2609 §.
389 2568 469 2609 150,
500 2568 532 2607 1,
557 2566 593 2599 d.
621 2566 771 2600 Grotef.
800 2567 828 2609 ξ.
857 2568 938 2608 260,
966 2567 997 2600 2.
1024 2583 1067 2589 -—
1106 2566 1204 2608 legis
1229 2567 1381 2610 improb.
1410 2567 1573 2603 Clodiae,
1599 2567 1635 2601 S.

152 2627 212 2662 ep.
250 2614 321 2649 bv.
349 2625 473 2661 gegen
505 2614 620 2647 Ende.
651 2632 691 2639 -—
719 2615 890 2648 deductus
916 2628 964 2644 2:
990 2613 1216 2654 deterritus,
1250 2614 1483 2659 prohibitus5
1517 2613 1636 2648 daher

152 2664 336 2708 quominus
361 2664 470 2711 solgt.
508 2681 551 2686 —
585 2661 720 2695 habere
753 2664 940 2702 gratiam,
975 2661 1086 2693 Dank
1120 2662 1272 2700 wissen‚
1308 2661 1477 2695 dankbar
1509 2663 1634 2697 wosiir

154 2713 304 2760 gesinnt
329 2711 431 2754 sein5
458 2721 575 2753 agere
599 2720 682 2753 gr.,
709 2710 885 2758 thiitigen
910 2708 1020 2745 Dank
1047 2710 1248 2749 bcweisen‚
1275 2709 1503 2747 erwiedern.
