1742 3006
169 108 231 157 84
454 107 517 149 M.
550 108 604 149 Τ.
639 103 980 148 CICERONIS
1012 103 1386 146 EPISTOLAE.

173 225 356 277 loquar,
388 219 505 260 nihil
537 217 726 272 fingam,
777 215 895 258 nihil
926 215 1228 267 dissimulem,
1277 213 1394 255 nihil
1436 215 1652 270 obtegam.

175 281 312 320 Abest
334 277 452 317 enim
472 274 613 314 frater
641 272 909 326 ἀφελέστατος
931 276 976 313 et
994 272 1338 314 amantissimus.
1370 269 1399 322 -ξ-
1441 269 1654 312 Metellus

178 358 229 364 -
258 344 355 375 non
383 330 537 386 homo,
561 327 654 370 sed
1098 380 1101 383 Δ

374 407 429 414 -
459 408 513 415 --
541 384 653 426 litus
684 386 826 436 atque
856 384 939 425 αὲν
970 384 1019 424 et
1046 381 1251 426 solitudo
1279 379 1435 423 mera!

173 446 244 487 Tu
274 445 447 492 autem,
487 441 564 494 qui
594 439 854 494 saepissime
885 451 1035 479 curam
1075 443 1120 479 et
1149 451 1358 492 angorem
1400 437 1537 478 animi
1567 437 1656 477 mei

173 510 375 541 sermone
416 501 461 536 et
491 496 683 536 consilio
716 494 877 535 lex-asti
909 499 1008 534 tuo:
1047 495 1125 548 qui
1155 493 1268 533 mihi
1312 498 1357 533 et.
1398 494 1444 533 in
1475 493 1657 547 publica

177 569 223 595 re
252 553 401 594 socius
431 555 477 591 et
506 552 551 591 in
582 551 773 605 privatis
792 549 993 589 omuibus
1024 549 1229 589 conscius
1260 551 1302 588 et
1324 550 1517 589 omnium
1536 561 1654 589 meo-

174 623 272 651 rum
302 620 555 648 sermonum
598 610 643 646 et
673 605 961 646 consiliorum
991 605 1216 658 particeps
1246 617 1341 645 esse
1371 605 1517 656 soles,
1559 604 1655 644 ubi-

175 679 277 706 nam
301 664 374 704 θεῖ
403 663 476 703 Ita
496 675 592 702 sum
623 662 677 701 ab
693 661 895 701 omnibus
926 659 1183 710 destitutus,
1213 663 1261 699 ut
1291 663 1460 700 tantum
1483 661 1657 713 requie-

175 722 236 762 tis
265 719 476 769 habeam,
506 721 717 771 quantuni
748 730 847 756 cum
876 728 1019 756 uxore
1048 720 1094 756 et
1123 715 1271 756 filiola
1301 720 1346 755 et
1374 716 1550 756 mellito
1581 715 1656 755 Ci-

176 836 330 873 Ramsh.
356 836 384 878 §.
416 835 495 876 184,
521 835 554 868 3.
590 853 633 859 -—
659 832 752 867 nihil
776 832 934 875 fingam.
984 833 1140 867 Ernesti
1175 831 1330 867 wollte:
1371 831 1423 865 ita
1457 833 1656 876 colloquar,

176 891 216 920 ut
241 884 335 918 m'lzil
361 883 528 925 fingam,
565 882 624 915 die
661 882 907 928 Verbinduug
943 881 1040 928 liegt
1077 880 1214 914 iedoch
1247 881 1288 912 in
1323 880 1473 923 quicum,
1508 891 1657 913 woraus

178 934 265 967 hier
290 932 357 965 der
372 930 522 978 Begriff
544 941 608 973 quo
627 934 829 973 praesente,
855 940 979 962 coram
1006 940 1073 972 quo
1091 928 1212 962 leicht
1238 927 1521 975 hinzugedacht
1542 927 1652 961 wird.

177 1000 218 1006 ν-
249 977 376 1023 οἷφελ.,
403 977 729 1023 simplicissimus,
781 977 840 1010 (lie
874 976 1087 1010 ehrlichste
1111 976 1220 1010 Seele
1258 987 1332 1009 von,
1369 975 1434 1008 der
1459 975 1580 1010 Welt.
1615 993 1659 1001 —

176 1028 363 1063 Metella&
413 1026 512 1059 Eine
537 1025 772 1059 verdorbene
793 1024 934 1058 Stelle!
961 1024 1087 1057 Bosius
1114 1023 1260 1057 erkl'drt
1285 1024 1358 1057 sie:
1386 1023 1572 1065 Metellus,
1598 1023 1655 1056 in-

178 1076 282 1121 quit,
322 1075 414 1107 licet
440 1073 553 1114 adsit,
588 1073 631 1106 ab
666 1072 770 1106 omni
797 1072 1042 1105 humanitatis
1067 1071 1255 1105 consortio
1284 1072 1459 1118 refugere
1483 1071 1656 1109 videtur:

178 1134 301 1167 neque
334 1122 435 1155 enim
470 1120 589 1168 magis
624 1132 661 1154 se
696 1121 735 1152 in
767 1119 967 1153 hominum
1001 1119 1297 1152 familiaritatem
1324 1119 1517 1164 applicat,
1544 1130 1655 1162 quam

178 1179 241 1206 aut
267 1171 359 1204 litus
384 1174 447 1203 aut
472 1171 538 1202 a'e‘r
563 1174 624 1202 aut
649 1167 808 1202 solitudo
833 1179 949 1207 mera,
985 1178 1077 1210 quae
1112 1167 1195 1200 loca
1222 1166 1419 1200 hominum
1444 1173 1551 1200 coetu
1577 1167 1655 1199 fre-

179 1219 354 1265 quentari
389 1228 462 1250 non
495 1215 637 1258 solent;
683 1216 808 1260 itaque
841 1226 884 1249 eo
919 1215 1162 1248 familiariter
1194 1225 1266 1248 non
1294 1221 1393 1248 utor.
1444 1215 1656 1258 Malaspina

178 1266 333 1302 wendet
359 1265 528 1312 dag-egen
555 1264 638 1304 ein,
673 1263 753 1296 dass
780 1274 865 1296 man
893 1262 1000 1296 nicht
1026 1262 1218 1309 begu-cisen
1244 1262 1387 1304 kiiniie,
1421 1263 1496 1296 wie
1522 1263 1656 1295 Cicero

178 1316 252 1348 (len
278 1312 429 1352 Metell‚
467 1310 647 1359 obgleich
674 1322 716 1344 er
741 1310 872 1343 dessen
909 1309 1111 1355 politische
1138 1309 1374 1344 Grunds‘zitze
1399 1309 1554 1359 billigte
1579 1309 1656 1343 und

179 1361 352 1396 nachher
371 1365 474 1406 sagt‚
517 1370 558 1393 er
581 1358 710 1392 werde
735 1358 881 1392 wieder
905 1368 980 1391 von
1006 1357 1088 1390 ihm
1113 1357 1259 1404 geliebt
1283 1358 1328 1398 (s.
1352 1367 1409 1401 ep.
1436 1359 1492 1400 13,
1521 1369 1555 1390 u.
1582 1359 1655 1401 14),

178 1411 267 1444 hier
291 1408 484 1442 zwischen
520 1406 660 1439 seinem
687 1405 832 1439 Bruder
857 1405 934 1438 und
959 1405 1112 1438 Attikus
1140 1405 1234 1439 habe
1261 1405 1467 1438 erw'dhnen
1492 1405 1654 1439 kb‘nnen.

179 1459 229 1493 So
255 1462 427 1491 vertraut
452 1454 506 1487 sei
531 1454 592 1487 die
617 1453 897 1487 Freundschast
933 1453 994 1486 des
1021 1452 1169 1487 Metells
1195 1453 1264 1486 mit
1290 1453 1371 1485 ihm
1396 1452 1502 1486 nicht
1529 1465 1655 1501 gewe-

178 1518 255 1540 sen.
307 1506 393 1537 Man
420 1505 542 1535 uniisse
569 1501 746 1536 desshalb
774 1502 899 1535 lesen:
940 1501 1040 1534 abest
1072 1501 1164 1534 enim
1188 1501 1321 1542 frater
1346 1499 1585 1544 ἀφελέστατος
1620 1506 1654 1534 et

178 1552 450 1587 amantissimus
474 1550 565 1591 mei,
601 1560 673 1582 non
696 1548 802 1582 homo
829 1555 898 1582 etc.
925 1548 996 1582 mit
1020 1547 1105 1582 dem
1133 1547 1271 1581 Sinne:
1308 1549 1450 1588 frater,
1487 1549 1553 1592 qui
1579 1560 1653 1582 non

179 1602 333 1635 videtur
358 1600 498 1637 homo,
533 1597 597 1631 sed
633 1597 722 1630 litus
758 1602 869 1639 atque.
902 1597 969 1629 ae'r
1001 1602 1092 1637 etc.‚
1129 1595 1167 1628 id
1194 1601 1267 1637 est,
1302 1595 1361 1629 cui
1389 1597 1439 1630 ita
1465 1602 1546 1630 tuto
1574 1608 1654 1631 mea

180 1648 340 1683 consilia
367 1645 562 1680 recondita
587 1655 760 1688 measque
783 1643 1028 1689 cogitationes
1056 1643 1223 1676 occultas
1251 1644 1486 1678 committere
1511 1651 1547 1677 et
1574 1656 1654 1678 cre-

179 1697 268 1730 dere
295 1694 452 1740 possim,
489 1699 531 1726 ut
557 1692 587 1725 si
613 1692 652 1724 in
680 1692 772 1725 locis
797 1692 883 1725 solis
910 1697 946 1724 et
972 1692 1133 1723 maxime
1159 1691 1203 1724 ab
1229 1691 1383 1725 arbitris
1409 1692 1565 1725 remotis
1591 1704 1654 1726 ex-

179 1753 395 1790 promerem
430 1748 541 1785 atque
577 1740 819 1784 explicarem.
879 1740 933 1773 Da
958 1749 1027 1771 non
1054 1738 1158 1771 homo
1192 1743 1280 1772 stets
1315 1739 1354 1771 in
1388 1740 1509 1773 einen]
1543 1739 1656 1774 iibeln

181 1792 313 1834 Sinne,
339 1790 413 1823 wie
439 1789 484 1821 ad
512 1787 623 1821 Attio.
645 1788 728 1827 Vll,
756 1789 800 1821 13
826 1797 895 1819 nou
921 1786 1107 1826 hominem,
1142 1787 1206 1819 secl
1228 1797 1358 1829 scopas
1381 1788 1532 1828 solutas,
1567 1799 1653 1822 vor-

180 1840 316 1878 Kame,
350 1848 388 1871 so
414 1836 565 1884 schliigt
595 1834 767 1868 desshalb
794 1833 936 1867 Schutz
961 1845 1048 1867 vor:
1081 1834 1351 1867 amcmlissz'mus
1375 1836 1462 1868 mei:
1497 1839 1529 1868 et
1555 1836 1655 1870 illius

179 1899 272 1921 nunc
307 1887 431 1919 domus
473 1889 524 1916 es!
559 1883 643 1916 litus
677 1889 746 1916 etc.
806 1883 859 1916 De
897 1882 933 1914 la
968 1882 1136 1915 Bossiere
1172 1881 1216 1915 de
1252 1881 1451 1916 Chamsort
1485 1883 1655 1931 dag-egen

180 1947 253 1970 zur
279 1930 569 1966 Zusriedenheit
603 1930 663 1963 des
690 1931 844 1965 Recens,
873 1929 912 1961 in
945 1929 979 1963 d.
1007 1929 1178 1963 Heidelb.
1214 1929 1346 1962 Annal.
1375 1932 1477 1965 1810.
1510 1943 1545 1976 p.
1575 1934 1651 1968 167.

181 1984 248 2017 Me
274 1983 397 2014 tellus!
441 1980 530 2020 (wie
559 1980 613 2011 Me
639 1984 787 2020 castor,
813 1977 1020 2019 mehercle)
1058 1988 1127 2010 non
1152 1976 1256 2009 homo
1281 1984 1354 2011 cet.
1405 1978 1515 2011 Nach
1541 1977 1655 2028 Sillig

180 2044 217 2064 u.
244 2030 436 2063 Hermann
472 2027 605 2071 Opusc.
632 2025 715 2058 Vol.
742 2027 776 2058 3.
802 2036 838 2070 p.
866 2027 933 2059 124
968 2025 1087 2058 sollen
1121 2025 1181 2058 die
1206 2025 1346 2059 Worte
1372 2037 1434 2058 aus
1460 2025 1542 2059 dem
1568 2020 1655 2060 Phi-

182 2079 300 2112 loctet
333 2077 397 2109 (les
423 2074 558 2109 Accius
592 2084 819 2122 genommen
857 2073 948 2106 sein.
1000 2072 1208 2106 Schiitzens
1235 2072 1516 2121 Verbesserung
1545 2075 1655 2109 fiihrt

182 2127 251 2159 auf
272 2125 342 2158 den
369 2122 591 2162 Gedanken,
626 2121 756 2155 Cicero
781 2120 876 2153 habe
903 2120 963 2154 bei
997 2120 1066 2154 der
1090 2119 1345 2154 Bekanntheit
1371 2121 1494 2154 dieser
1517 2121 1655 2157 VVorto

182 2186 246 2208 aus
272 2172 407 2206 Accius
444 2170 515 2203 den
542 2167 943 2214 Zwischengetlankeu
976 2168 1227 2211 ausgolasscn:
1265 2169 1366 2202 mein
1390 2169 1554 2210 Bruder,
1590 2170 1656 2204 der

184 2232 287 2255 armo
315 2218 561 2258 Philoktetes,
596 2217 676 2260 der,
708 2217 781 2249 wie
808 2217 913 2249 iener
945 2216 997 2248 im
1024 2215 1233 2260 Sophokles
1261 2218 1339 2251 227.
1366 2218 1446 2252 228.
1479 2217 1556 2251 und
1580 2218 1655 2252 Ac-

184 2270 278 2311 cius,
305 2268 483 2300 ausrufen
510 2265 631 2299 kann:
667 2263 761 2306 „Me
793 2264 900 2297 lellus
926 2263 1074 2305 (solida)
1100 2274 1170 2296 non
1194 2263 1370 2297 HABET
1390 2265 1495 2306 (statt
1521 2264 1656 2309 homo),

182 2318 248 2351 sed
271 2316 360 2350 litus
384 2328 432 2344 =
457 2325 563 2354 saxa,
597 2318 745 2346 antrum
772 2311 889 2350 illud,
929 2312 969 2343 in
1004 2321 1077 2354 quo
1104 2311 1330 2345 Philoctetes
1366 2311 1550 2346 habitavit
1586 2320 1654 2348 etc.

184 2364 281 2399 Fein
314 2362 429 2408 spielt
467 2372 529 2399 er,
562 2372 627 2392 um
661 2358 781 2392 durch
808 2358 956 2392 MitleId
990 2359 1060 2391 don
1088 2358 1240 2392 Attikus
1272 2359 1342 2392 mit
1375 2359 1457 2392 dom
1491 2361 1558 2394 auf
1585 2361 1655 2396 der

183 2412 294 2447 Reise
320 2408 587 2450 befindlichen,
608 2408 661 2440 im
677 2408 816 2449 Meere,
842 2406 1042 2440 vielleieht
1068 2405 1127 2440 bei
1154 2407 1328 2448 Lemnos,
1354 2406 1437 2440 dem
1463 2407 1592 2442 Sturm
1619 2422 1654 2443 u.

182 2461 257 2494 den
281 2458 442 2494 Wellen
468 2456 568 2502 preis
586 2454 817 2503 gegebenen,
844 2454 935 2488 oder
987 2466 1029 2488 ar
1049 2453 1147 2487 nach
1175 2454 1390 2488 erlittenem
1406 2454 1655 2490 Schiffbruch

182 2508 224 2541 in
251 2506 461 2540 Philoktets
488 2503 586 2538 Hble
613 2503 753 2536 einsam
779 2503 962 2536 iammern
991 2512 1035 2534 en
1066 2502 1221 2544 Quintus
1247 2513 1294 2534 zu
1319 2502 1544 2544 versiihnen,
1572 2504 1654 2539 hie-

183 2556 255 2589 mit
281 2555 414 2587 darauf
437 2564 503 2594 an,
535 2551 617 2584 dass
644 2549 751 2583 iener
776 2550 903 2584 diesen
939 2549 1045 2583 nicht
1077 2549 1172 2583 nach
1198 2549 1309 2583 Asien
1342 2549 1438 2584 habe
1464 2551 1508 2585 be
1538 2552 1655 2587 leiten

1715 2596 1717 2610 ³

181 2603 260 2636 und
287 2602 369 2634 ihm
396 2601 482 2634 dort
507 2597 705 2633 beistehen
729 2597 871 2631 wollen
897 2599 940 2638 (s.
968 2598 1037 2643 Ep.
1064 2597 1158 2636 XXI,
1189 2598 1229 2631 Η
1254 2609 1288 2629 u.
1308 2597 1423 2641 XXII,
1450 2600 1497 2640 2).
1557 2601 1652 2648 erg-l.

182 2663 230 2685 zu
256 2649 360 2682 habet
383 2648 523 2695 virgil.
551 2647 641 2680 Aen.
667 2645 731 2687 Vl,
756 2646 842 2680 521:
872 2645 969 2678 Tum
996 2656 1114 2678 me...
1143 2644 1277 2678 infelix
1299 2644 1430 2680 habuit
1454 2646 1653 2682 thalamus.
1712 2658 1714 2681 ξ

185 2691 376 2745 Ubrigens
411 2695 496 2729 sind
532 2707 591 2733 es,
626 2704 738 2727 wenn
772 2703 873 2725 mera
906 2704 978 2727 vor
1008 2693 1162 2726 solitudo
1189 2699 1353 2726 versetzt
1389 2694 1501 2735 wird,
1537 2696 1656 2742 grade
1712 2695 1714 2708 '

183 2743 409 2779 anderthalb
434 2755 565 2777 versus
590 2740 787 2782 saturnini,
814 2741 991 2774 woriiber
1015 2752 1043 2774 s.
1071 2740 1134 2774 Fr.
1163 2740 1309 2774 Grotes.
1334 2740 1384 2783 Π,
1414 2743 1490 2776 100.
1513 2753 1548 2776 ιι.
1575 2745 1654 2779 112.
1710 2746 1712 2778 ξ

184 2813 226 2819 -
254 2792 412 2832 mellito,
445 2791 666 2838 honigsiiss‚
700 2795 741 2822 ut
767 2789 883 2833 savus,
910 2789 1109 2834 placenta,
1147 2788 1318 2824 bellaria.
1371 2789 1419 2825 So
1446 2789 1505 2824 boi
1532 2790 1656 2826 Catuli
