1742 3006
186 73 272 120 190
454 71 518 115 Μ.
551 72 605 113 Τ.
640 64 978 112 CICERONIS
1007 65 1378 109 EPISTOLAE.

180 200 264 245 quo
293 186 438 227 minus
465 182 631 234 adsim,
662 192 794 236 quum
822 179 966 223 velim.
1024 177 1151 219 Hanc
1172 190 1253 232 ego
1274 181 1428 228 tene03
1457 180 1534 220 sed
1556 193 1654 221 usu-
1722 177 1726 191 ““

182 257 277 284 rum
316 255 385 282 me
424 253 512 281 non
540 243 659 293 puto.
714 235 871 292 Neque
907 240 1055 276 tamen
1084 234 1114 287 -ξ-
1142 235 1227 275 scit
1253 234 1495 288 quisquam.
1549 235 1652 278 Non

180 301 298 340 lubet
325 297 501 351 fugere:
540 306 649 336 aveo
670 306 876 348 pugnare.
936 291 1106 345 Magna
1127 294 1227 332 sunt
1248 289 1473 331 hominum
1494 291 1649 333 studia.

180 354 267 397 Sed
307 352 418 394 nihil
457 349 659 392 affirmo:
697 353 745 390 tu
781 349 868 391 hoc
894 346 1058 388 silebis.
1116 346 1186 387 De
1214 346 1357 388 Statio
1385 347 1652 388 manumisso

177 417 221 452 et
250 407 468 450 nonnullis
498 406 597 448 aliis
625 406 752 447 rebus
788 417 928 459 angor
967 401 1192 457 equidem,
1229 402 1308 444 sed
1347 402 1437 444 iam
1473 415 1652 458 prorsus

177 465 377 508 occallui.
435 463 532 516 Tu,
563 461 719 503 vellem
750 475 834 517 ego
861 464 906 501 et
933 471 1164 514 cuperem,
1192 459 1393 501 adesses:
1435 472 1516 500 nec
1543 458 1653 499 mihi

175 521 410 563 consilium
439 532 520 561 nec
549 518 791 560 consolatio
820 516 1009 558 deesset.
1066 514 1154 556 Sed
1182 514 1245 556 ita
1272 519 1316 556 te
1346 527 1479 571 para,
1509 520 1585 565 ut,
1615 515 1652 556 si

175 578 445 628 inclamaro,
474 574 669 618 advoles.

175 689 303 729 nicht,
331 688 498 723 sobald
524 686 600 720 ich
627 685 753 723 will,
780 684 818 717 in
832 684 926 718 Rom
947 694 994 716 zu
1012 682 1111 724 sein3
1138 682 1226 715 falls
1242 681 1302 716 ich
1320 680 1653 718 Unrathi11erke.“

175 741 251 773 Fiir
275 738 358 772 eine
383 737 503 771 libera
527 733 668 782 legatio
693 744 773 766 war
797 732 968 778 dag-egen
993 730 1076 764 eine
1102 729 1316 764 bestimmte
1340 731 1424 765 zeit
1449 737 1670 778 angesetzt.'
1716 759 1719 762 Α

175 787 210 821 8.
236 786 283 820 ad
307 785 421 820 Attio.
448 784 532 825 XV,
557 784 593 819 2.
622 799 665 805 --
698 782 804 814 Hanc
828 790 900 822 ego
927 783 1053 819 tenea,
1090 789 1136 812 an
1169 778 1268 811 diese
1299 777 1403 812 halte
1435 779 1499 812 ich
1535 778 1656 821 mich,

176 836 221 869 da
247 833 310 867 ich
336 833 447 872 weis,
481 831 562 864 dass
593 840 632 863 es
668 829 754 863 dem
782 829 895 864 casar
921 827 1011 860 kein
1036 827 1151 860 Ernst
1177 826 1295 860 damit
1319 826 1388 868 ist,
1423 826 1500 860 und
1525 826 1589 860 ich
1614 838 1653 860 so

175 883 246 917 mit
271 882 339 915 dex·
362 882 482 915 libera
506 878 647 926 legatio
673 876 872 911 verschont
896 875 1039 913 bleibe‚
1065 874 1126 907 die
1152 874 1227 907 mir
1251 874 1334 908 eine
1357 874 1428 908 Art
1451 872 1655 908 ehrenvol-

177 933 230 965 les
255 930 343 963 Exi!
367 927 527 962 scheint.
554 945 598 950 —
626 937 670 958 ea
694 933 841 958 usurum
875 934 931 957 me
962 933 1061 965 esse,
1093 922 1174 956 dass
1206 920 1270 955 ich
1297 920 1500 957 Gebrauch
1535 922 1652 957 davon

175 978 336 1012 macheu
362 975 504 1010 werde.
533 995 572 1000 —
602 974 723 1017 Neque
748 977 868 1006 tamen
893 972 917 1013 1-
932 970 1002 1004 scit
1019 970 1218 1014 quisquam,
1244 970 1341 1004 doch
1360 972 1452 1005 lasse
1468 970 1531 1005 ich
1550 970 1653 1005 mich

178 1037 300 1074 gegen
336 1023 572 1058 Niemanden
607 1021 772 1054 dariiber
805 1019 953 1054 heraus.
1003 1020 1105 1052 Haec
1138 1024 1330 1063 corrupta.
1373 1019 1449 1053 scio
1490 1019 1655 1064 quidnam

176 1077 285 1109 Varr.
313 1072 451 1107 Silberi
477 1077 515 1104 et
538 1070 621 1103 Ald.
648 1069 747 1114 apud
773 1068 942 1108 Bentiv.‚
976 1067 1042 1111 qui
1073 1066 1171 1100 vult:
1204 1068 1282 1099 scio
1316 1067 1509 1111 quidquam
1541 1067 1654 1112 (For-

177 1131 290 1157 tasse:
317 1121 415 1160 scio,
442 1119 530 1164 quid
552 1118 696 1160 dicam).
726 1115 867 1150 Schiitz
894 1113 996 1150 coni.
1023 1114 1100 1148 scio
1125 1114 1211 1158 quid
1234 1124 1342 1156 agam
1368 1127 1387 1148 a
1407 1116 1566 1150 Liinem.
1593 1126 1652 1150 re—

177 1177 273 1216 cept.
301 1175 342 1203 ut
367 1170 441 1214 Ep.
468 1177 542 1211 seq.
570 1165 600 1207 §.
630 1168 662 1199 1.
696 1174 781 1204 nec,
809 1164 894 1208 quid
907 1162 1077 1204 faciam,
1104 1162 1190 1196 scio.
1219 1162 1416 1197 ORELLI.
1465 1164 1582 1197 Allein
1609 1164 1653 1197 da

177 1231 219 1253 er
245 1217 409 1262 sogleich
435 1220 534 1263 sagt:
575 1213 658 1247 Non
688 1213 966 1254 lubetsugere3
1001 1221 1039 1244 so
1071 1210 1161 1243 weis
1193 1221 1236 1244 et·
1272 1210 1328 1249 ia,
1360 1222 1435 1245 was
1461 1222 1504 1245 er
1528 1222 1654 1258 gagen,

177 1279 252 1300 was
279 1277 321 1299 er
345 1263 441 1298 thun
467 1263 561 1296 will.
597 1280 641 1285 —-
675 1261 824 1302 Magna
854 1263 936 1292 sunt
969 1258 1002 1291 Ιι.
1035 1258 1174 1299 studia,
1206 1269 1243 1291 es
1275 1258 1373 1292 fehlt
1404 1259 1474 1292 den
1510 1259 1651 1292 Leuten

176 1313 285 1347 nicht
311 1324 369 1346 am
394 1312 506 1345 Eifer
540 1309 611 1342 mit
642 1320 689 1341 zu
715 1307 909 1352 kiimpfen.
938 1325 979 1330 —
1014 1304 1107 1338 nihil
1129 1304 1308 1349 affirmo,
1340 1305 1403 1340 ich
1437 1317 1522 1351 sage
1552 1306 1652 1339 noch

175 1362 317 1395 Nichts
342 1359 572 1393 bestimmtes
598 1355 768 1390 dax-iiber.
795 1355 886 1403 Vgl.
912 1364 973 1399 ep.
1001 1353 1112 1395 XLV,
1138 1355 1179 1388 5:
1208 1354 1380 1402 Pugnare
1400 1355 1511 1389 malo.
1545 1353 1653 1388 Nihil

175 1417 300 1444 tamen
326 1408 436 1443 certi.

271 1479 304 1512 Δ.
331 1477 374 1510 ‹le
399 1474 522 1510 Statio
555 1473 780 1507 manumisso.
833 1468 942 1502 Viele
967 1469 1097 1502 hatten
1129 1479 1166 1502 es
1198 1468 1383 1513 getadelt‚
1421 1469 1499 1504 dass
1532 1470 1654 1506 dieser

176 1525 292 1559 Sklav
328 1525 388 1558 bei
423 1522 580 1565 Quintus
616 1522 751 1555 Cicero
784 1528 823 1551 so
854 1518 943 1551 Viel
973 1518 1097 1565 gblte:
1129 1528 1205 1549 nun
1238 1518 1286 1550 ist
1317 1519 1467 1552 Marcus
1492 1518 1655 1553 daruber
1707 1535 1710 1539 ·

177 1572 430 1620 unge-balteo,
454 1571 536 1604 dass
561 1569 637 1603 sein
664 1566 810 1602 Bruder
835 1564 916 1598 ihm
943 1577 1054 1611 sog-ar
1073 1565 1133 1598 die
1149 1564 1317 1599 Freiheit
1342 1565 1550 1612 geschenkt
1575 1567 1654 1605 hat.

178 1624 263 1655 weil
288 1621 387 1654 diese
413 1616 699 1663 unvorsichtige
726 1615 824 1648 Giite
849 1624 894 1646 zu
918 1614 1018 1646 noch
1044 1612 1323 1646 schlimmerem
1350 1614 1498 1647 Ger-ede
1516 1614 1654 1649 veran-

177 1672 330 1714 lassung·
363 1668 482 1711 geben
513 1666 664 1699 kb'nnte.
703 1662 739 1696 S.
777 1661 837 1694 die
871 1660 1050 1708 folgende
1082 1660 1158 1693 und
1192 1666 1308 1694 unten
1334 1661 1396 1694 die
1421 1663 1468 1696 53
1491 1662 1653 1707 Epistol,

180 1711 280 1751 Uber
305 1708 440 1749 De⁹SL
472 1724 569 1746 man.
603 1717 691 1746 statt
724 1709 780 1742 De
810 1709 923 1743 Statii
955 1708 1236 1741 manumissione
1267 1721 1297 1742 s.
1333 1709 1485 1744 Ramsh.
1517 1710 1546 1751 §.
1573 1714 1653 1754 171,

179 1766 248 1806 111,
273 1765 310 1806 d,
337 1764 387 1797 N.
415 1764 450 1797 3.
479 1761 627 1796 Grotef.
654 1759 683 1801 ξ.
708 1760 791 1793 328.
819 1775 862 1781 -—
897 1757 1072 1797 occallui,
1107 1755 1171 1788 ich
1207 1756 1269 1789 bin
1303 1768 1397 1804 ganz
1433 1757 1655 1808 dickh'ziutig
1690 1763 1705 1768 ‘

179 1812 395 1859 geworden‚
424 1828 465 1834 -
491 1809 619 1842 vellem
643 1817 713 1849 ego
740 1811 771 1840 et
797 1815 984 1848 cuperem,
1009 1804 1072 1838 ich
1087 1806 1217 1838 wollte
1234 1805 1310 1838 und
1327 1806 1521 1840 wiinscbte
1547 1807 1655 1841 herz-

179 1860 269 1894 lich.
311 1858 371 1893 Sic
404 1858 474 1892 Ed.
499 1857 635 1891 Minut.
672 1857 757 1892 Asc.
788 1858 818 1888 l.
847 1854 948 1890 Crat.
977 1853 1078 1886 Man.
1103 1853 1231 1886 Lamb.
1258 1854 1400 1895 vellem,
1437 1864 1548 1896 egone
1576 1866 1654 1899 cup.

177 1909 258 1942 Md.
299 1907 376 1940 Alii
410 1906 523 1940 Codd.
558 1903 656 1937 Vict.
695 1906 728 1938 1,
768 1904 800 1938 2.
839 1902 920 1935 Bos.
957 1901 1094 1935 Graev.
1123 1901 1270 1935 Ernest.
1324 1901 1367 1933 In
1394 1902 1478 1938 cod.
1505 1903 1653 1938 Ballio).

178 1966 291 1998 egone
315 1966 391 1999 cup.
420 1952 614 1989 ORELLI.
663 1951 740 1984 Aur
763 1952 911 1984 Ernest.
932 1947 1147 1996 Vorschlag
1171 1948 1282 1996 tilgte
1309 1949 1450 1984 Schutz
1475 1960 1544 1992 ego
1571 1976 1579 1983 .
1608 1977 1615 1985 .

178 2015 358 2047 cuperem.
386 2021 428 2028 -
456 2002 532 2035 Nec
558 2026 565 2033 .
593 2024 600 2031 .
631 2023 641 2032 .
668 2000 813 2033 deesset.
865 1998 909 2031 ln
935 1997 995 2029 his
1021 2006 1170 2040 quoque
1195 1996 1424 2031 versiculum
1448 1998 1654 2032 viditNob-

180 2053 246 2091 be;
272 2053 384 2085 etiam
410 2056 598 2096 postrema
624 2048 802 2093 epistolae
828 2045 941 2078 verba
966 2044 1066 2077 idem
1091 2047 1225 2089 poetae
1250 2045 1395 2079 tribuit.
1446 2049 1526 2081 Hoc
1552 2053 1654 2081 certe

178 2099 276 2132 mihi
301 2110 375 2134 non
402 2098 598 2144 persuasit.
625 2098 659 2130 si
683 2095 907 2133 inclamaro,
934 2097 971 2125 ut
998 2103 1175 2125 accurras
1200 2098 1254 2125 est
1279 2093 1394 2128 etiam
1420 2094 1460 2128 in
1485 2095 1654 2130 oratione

178 2153 308 2192 aperte
334 2147 495 2192 pedestri
524 2146 613 2179 infr.
639 2145 711 2190 Ep.
736 2144 794 2178 20.
821 2142 852 2184 ᾗ.
876 2142 908 2176 5.
938 2142 1010 2181 (46,
1036 2141 1082 2182 5).
1113 2139 1305 2175 ORELLI.
