1742 3006
611 78 925 128 EPISTOLA
965 87 1017 130 L.
1464 87 1555 135 207

424 232 739 279 EPISTOLA
780 236 832 277 L.
892 237 1003 286 (Λα.
1034 237 1094 280 ΙΙ.
1125 237 1211 288 24.)

248 312 332 350 scr.
357 312 498 348 nomae
522 323 651 346 mense
676 310 805 347 Sextffi
829 310 874 350 Α.
903 314 948 349 U.
977 313 1017 349 c.
1043 314 1124 350 695.
1175 315 1222 358 (a.
1251 316 1289 350 c,
1315 316 1393 359 59.)

83 381 255 420 Atticum,
282 387 324 416 ut
348 392 435 415 mox
459 382 620 416 Romam
647 381 786 424 redeat,
812 387 935 426 rogat.
966 382 996 415 1.
1037 382 1198 424 Narrat,
1235 384 1327 429 quid
1352 391 1477 420 actum
1506 385 1555 420 sit

80 430 126 462 (le
151 429 268 463 vettii
293 430 451 464 consilio
477 429 699 475 Pompeium
737 429 938 464 occidendi
971 430 1328 478 suspicionibusqne
1361 431 1472 468 huius
1495 435 1554 467 fa-

82 479 224 512 cinoris
248 479 293 512 ab
314 489 360 512 eo
383 479 422 511 in
441 479 536 512 alios
552 478 743 512 coniectis.
770 480 816 514 2-
831 480 866 513 3.
917 477 1101 517 Miserum
1120 489 1244 512 rernm
1265 487 1402 515 statum
1423 482 1554 529 deplo-

159 534 229 561 rat.
256 527 288 561 4.
340 528 481 562 Iterum
506 527 692 570 Atticum,
720 533 762 561 ut
784 538 895 573 quam
920 527 1083 572 primum
1108 527 1275 568 advolet,
1302 537 1420 575 rogat.
1447 533 1482 567 5.

578 614 766 651 CICERO
800 614 981 649 ATTICO
1013 613 1051 650 S.

187 681 311 733 Quas
338 682 575 725 Numestio
606 683 763 725 literas
793 682 923 734 dedi,
951 683 1020 724 sic
1049 686 1094 725 te
1123 684 1182 726 iis
1212 686 1479 736 evocabam,
1509 691 1558 727 ut

79 738 195 781 nihil
225 740 375 781 acrius
404 753 546 794 neque
576 739 810 780 incitatius
846 738 950 780 fieri
987 745 1150 794 posset.
1219 741 1291 783 Ad
1330 742 1460 783 illam
1498 744 1557 781 κέ-

16 815 20 836 ;·
77 801 206 836 λευσιν
233 796 349 837 adde
379 796 537 848 etiam,
567 796 606 836 si
637 795 747 850 quid
775 799 916 850 potes.
976 799 1045 836 Ac
1073 810 1128 837 ne
1161 797 1224 838 sis
1244 799 1555 851 perturbatus3

20 891 21 895 ,
78 854 183 895 novi
214 852 334 893 enim
362 855 407 893 te
436 855 480 892 et
510 865 597 892 non
627 852 809 906 ignoro,
847 864 979 905 quam
1009 853 1071 892 sit
1099 866 1224 894 amor
1252 854 1397 894 omnis
1427 854 1555 895 solli-

20 903 22 907 *
79 909 195 949 citus
226 912 359 962 atque
389 907 574 949 anxius:
605 907 685 948 sed
716 920 787 947 res
817 912 909 960 est,
941 911 990 947 ut
1011 921 1168 962 spero,
1198 922 1288 949 non
1312 913 1404 950 tam
1426 910 1555 950 exitu

78 964 291 1015 molesta,
332 977 465 1018 quam
507 963 647 1005 aditu.
715 961 901 1018 Vettius
940 963 1045 1016 ille,
1084 964 1167 1005 ille
1207 967 1362 1007 noster
1398 965 1554 1018 index,
1592 973 1618 1013 2

173 1084 204 1117 1.
231 1082 392 1117 Numest.
444 1080 479 1114 S.
506 1092 564 1127 ep.
593 1081 765 1122 XLVIII,
791 1084 824 1116 7.
873 1082 944 1116 Die
980 1079 1249 1126 gewohnliche
1282 1084 1555 1131 I'Vortstellung

15 1125 20 1171 ἶ,
78 1133 175 1164 ινὲἰτε
201 1130 299 1164 diese
324 1141 517 1175 gewesen:
559 1129 616 1162 Iis
641 1129 780 1170 literis,
807 1140 896 1174 quas
922 1129 970 1164 N.
998 1130 1091 1172 dedi,
1118 1130 1174 1163 sic
1200 1134 1235 1163 le
1261 1141 1357 1165 erec.
1393 1145 1411 1166 e
1439 1133 1556 1168 Grae-

15 1181 21 1194 ‘
76 1180 154 1223 cia,
191 1190 235 1212 ex
260 1179 397 1224 Epiro,
423 1177 490 1212 ich
515 1177 614 1210 habe
641 1177 740 1212 Dich
769 1177 1069 1223 hei-beigerufen.
1118 1180 1152 1212 S.
1179 1178 1330 1213 Ramsh.
1357 1182 1386 1225 ξ.
1414 1183 1495 1224 159,
1521 1184 1556 1223 3,

16 1242 20 1254 ·
75 1239 108 1263 c.
153 1227 268 1261 Diese
293 1227 421 1261 Briefe
446 1226 528 1262 sind
555 1226 744 1259 entweder
770 1226 878 1261 nicht
904 1227 1010 1260 mehr
1025 1225 1266 1269 verbanden,
1294 1228 1384 1262 oder
1409 1241 1446 1263 es
1471 1231 1556 1264 sind

74 1276 136 1309 die
161 1275 296 1310 niichst
318 1274 655 1320 vorhergehenden
681 1273 860 1319 gerneint.
910 1274 1008 1309 Statt
1031 1275 1078 1308 z'z's
1102 1277 1184 1309 Asc.
1215 1279 1247 1310 1.
1277 1278 1375 1310 Crat.
1398 1277 1497 1311 vict.
1522 1281 1554 1314 1.

20 1323 21 1326 ’
75 1325 207 1359 Lamb.
233 1322 300 1358 hz's.
326 1342 368 1349 -—-
396 1320 824 1368 incitatius,seiligeres,
850 1323 1120 1357 treibenderes.
1162 1323 1330 1358 Inciture
1345 1325 1392 1358 ist
1408 1327 1555 1373 eigent-

19 1381 21 1384 ⁴
74 1372 154 1406 lich
179 1383 264 1405 vom
288 1373 451 1405 Treiben
478 1372 544 1405 der
569 1372 704 1413 Rosse,
732 1371 798 1403 der
822 1370 956 1404 Kiihne
983 1371 1268 1416 gebriiuchlich.
1295 1391 1338 1396 ——
1364 1373 1428 1407 Ad
1451 1375 1557 1408 illam

76 1419 292 1454 κέλευσιν
319 1427 394 1457 cet.
446 1420 504 1452 Zu
528 1418 671 1452 diesem
697 1419 796 1452 Rufe
821 1420 911 1452 thue
938 1419 1038 1453 noch
1063 1421 1189 1454 Etvvas
1215 1420 1325 1454 hinzu
1351 1421 1388 1459 d.
1413 1422 1437 1455 i.
1465 1434 1558 1468 auge

16 1479 21 1504 ι
74 1470 200 1511 illam,
227 1469 345 1502 treibe
369 1468 473 1502 Dich
500 1468 631 1507 selbst,
656 1478 719 1500 uni
746 1468 850 1501 desto
877 1468 1064 1502 schneller
1090 1480 1138 1502 zu
1163 1469 1354 1507 kommen.
1397 1468 1479 1515 vgl.
1505 1472 1554 1505 ad

73 1518 216 1552 Divers.
243 1516 320 1557 XV,
349 1519 414 1552 20:
450 1515 587 1549 addere
612 1517 843 1560 aliquantum
876 1517 921 1549 ad
956 1528 1136 1553 amorem.
1186 1518 1317 1563 Virgil.
1348 1518 1488 1565 Georg.
1519 1522 1553 1562 1,

19 1586 21 1593 ι
72 1567 162 1601 513:
199 1565 340 1597 addunt
365 1566 403 1598 in
431 1564 549 1609 spatia
584 1564 664 1597 scil.
700 1565 824 1610 equi‚.
846 1564 900 1598 sie
932 1566 1160 1611 verdoppeln
1194 1565 1254 1599 die
1286 1568 1441 1601 Raume.
1492 1568 1554 1602 Sic

74 1613 170 1647 Cdd.
205 1613 353 1650 decurt.
387 1614 500 1646 Torn.
535 1613 620 1648 Bos.
648 1613 736 1657 Sqq.
762 1613 831 1645 illa
856 1609 1148 1658 κελεύσματα
1173 1615 1307 1648 Lamb.
1336 1616 1554 1650 celeritatem

17 1700 21 1711 Ι
72 1662 155 1697 Md.
180 1662 263 1698 Asc.
292 1663 323 1695 1.
352 1661 453 1696 Crat.
486 1661 587 1696 Vict.
617 1662 649 1694 1.
677 1662 713 1696 2.
747 1659 909 1700 κέλευσις
934 1676 984 1694 z
1008 1662 1206 1706 κέλευσμα,
1241 1663 1305 1696 der
1340 1664 1458 1697 Zuruf
1489 1666 1553 1698 des

72 1709 263 1753 κελευστὴς
287 1711 351 1743 auf
376 1710 448 1742 den
474 1709 661 1749 Schfffen,
689 1708 750 1742 des
775 1711 1000 1751 Kntschers,
1031 1711 1090 1744 die
1107 1711 1297 1754 Ruderer,
1324 1712 1462 1746 Pferde
1489 1724 1554 1746 an-

18 1758 19 1761 ’
71 1759 280 1792 zutreiben.
319 1777 366 1783 —-
409 1757 525 1794 aditu.
575 1756 637 1791 Sic
671 1758 755 1795 Md,
795 1758 918 1794 Oxon.
954 1761 985 1793 l.
1019 1759 1117 1795 Vict.
1157 1762 1192 1793 1.
1228 1761 1260 1795 2.
1297 1759 1391 1793 Oliv.
1426 1761 1554 1796 auditu

72 1808 189 1841 Oxon.
215 1809 250 1844 2.
280 1807 371 1841 Cdd.
397 1807 590 1852 plerique,
616 1806 711 1841 Edd.
739 1813 828 1841 cett.
859 1807 1056 1841 ORELLI.

166 1876 199 1910 2.
233 1876 275 1910 L.
313 1873 452 1910 Vettius
483 1874 667 1919 professus
701 1880 781 1908 erat
813 1886 850 1907 se
884 1875 928 1908 de
961 1875 1166 1910 inferendas
1191 1877 1374 1923 Pompeio
1407 1888 1499 1912 nece
1533 1890 1553 1912 a

72 1923 292 1969 quibusdam
318 1923 564 1957 sollicitatum
590 1929 693 1956 esses
727 1924 758 1955 A
782 1925 934 1957 Caesare
959 1935 1094 1969 nempe
1118 1926 1286 1969 pecuniis
1301 1926 1473 1959 inductus
1498 1927 1573 1959 ita·

72 1973 167 2006 dixit
192 1973 356 2006 invidiae
383 1972 547 2004 inimicis
574 1972 805 2005 Caesarianis
831 1973 1027 2005 faciendae
1054 1984 1179 2010 cansa.
1227 1974 1300 2007 Sed
1317 1975 1552 2008 mendacium

71 2020 364 2066 deprehenditur
390 2026 429 2052 et
461 2031 547 2053 rens
580 2020 662 2065 ipse
695 2021 741 2053 sit
773 2022 818 2053 de
849 2022 899 2054 vi.
959 2022 1103 2055 Vettius
1137 2022 1175 2054 in
1200 2029 1329 2056 senatu
1363 2024 1552 2056 confessus

18 2098 21 2118 ὅ
71 2076 146 2110 est,
173 2080 210 2101 se
236 2080 323 2102 cum
348 2069 424 2102 telo
449 2069 565 2102 fnisse
593 2071 659 2105 Cn,
688 2069 858 2115 Pompeii
883 2070 1138 2103 interficiendi
1166 2081 1288 2107 causa.
1330 2071 1419 2106 Vid.
1448 2072 1551 2105 Orat.

18 2120 20 2125 ’
73 2117 155 2154 Vat.
186 2118 242 2151 10.
271 2117 368 2151 Sext.
397 2118 455 2152 63.
496 2117 613 2150 Dion.
643 2117 848 2160 XXXVIII,
876 2119 940 2164 qui
973 2118 1059 2152 odio
1093 2119 1132 2150 in
1164 2120 1332 2153 Tullium
1368 2120 1553 2154 abductus

18 2198 21 2202 ,
71 2177 150 2199 rem
175 2177 327 2210 prorsus
353 2165 463 2204 aliter
489 2172 648 2198 enarrat.
698 2165 801 2200 Adde
828 2167 871 2200 de
899 2169 974 2200 eius
1000 2167 1151 2199 indiciis
1176 2167 1214 2200 in
1243 2179 1351 2201 causa
1373 2169 1551 2202 Catilina-

18 2213 21 2232 Υ
71 2215 127 2247 ria
151 2214 314 2247 Dionem
341 2216 440 2247 Caes.
470 2214 652 2250 XXXVII.
679 2227 715 2258 p.
751 2215 807 2250 48.
843 2215 889 2248 de
923 2216 1004 2260 ipso
1040 2216 1265 2260 interpretes
1297 2216 1466 2251 Suetonii
1505 2217 1551 2249 ad

18 2282 20 2286 ·
71 2263 173 2296 caes.
209 2274 241 2297 c,
279 2265 334 2297 17.
367 2263 430 2296 ubi
463 2262 556 2295 haec
589 2262 633 2295 de
675 2264 833 2297 Caesare
877 2264 1043 2297 Vettium
1084 2265 1317 2298 subornante
1354 2266 1550 2311 leguntur:

18 2341 21 2348 ,
72 2311 296 2352 „Postremo
323 2311 360 2343 in
387 2311 575 2344 universos
601 2311 765 2344 diversae
791 2313 972 2345 factionis
999 2313 1194 2346 inductum
1221 2314 1412 2358 pecuniis,
1447 2320 1488 2346 nt
1513 2325 1551 2345 se

17 2367 21 2395 ὲ
71 2359 116 2391 de
142 2359 341 2393 inferenda
373 2361 550 2405 Pompeio
587 2371 682 2392 nece
716 2361 963 2394 sollicitatum
991 2373 1010 2393 n
1037 2362 1258 2405 quibusdam
1284 2364 1545 2407 prossteretnr3

71 2408 353 2453 productusque
391 2420 462 2454 pro
496 2409 626 2442 rostris
660 2415 834 2442 auctores
865 2422 907 2442 ex
951 2417 1152 2455 compacto
1187 2411 1408 2443 nominaret.
1464 2409 1547 2449 Sed,

19 2451 21 2500 J
72 2466 143 2488 uno
169 2462 278 2501 atque
304 2457 423 2490 aliero
449 2458 590 2490 frustra
616 2467 683 2489 nec
709 2457 788 2489 sine
814 2458 1031 2504 suspicione
1057 2459 1201 2492 fraudis
1219 2459 1441 2498 nominatis,
1470 2464 1548 2491 tani

18 2514 22 2549 5
71 2504 290 2548 praecipitis
317 2506 466 2538 consilii
496 2511 670 2543 eventum
704 2506 900 2550 desperans
931 2507 1176 2552 intercepisse
1208 2518 1346 2539 veneno
1379 2506 1546 2539 indicem

19 2566 22 2579 ι
71 2551 282 2584 creditur.“
328 2554 441 2587 Index
466 2554 504 2586 in
533 2554 788 2587 coniuratione
818 2556 1053 2592 Catilinaria.
1106 2556 1170 2589 Bei
1205 2555 1455 2598 Gelogcnheit
1481 2554 1546 2587 der

70 2599 391 2634 catilinarischeu
424 2602 720 2646 Verschwbrung
753 2603 858 2636 hatte
891 2604 955 2637 ihn
998 2604 1130 2639 Cicero
1161 2603 1387 2647 gebraueht3
1430 2603 1547 2636 daher

10 2647 21 2691 ⁸:
70 2646 138 2679 ille
164 2652 296 2681 noster.
345 2650 458 2683 Iudex
490 2651 572 2684 Asc.
603 2654 632 2685 l.
672 2653 773 2684 Crat.
801 2654 881 2686 Urs.
910 2653 980 2685 cfr.
1015 2659 1138 2684 tamon
1174 2651 1339 2684 Oudend.
1368 2651 1413 2685 ad
1446 2653 1544 2685 Suet.

11 2723 13 2725 ,
70 2695 173 2729 Caes.
202 2699 254 2730 17.
283 2696 477 2731 ORELLI.
527 2699 622 2733 Eine
649 2700 959 2744 Verwechselnng
988 2701 1057 2732 mit
1084 2701 1125 2731 T.
1148 2697 1292 2732 Vettius
1318 2700 1451 2736 Index.
1480 2701 1544 2733 det

20 2787 21 2790 Ἴ
70 2743 122 2777 als
149 2745 302 2778 Praetor
328 2745 391 2778 des
418 2747 524 2780 lahrs
551 2750 619 2783 «595
646 2748 704 2781 die
730 2748 848 2781 sache
876 2750 939 2782 des
968 2749 1118 2782 Flaccus
1153 2747 1417 2789 nnntcrsuchtc,
1455 2750 1540 2781 wc}-
