1742 3006
530 73 845 120 EPISTOLA
873 73 1004 118 XXI.
1480 68 1538 117 61

54 203 234 245 sonem,
283 190 328 231 in
359 187 619 242 Curionem,
659 189 705 229 in
743 191 882 229 totam
912 187 1033 228 illam
1061 197 1239 227 manum
1279 183 1393 227 feci!
1452 199 1540 240 quo

54 248 188 288 modo
228 260 323 288 sum
352 247 588 286 insectatus
618 245 839 286 levitatem
869 257 1047 296 senum,
1087 243 1313 283 libidinem
1342 242 1541 282 iuventu-

55 305 135 345 tis!
193 302 358 357 Saepe,
399 302 462 341 ita
500 315 570 342 me
611 301 674 341 dii
714 301 885 341 iuvent!
944 304 988 340 te
1026 312 1113 338 non
1142 299 1282 339 solum
1312 303 1541 339 auctorem

55 359 340 401 consiliorum
370 370 568 398 meorum
586 388 597 408 ‚
627 369 779 399 verum
809 356 941 397 etiam
971 359 1267 408 spectatorem
1297 366 1542 408 pugnamm

54 415 346 456 mirificarum
386 413 648 455 desideravi.
733 412 900 453 Postea
949 423 1054 453 vero
1102 423 1231 464 quam
1271 409 1537 451 Hortensius

56 471 348 524 excogitavit,
395 473 443 510 ut
482 470 620 523 legem
660 468 714 509 de
742 468 957 522 religione
985 464 1138 508 Fufius
1168 467 1366 507 tribunus
1397 466 1538 520 plebis

56 527 218 576 ferret3
247 527 293 566 in
322 539 408 580 qua
436 524 546 566 nihil
577 525 700 566 aliud
728 538 755 565 a
784 523 1003 565 consulari
1043 521 1273 575 rogatione
1303 522 1542 563 differebat

55 584 142 623 nisi
171 583 367 623 iudicum
396 595 554 636 genus;
582 605 635 612 -—
664 582 710 621 in
740 594 793 621 eo
821 588 965 620 autem
996 583 1120 619 erant
1149 578 1320 626 omnia3
1350 602 1404 607 —
1433 591 1542 632 pug-

54 640 284 693 navitque,
333 642 381 679 ut
410 639 472 678 ita
501 637 649 679 fieret:
698 636 815 691 quod
853 640 896 677 et
933 634 1018 676 sibi
1057 637 1100 674 et
1129 634 1228 674 aliis
1260 637 1543 687 persuaserat

54 696 185 736 nullis
222 696 345 734 illum
384 693 604 734 iudicibus
641 694 836 748 effugere
875 703 1031 746 posse:
1072 691 1272 730 contraxi
1300 691 1412 740 vela,
1442 703 1542 744 per-

54 752 244 805 spiciens
275 751 468 804 inopiam
499 750 718 798 iudicum3
749 762 887 802 neque
916 747 1010 788 dixi
1040 746 1276 800 quidquam
1305 759 1387 800 pro
1416 746 1542 787 testi-

54 808 227 860 monio,
268 807 353 847 nisi
382 805 499 860 quod
528 810 623 847 erat
652 806 715 845 ita
743 809 893 845 notum
924 808 1054 857 atque
1092 806 1323 853 testatum,
1368 804 1416 842 ut
1454 815 1542 842 non

55 878 228 917 possem
258 863 509 917 praeterire.
567 863 735 915 Itaque,
765 861 804 902 si
826 873 1004 900 causam
1031 859 1207 912 quaeris
1232 857 1541 909 absolutionis,

54 944 109 949 -——
147 924 194 960 ut
232 919 320 959 iam
359 922 458 968 πρὸς
494 920 539 956 τὸ
576 917 768 967 πρότερον
797 920 1023 964 revertar,
1055 936 1106 943 —
1138 917 1308 967 egestas
1340 913 1538 954 iudicum

54 975 139 1016 suit
167 980 210 1016 et
237 973 474 1028 turpitudo.
544 972 600 1013 Id
629 978 774 1014 autem
803 977 850 1014 ut
879 971 1130 1021 accideret,
1161 970 1444 1011 commissum
1474 974 1542 1011 est

53 1137 122 1165 ret.
148 1150 192 1157 --
217 1143 375 1172 ortanum,
402 1135 527 1167 Rotte.
554 1149 599 1156 —-
642 1131 695 1164 ita
720 1154 729 1163 .
756 1155 764 1163 .
791 1129 918 1163 iuvent.
976 1121 1080 1164 Uber
1111 1127 1211 1161 diese
1243 1127 1545 1162 Schwurformel

53 1191 82 1214 s.
116 1180 265 1214 Ramsli.
299 1184 326 1225 ξ.
358 1182 435 1216 166.
468 1182 502 1215 3.
542 1182 586 1214 Ν.
622 1180 654 1214 2.
705 1179 854 1212 Grotef.
888 1180 919 1222 ᾗ.
954 1178 1035 1213 384.
1094 1179 1200 1210 Anni.
1233 1178 1268 1212 5.
1302 1195 1344 1201 —
1403 1180 1544 1210 auctor.

53 1239 150 1262 cotes.
174 1240 236 1270 m„
263 1229 384 1262 Deine
410 1231 704 1272 Unterstiitzung
731 1227 849 1259 durch
876 1233 990 1270 guten
1016 1225 1116 1261 Rath
1143 1225 1204 1259 bei
1230 1225 1374 1258 meinen
1401 1226 1544 1258 Maass-

55 1278 203 1322 regeln;
229 1282 336 1321 spect.
365 1278 484 1310 Deine
503 1278 727 1321 Gegenwart
753 1276 805 1307 als
824 1275 1048 1308 Zuschauer.
1075 1292 1119 1299 --
1145 1274 1299 1307 desider.
1327 1274 1541 1307 vermissen.

150 1328 183 1360 2.
234 1326 404 1359 Hortens.
454 1328 487 1359 S.
525 1325 606 1360 Cic.
642 1325 742 1357 Brut.
777 1335 811 1357 c,
844 1324 901 1357 823.
929 1335 963 1357 u.
1000 1323 1064 1367 fig.
1099 1340 1143 1346 —-
1188 1332 1317 1362 exc-og.
1358 1322 1427 1353 auf
1469 1321 1543 1354 den

54 1372 196 1406 Einfail
228 1373 417 1408 kommen.
451 1392 495 1398 —
545 1373 588 1405 de
613 1372 738 1414 relig..
764 1372 801 1404 iu
830 1372 950 1403 dieser
978 1370 1199 1403 Clodisclien
1227 1369 1541 1413 Religionssache.

55 1422 94 1454 in
127 1431 193 1465 qua
225 1420 350 1454 nihil.
378 1446 386 1454 .
417 1448 424 1455 .
459 1420 664 1463 differebat,
702 1419 826 1454 wobei
867 1419 994 1452 weiter
1034 1419 1117 1452 kcin
1152 1418 1404 1451 Unterschied
1443 1420 1547 1452 Stati:

55 1470 156 1507 fand,
183 1470 220 1502 in
250 1481 318 1514 qua
351 1471 447 1503 nulla
475 1469 686 1502 differentia
715 1475 816 1508 crat,
857 1467 946 1500 oder
973 1479 1066 1513 quac
1092 1467 1193 1500 nulla
1217 1478 1258 1499 re
1283 1466 1481 1499 differebat
1508 1478 1543 1505 a.

56 1518 214 1551 welches
240 1529 310 1551 von
337 1518 422 1552 dem
450 1517 731 1552 Senatsdecrete
759 1518 854 1549 bloss
881 1517 918 1548 in
947 1516 1031 1549 dem
1055 1516 1219 1559 eiuzigen
1237 1515 1438 1547 Umstande
1465 1526 1546 1548 ver-

55 1566 232 1599 scliieden
267 1578 361 1606 war;
402 1566 638 1611 impersonal.
673 1567 746 1598 wie
784 1569 998 1609 „quantum
1032 1563 1264 1597 differebat“
1302 1564 1368 1596 fiir
1401 1571 1545 1608 quanta

56 1621 136 1648 erat
167 1614 380 1648 differentia
415 1616 475 1648 bei
510 1613 586 1647 Cic.
615 1613 698 1646 Div.
734 1614 804 1650 11..
837 1614 892 1647 36.
928 1619 1019 1655 „est
1056 1612 1156 1657 quod
1191 1611 1370 1644 differat“
1398 1613 1462 1644 fiir
1487 1620 1546 1646 est

56 1663 278 1702 differentia,
307 1663 352 1696 de
379 1664 488 1698 offic.
517 1664 547 1701 I,
575 1663 630 1697 28.
659 1661 798 1703 „Nihil
824 1661 953 1694 differt
979 1664 1079 1694 inter
1105 1660 1224 1701 cet.,“
1251 1659 1295 1691 de
1321 1661 1544 1698 Nat.Deor.

56 1713 86 1749 Ι,
114 1713 174 1748 29.
209 1712 326 1752 „vide
360 1713 447 1757 quid
479 1711 629 1746 differat
661 1711 762 1743 inter
796 1721 917 1742 meam
945 1711 1161 1754 opinionem
1188 1714 1225 1740 et
1250 1710 1399 1746 tuani“‚
1435 1709 1544 1744 Orat.

55 1761 93 1793 in
121 1761 258 1794 Caecil.
291 1763 347 1797 19,
376 1780 420 1786 —-
446 1760 484 1793 in
509 1771 547 1792 co
569 1784 577 1792 .
610 1786 617 1793 .
646 1758 780 1799 omnia,
808 1759 940 1791 darauf
964 1759 1048 1791 kam
1083 1758 1172 1791 aber
1197 1756 1333 1801 gerade
1358 1756 1456 1790 Alles
1484 1770 1543 1792 au..

57 1827 100 1833 ——
135 1808 207 1841 nisi
232 1809 303 1841 iud.
330 1820 460 1850 getius,
503 1808 554 1841 als
587 1806 669 1840 dass
696 1807 757 1839 die
784 1807 943 1840 Richter
969 1812 1106 1840 anstatt
1131 1816 1217 1838 vom
1245 1806 1376 1838 prator
1403 1806 1544 1840 durch

57 1857 133 1889 das
166 1857 282 1890 Loos
313 1859 444 1890 sollten
478 1855 635 1889 erwiihlt
676 1856 836 1888 werden.
900 1857 1004 1889 lenes
1037 1857 1136 1887 weit-e
1169 1855 1254 1886 eine
1288 1854 1398 1887 Wahl
1437 1862 1546 1892 extra

56 1905 225 1938 ordinem
250 1916 436 1949 gewesen3
479 1905 580 1938 diese
614 1904 713 1936 ward
740 1904 784 1936 de
809 1915 914 1937 more
941 1903 1151 1949 angestellt,
1194 1914 1235 1935 so
1271 1902 1353 1935 dass
1379 1914 1440 1936 aus
1467 1904 1544 1937 den

54 1953 226 1987 Decuriis
254 1954 417 1988 iudicum
443 1954 587 1987 iudices
614 1952 796 1985 ordinarii
824 1953 986 1986 erlooset
1013 1950 1174 1986 wurden.
1233 1951 1281 1982 So
1307 1952 1450 1986 konnte
1476 1953 1546 1986 dex

56 2001 386 2039 Gerichtshandei,
413 2003 479 2035 wie
497 2002 627 2034 Cicero
653 2001 705 2034 im
722 2002 868 2034 voi-aus
896 2002 976 2040 sah,
1002 2002 1040 2034 in
1070 2000 1129 2033 die
1155 2000 1284 2033 H’a‘nde
1310 2000 1543 2046 armseliger,

54 2050 334 2083 bestechlieher
368 2051 523 2084 Richter
554 2050 755 2094 geratheii;
792 2061 868 2083 was
902 2049 1137 2090 Hortensius,
1170 2048 1290 2081 durch
1318 2050 1546 2094 Vox-spiege-

54 2099 193 2144 lungen
229 2098 291 2131 des
324 2100 454 2133 Fufius
488 2099 714 2143 geblendet,
753 2099 858 2131 nicht
884 2097 1055 2142 gemerkt
1077 2097 1203 2140 hatte,
1242 2096 1316 2130 und
1344 2109 1477 2131 wovon
1504 2109 1548 2131 er

54 2147 220 2179 nachher
246 2146 345 2180 doch
371 2147 591 2192 wenigstens
616 2147 722 2180 keine
755 2147 994 2180 sclilimmere
1029 2147 1166 2189 Folgen
1202 2145 1383 2190 besorgte.
1411 2164 1455 2170 -
1507 2150 1547 2180 ut

56 2196 110 2228 ita
129 2194 252 2235 fleret,
281 2195 417 2228 kiirzcr
444 2196 521 2229 und
549 2195 783 2235 kraftvoller,
811 2197 862 2228 als
888 2200 925 2228 ut
950 2195 989 2228 id
1012 2195 1064 2229 ita
1083 2194 1212 2235 fieret,
1239 2205 1310 2226 was
1339 2195 1432 2229 Cod.
1457 2195 1548 2230 Bal-

57 2244 135 2276 liol.
170 2255 202 2277 u.
235 2244 292 2276 ed.
318 2247 466 2279 Ascens.
495 2246 526 2278 l.
553 2245 693 2289 geben,
727 2255 783 2277 wo
810 2244 872 2276 das
901 2244 1108 2276 Pronomen
1135 2242 1303 2275 sie-hibat
1330 2242 1398 2276 der
1422 2245 1547 2277 Intes-

54 2299 150 2336 pret.
178 2292 304 2325 seinen
338 2294 524 2338 Ursprung
557 2293 746 2326 verdankt.
795 2293 977 2335 pugnavit
1011 2289 1234 2324 bezeichnet
1265 2290 1352 2323 sehr
1382 2291 1549 2324 treffend

56 2340 127 2372 den
145 2342 247 2374 Eifer
262 2341 325 2374 des
345 2343 582 2381 Hortensius,
609 2341 696 2375 dem
711 2341 852 2381 Fufius,
880 2352 941 2373 uin
962 2340 1118 2375 Clodius
1141 2350 1187 2372 zu
1200 2345 1338 2380 renen,
1368 2340 1546 2384 eingere-

56 2388 121 2421 det
148 2389 273 2429 hatte,
307 2391 386 2422 sein
415 2389 619 2434 Vorschlag
646 2389 766 2422 werde
794 2390 854 2422 die
880 2389 1099 2432 allgemeine
1126 2388 1323 2420 Eintracht
1357 2388 1546 2430 crhalten,

55 2436 156 2469 oline
182 2438 246 2470 der
272 2438 559 2483 Gerechtigkeit
583 2449 629 2470 zu
655 2437 817 2471 schaden
844 2449 880 2472 u.
906 2437 1002 2470 ohne
1028 2436 1207 2481 weniger,
1235 2437 1286 2468 als
1314 2435 1373 2468 die
1397 2436 1547 2481 rogatio

57 2486 276 2528 consularis,
303 2487 576 2522 auszurichten.
604 2504 648 2512 -—-
674 2487 787 2519 mallis
812 2513 819 2520 .
850 2513 857 2520 .
885 2486 1012 2524 indic„
1039 2496 1114 2518 wer
1140 2483 1235 2517 auch
1263 2483 1361 2516 seine
1387 2484 1547 2518 Richter

56 2533 133 2567 sein
160 2533 343 2568 mocliten.
393 2537 429 2570 S.
458 2534 610 2568 Ramsh.
637 2535 670 2578 §.
701 2536 779 2570 172.
808 2537 838 2569 l.
866 2547 900 2571 a.
922 2553 969 2559 —-·
994 2535 1088 2577 inop.
1114 2531 1187 2566 iud.
1215 2533 1239 2564 i.
1266 2543 1296 2563 e.
1323 2539 1546 2576 egestatem,

56 2588 210 2626 propter
249 2594 358 2626 quam
398 2597 419 2617 a
458 2583 589 2619 Clodio
621 2583 737 2616 facile
769 2584 966 2628 corrumpi
1000 2588 1171 2627 possent,
1216 2598 1259 2604 —
1309 2591 1379 2623 pro
1412 2581 1544 2616 testim.

56 2630 180 2674 Quum
218 2630 365 2664 Clodius
396 2632 584 2667 iudicibus
616 2643 654 2663 se
686 2631 935 2676 probaturum
967 2632 1198 2668 affirmaret,
1234 2639 1306 2672 quo
1334 2630 1394 2661 die
1422 2630 1461 2662 in
1487 2640 1546 2662 sa-

56 2678 127 2710 cris
153 2679 277 2711 Bonae
303 2679 552 2725 deprehensus
577 2680 790 2720 diceretur,
825 2691 866 2713 eo
894 2680 953 2712 die
979 2682 1212 2712 Interamnae
1235 2676 1331 2720 apud
1356 2678 1398 2711 C.
1425 2678 1547 2712 Cassi-

53 2726 154 2758 nium
178 2726 354 2760 Scliolam
379 2730 514 2771 fuisse,
544 2729 675 2761 Cicero
703 2736 832 2762 contra
857 2734 1012 2761 testatus
1037 2733 1110 2767 est,
1149 2736 1192 2757 eo
1219 2724 1278 2756 die
1305 2736 1342 2756 se
1369 2725 1546 2760 Clodium

53 2774 157 2807 domi
185 2776 396 2809 convenisse
422 2784 458 2810 et
487 2777 690 2810 allocutum
717 2788 806 2810 esse.
858 2777 941 2810 Vid.
969 2773 1162 2810 Plutarch.
1200 2772 1236 2805 in
1271 2774 1392 2808 Cicer.
1440 2774 1542 2807 MA-
