1742 3006
155 85 248 134 ⁴160
415 88 477 129 M.
509 89 564 130 T.
607 85 946 129 CICERONIS
997 48 1368 152 EPISTQLAE.

155 215 273 243 mum
303 206 425 251 erat,
455 199 575 255 quod
606 198 834 252 antiquior
864 197 962 238 dies
992 197 1038 237 in
1079 197 1169 238 tuis
1208 196 1370 240 fuisset
1408 198 1635 254 adscripta
1676 205 1686 209 “

156 258 320 308 literis,
350 269 483 310 quam
512 256 560 295 in
589 254 810 295 Caesaris.
877 253 935 293 Id
965 251 1081 293 facit
1111 252 1284 307 Oppius
1328 267 1637 309 nonnunquam

156 313 425 364 necessario,
454 314 518 363 ut,
548 324 680 366 quum
709 309 972 350 tabellarios
1002 310 1290 350 constituerit
1318 310 1499 351 mittere
1534 311 1636 351 lite-

159 381 316 423 rasque
355 380 382 408 a
422 367 551 408 nobis
581 367 833 419 acceperit,
879 364 1032 417 aliqua
1070 377 1119 405 re
1147 378 1264 405 nova
1292 365 1566 420 impediatur
1594 370 1638 408 et

156 423 412 467 necessario
442 423 610 473 serius,
640 434 773 476 quam
801 420 1123 473 constituerat,
1153 421 1331 462 mittat:
1381 435 1523 476 neque
1555 435 1634 463 nos

155 480 273 521 datis
304 480 394 519 iam
423 479 631 533 epistolis
663 477 782 516 diem
813 477 1077 516 commutari
1100 489 1315 518 curemus.
1377 477 1549 518 Scribis
1579 477 1635 518 de

157 535 366 577 Caesaris
407 547 577 575 summo
626 533 674 573 in
713 545 793 572 nos
834 543 1000 573 amore.
1069 531 1203 572 Hunc
1234 536 1279 573 et
1309 537 1356 573 tu
1386 532 1561 575 fovebis
1592 538 1638 574 et

156 605 236 633 nos
266 591 602 646 quibuscunque
632 588 880 642 poterimus
912 587 1042 627 rebus
1071 588 1341 641 augebimus.
1398 589 1470 630 De
1500 589 1636 630 Pom-

156 647 284 702 peio,
330 649 375 687 et
404 645 526 687 facio
556 644 804 698 diligenter
831 647 877 683 et
906 641 1070 683 faciam
1099 642 1219 696 quod
1248 657 1413 687 mones.
1501 645 1635 696 Quod

155 704 241 745 tibi
287 716 388 743 mea
437 700 675 756 permissio
723 698 969 740 mansionis
1017 703 1119 739 tuae
1169 704 1299 752 grata
1325 704 1416 752 est,
1462 701 1510 741 id
1540 714 1638 755 ego,

155 772 327 800 summo
356 771 455 798 meo
486 756 643 797 dolore
674 758 720 796 et
747 754 998 806 desiderio,
1027 757 1176 794 tamen
1205 767 1264 794 ex
1293 759 1422 807 parte
1450 757 1635 809 gaudeo.

155 816 210 856 In
250 812 549 868 Hippodamis
589 816 636 853 et
672 810 898 852 nonnullis
928 809 1034 851 aliis
1064 810 1343 851 arcessendis
1373 811 1481 865 quid
1513 813 1636 866 cogi-

157 878 249 923 tes,
302 883 392 911 non
422 868 647 922 intelligo.
711 866 854 909 Nemo
885 866 1076 906 istorum
1105 868 1187 918 est,
1217 865 1326 920 quin
1356 867 1433 907 abs
1463 870 1508 907 te
1537 881 1633 908 mu-

156 940 264 978 nus,
303 924 431 967 fundi
461 923 701 965 suburbani
729 923 898 974 instar,
927 924 1175 975 exspectet.
1235 922 1501 963 Trebatium
1529 935 1636 965 vero

156 995 302 1024 meum
341 980 462 1036 quod
503 981 592 1021 isto
632 978 899 1030 admisceas,
950 976 1071 1017 nihil
1111 980 1192 1018 est.
1268 977 1368 1032 Ego
1409 978 1540 1019 illum
1580 978 1636 1020 ad

155 1039 395 1080 Caesarem
423 1036 551 1084 misi;
581 1034 660 1089 qui
688 1032 802 1074 mihi
831 1034 921 1073 iam
951 1031 1188 1074 satisfecit.
1268 1032 1318 1074 Si
1359 1034 1448 1089 ipsi
1476 1035 1637 1087 minus,

156 1097 387 1149 praestare
418 1091 538 1132 nihil
569 1091 733 1131 debeo:
765 1092 896 1143 teque
926 1087 1036 1129 item
1065 1089 1120 1129 ab
1150 1102 1202 1129 eo
1232 1089 1417 1131 vindico
1448 1093 1494 1131 et
1523 1091 1636 1131 libe-

156 1164 220 1192 ro.
282 1147 416 1198 Quod
447 1147 608 1188 scribis
638 1148 683 1186 te
712 1158 740 1186 a
769 1144 962 1186 Caesare
991 1144 1196 1198 quotidie
1225 1145 1325 1199 plus
1355 1146 1514 1199 diligi,
1554 1146 1637 1186 im-

157 1292 270 1335 verb„
298 1291 359 1324 ein
388 1288 569 1323 ziemlich
595 1288 853 1322 wortreicher.
896 1307 940 1313 -
991 1288 1084 1332 quod
1109 1288 1218 1333 antiq.
1247 1315 1255 1323 .
1283 1314 1291 1322 .
1319 1315 1326 1323 .
1354 1290 1548 1335 Caesaris,
1574 1291 1636 1324 ich

157 1342 261 1375 hatte
295 1339 455 1373 meinem
488 1337 615 1371 Briefe
647 1349 693 1371 an
717 1337 816 1371 Dich
850 1336 911 1369 ein
944 1336 1120 1370 fruheres
1145 1338 1284 1371 Datum
1310 1338 1534 1383 beigesetzt,
1587 1340 1640 1373 als

159 1391 229 1424 den
255 1388 409 1423 Briefen
436 1398 481 1419 an
509 1388 631 1419 casar.
657 1404 704 1409 —-
731 1385 772 1418 C.
803 1384 956 1429 oppius,
983 1385 1043 1417 ein
1071 1385 1398 1432 Geschiiftstriiger
1423 1387 1485 1420 des
1511 1388 1640 1421 C'zisars

157 1440 199 1471 in
232 1438 344 1471 Rom.
363 1455 408 1461 —
434 1445 542 1479 neque
563 1459 592 1468 ..
612 1444 793 1475 caremus,
826 1432 904 1466 und
931 1432 994 1466 ich
1021 1432 1204 1478 folglich,
1248 1434 1331 1467 weil
1367 1435 1488 1468 meino
1513 1436 1638 1469 Briefe

156 1486 277 1520 sehon
311 1483 529 1529 abgegeben
565 1482 670 1525 sind,
723 1482 805 1514 eine
829 1480 1078 1527 Abanderung
1116 1482 1181 1515 des
1217 1482 1372 1516 Datums
1398 1483 1504 1517 darin
1531 1483 1639 1517 nicht

159 1534 271 1568 mehr
304 1534 490 1578 besorgen
515 1531 653 1565 kann.“
698 1529 752 1564 An
779 1528 970 1565 curamus?
997 1529 1128 1567 Lamb.
1165 1531 1439 1565 commutandum
1465 1542 1636 1566 curemus.

256 1647 292 1683 9,
332 1645 392 1678 De
418 1643 612 1687 Pompeio,
652 1654 724 1676 was
751 1642 821 1675 den
845 1641 1046 1686 Pompeius
1071 1641 1230 1674 betrifft.
1263 1660 1306 1667 —
1347 1651 1426 1674 mea
1447 1641 1638 1685 permissio

163 1699 246 1727 tuae
271 1704 395 1732 mans„
421 1692 546 1726 meine
572 1691 841 1735 Einwilligung
866 1701 910 1722 zu
936 1690 1075 1723 Deiner
1100 1690 1249 1734 hingem
1276 1690 1550 1731 Abwesenheit,
1594 1703 1639 1724 zu

161 1741 324 1776 Deine'm
361 1742 537 1785 langereu
570 1740 782 1784 Vberweilen
815 1739 875 1771 bei
905 1740 1018 1771 cesar
1053 1738 1165 1780 (ietzt
1190 1738 1229 1771 in
1255 1738 1499 1780 Britannica).
1525 1757 1570 1763 —
1597 1749 1639 1771 esc

158 1794 285 1834 parte,
331 1789 488 1822 anderer
513 1787 619 1821 Seits.
647 1788 768 1830 aliqua
795 1797 838 1819 ex
859 1797 894 1829 p.
921 1786 1053 1820 Lamb.
1106 1804 1149 1810 —
1198 1786 1237 1819 in
1269 1786 1519 1830 Hippodamis.
1578 1786 1639 1819 Sic

162 1839 305 1871 dictum
332 1837 494 1883 accipio,
522 1842 561 1868 ut
586 1841 641 1868 est
666 1836 768 1868 infra
793 1835 861 1878 Ep.
889 1836 923 1869 9.
947 1835 1143 1867 multorum
1169 1833 1439 1868 Philotimorum
1465 1838 1535 1874 est,
1570 1844 1638 1868 non

162 1885 405 1929 Diphilorum.
455 1885 525 1918 Est
549 1883 687 1927 igitur:
714 1884 780 1924 „in
807 1882 990 1915 eiusmodi
1015 1882 1247 1920 hominibus,
1282 1881 1400 1925 qualis
1425 1886 1475 1915 est
1500 1882 1637 1926 Hippo-

159 1935 324 1968 damas.“
371 1932 604 1977 hippodamis,
631 1932 734 1976 quasi
760 1941 965 1974 „equorum
994 1929 1287 1962 doinitoribus:“
1332 1931 1420 1962 Ern.
1447 1930 1637 1973 Hippoda-

160 1994 213 2016 mo
239 1982 328 2015 Sch.
355 1982 453 2014 coni.
481 1981 636 2013 Liinem.
668 1977 861 2012 ORELLI.
887 1977 921 2010 S.
948 1977 1094 2011 Grotef.
1123 1978 1155 2021 §.
1182 1979 1262 2013 278.
1295 1979 1410 2018 „was
1435 1979 1495 2010 Du
1521 1978 1639 2012 damit

160 2041 274 2075 sagen
297 2029 419 2069 willst,
445 2028 509 2062 ich
536 2027 629 2061 solle
645 2027 712 2062 Dir
729 2026 829 2059 noch
849 2026 1010 2058 manner
1037 2026 1105 2058 wie
1134 2025 1387 2070 Hippodamus
1414 2026 1488 2058 und
1513 2026 1636 2071 einige

159 2079 296 2112 andere
321 2078 496 2111 kommen
522 2077 651 2115 lassen,
678 2073 851 2109 verstehe
875 2073 938 2107 ich
964 2074 1107 2107 niclrt.“
1161 2072 1362 2107 Vielleicht
1396 2074 1498 2107 hatte
1524 2075 1637 2119 Quin-

160 2120 221 2161 tiis
255 2127 395 2160 seinem
425 2124 570 2159 Bruder
603 2124 723 2157 damit
758 2122 966 2156 vorwerfen
1001 2123 1155 2162 wellen,
1208 2123 1258 2155 als
1292 2134 1401 2156 wenn
1428 2133 1469 2156 er
1491 2122 1572 2156 ihm
1597 2134 1638 2155 so

160 2176 254 2209 viele
278 2176 396 2209 Lente
423 2174 488 2207 auf
514 2174 586 2206 den
612 2172 701 2206 Hals
728 2170 913 2211 schickte,
953 2170 1013 2202 die
1047 2170 1132 2217 ci-ort
1163 2171 1223 2203 ilu-
1265 2171 1389 2204 Gliick
1417 2169 1536 2203 durch
1570 2171 1636 2203 ihu

161 2224 326 2257 macheu
354 2223 528 2263 wollten;
570 2221 663 2254 oder
687 2220 840 2254 Marcus
864 2224 996 2252 warnt.
1046 2219 1149 2253 Uber
1190 2218 1354 2264 Hippod.
1390 2230 1415 2251 s.
1442 2217 1478 2262 §.
1507 2220 1563 2253 21.
1595 2238 1636 2244 —

162 2291 208 2296 —
236 2271 329 2315 quin.
381 2271 415 2304 S.
442 2269 597 2304 Ramsh.
623 2271 650 2313 §.
679 2269 759 2303 185.
787 2267 933 2300 Grotef.
961 2269 988 2311 ᾗ.
1016 2267 1098 2306 404,
1124 2268 1157 2301 3.
1187 2284 1229 2291 —
1263 2267 1333 2300 isto
1360 2280 1409 2297 z
1433 2266 1528 2299 istuc
1556 2267 1577 2299 i.
1607 2277 1637 2300 e.

161 2321 242 2353 istis
277 2318 523 2364 Hippodamis
558 2324 594 2349 et
628 2316 781 2349 ceteris.
817 2314 933 2348 ERN.
986 2315 1097 2356 „Den
1122 2315 1320 2349 Trebatius
1355 2321 1472 2347 musst
1497 2315 1558 2347 Du
1585 2315 1637 2347 ie-

163 2366 265 2401 doch
289 2367 399 2399 nicht
424 2372 534 2399 unter
560 2365 659 2398 diese
686 2364 807 2398 Classe
831 2374 901 2396 von
926 2362 1134 2397 Menschen
1162 2364 1306 2401 zfflssen,
1334 2362 1394 2395 die
1415 2363 1540 2396 Etwas
1567 2374 1636 2396 von

163 2416 234 2449 Dir
269 2416 499 2447 erwarten.“
525 2432 572 2438 —
599 2413 648 2446 acl
679 2414 782 2446 Caes.
807 2411 903 2444 misi.
954 2411 991 2447 S,
1021 2422 1078 2455 ep.
1110 2411 1323 2450 CXXXIII,
1350 2412 1382 2445 2.
1409 2411 1445 2446 3.
1484 2429 1527 2434 —
1578 2411 1639 2455 qui

163 2465 244 2498 scil.
273 2463 472 2496 Trebatius
498 2462 582 2495 milti
606 2461 677 2494 iam
703 2459 898 2502 satisfecit,
927 2459 1012 2492 weil
1038 2458 1103 2491 ich
1129 2460 1199 2492 mit
1223 2459 1302 2492 ihm
1327 2457 1518 2491 zusrieden
1547 2470 1635 2490 war.

164 2512 248 2554 quia
281 2512 370 2545 Ern.
405 2510 529 2544 tacite.
554 2508 640 2543 sch.
668 2509 827 2544 Li'mem.
852 2513 984 2540 contra
1020 2513 1109 2541 cett.
1136 2507 1228 2540 Cdd.
1257 2513 1295 2539 et
1319 2506 1413 2539 Edd.
1442 2505 1636 2540 ORELLI.

164 2559 361 2603 Riehtiger
385 2559 476 2591 wird
501 2558 562 2602 qui
587 2557 653 2590 auf
678 2557 823 2591 C'dsar
850 2555 901 2588 als
929 2556 992 2588 das
1025 2555 1203 2589 zuniichst
1226 2553 1468 2588 vorstehcnde
1498 2565 1637 2588 nomen

165 2609 330 2650 benogen
357 2619 393 2643 u.
419 2606 508 2640 milti
533 2604 716 2646 satisfecit
743 2604 889 2637 erkltirt
915 2603 1057 2636 durch:
1099 2615 1139 2636 er
1166 2604 1231 2636 hat
1257 2603 1329 2636 mir
1354 2601 1637 2646 befriedigende

166 2654 509 2702 Versprechungen
538 2654 574 2686 in
601 2652 774 2686 Hinsicht
800 2651 863 2684 des
888 2652 1089 2686 Trebatius
1114 2652 1302 2696 gemacht.
1330 2669 1372 2674 —
1399 2650 1441 2684 Se·
1465 2650 1535 2693 ipsi
1561 2650 1588 2687 i.
1605 2661 1635 2682 e.

164 2704 313 2736 Caesari
341 2704 456 2737 minus
481 2701 705 2736 satisfecerit
729 2699 945 2739 Trebatius,
989 2700 1173 2744 richtigcr
1208 2701 1251 2733 St
1287 2701 1419 2731 Caesar
1452 2698 1524 2740 ipsi
1556 2699 1579 2732 i.
1607 2709 1635 2730 e.

170 2751 346 2785 Trebatio
374 2752 455 2785 min.
484 2751 649 2792 satisscc.
699 2748 732 2782 S.
761 2760 820 2793 ep.
851 2746 1043 2784 CXXXIX.
1086 2767 1129 2773 —-
1180 2751 1370 2791 praestare
1396 2744 1486 2779 nilu‘l
1517 2745 1633 2785 ‹lt-beo,
