1742 3006
159 90 252 140 494
434 93 494 134 M.
527 92 583 133 Τ.
617 87 961 133 CICERONIS
992 88 1370 134 EPISTOLAE.

159 262 315 317 quales
345 264 391 302 tu
420 259 603 301 eosdem
640 259 688 300 in
718 272 788 300 me
818 258 975 300 videre
1005 257 1205 312 potuisti.
1230 253 1233 258 ’
1276 257 1404 307 Quae
1443 273 1513 301 me
1551 274 1646 303 mo-

159 321 334 368 verunt,
371 315 620 357 movissent
657 314 812 356 eadem
851 318 896 355 te
935 312 1156 368 profecto.
1225 312 1330 367 Sed,
1379 328 1645 371 quocunque

159 380 357 427 tempore
395 370 513 413 mihi
549 373 746 426 potestas
785 369 1034 424 praesentis
1062 370 1130 411 tui
1159 368 1312 422 fuerit,
1351 374 1401 412 tu
1430 371 1521 413 eris
1551 386 1644 413 om-

159 429 282 471 nium
317 427 578 469 moderator
614 425 911 468 consiliorum
947 439 1171 467 meorum:
1219 425 1306 467 tibi
1353 425 1441 468 erit
1482 427 1657 481 eidem,

160 484 234 526 cui
271 484 395 525 salus
432 496 532 524 mea
568 482 670 535 fuit,
710 481 844 523 etiam
882 480 1080 536 dignitas
1119 494 1266 524 curae.
1346 480 1424 523 Me
1463 483 1646 538 quidem
1710 531 1711 534 Ἴ

158 543 282 580 certe
309 543 485 580 tuarum
514 538 753 590 actionum,
794 537 1130 591 sententiarum,
1169 538 1465 592 voluntatum,
1495 552 1646 580 rerum

158 595 352 651 denique
383 594 579 636 omnium
607 593 782 636 socium
811 592 1108 647 comitemque
1137 592 1345 635 habebis:
1389 608 1532 649 neque
1562 594 1646 635 mi-

158 651 211 693 hi
250 650 298 691 in
339 650 462 692 omni
500 649 597 692 vita
635 663 708 691 res
752 652 843 689 tam
889 648 976 690 erit
1014 650 1109 689 ulla
1146 649 1392 703 proposita,
1433 660 1566 705 quam
1595 656 1645 692 ut

159 706 364 762 quotidie
392 704 702 749 vehementius
732 710 776 745 te
806 704 862 745 de
892 717 962 745 me
992 704 1160 759 optime
1188 705 1394 747 meritum
1423 720 1522 748 esse
1551 707 1644 747 lae-

93 762 146 803 23
160 768 268 806 tere.
328 762 463 813 Quod
495 774 641 816 rogas,
671 764 720 802 ut
747 773 847 801 mea
873 760 959 802 tibi
990 759 1161 814 scripta
1187 759 1375 812 mittam,
1406 775 1519 816 quae
1542 766 1644 816 post

159 820 409 861 discessum
455 821 580 859 tuum
632 816 915 872 scripserim:
976 819 1079 858 sunt
1135 815 1361 858 orationes
1411 818 1643 871 quaedam,

158 889 268 931 quas
298 873 558 916 Menocrito
589 872 727 915 dabo:
755 886 897 926 neque
927 872 991 914 ita
1019 871 1210 921 multae3
1250 885 1306 912 ne
1334 872 1641 927 pertimescas.

116 966 117 969 ,
158 930 336 986 Scripsi
365 929 501 972 etiam
537 952 589 959 -
630 942 730 970 nam
768 928 903 969 etiam
941 929 994 968 ab
1034 927 1313 968 orationibus
1354 927 1542 984 diiungo
1571 941 1642 972 me

157 987 254 1029 fere
284 986 520 1040 referoque
560 985 617 1025 ad
654 983 976 1025 mansuetiores
1006 982 1177 1033 Musas,
1209 996 1322 1038 quae
1352 998 1422 1025 me
1450 984 1642 1026 maxime

157 1043 278 1086 sicut
313 1042 402 1084 iam
444 1055 470 1081 a
506 1040 651 1095 prima
688 1039 995 1081 adolescentia
1035 1039 1340 1080 delectarunt:
1381 1064 1434 1070 —
1476 1040 1642 1096 scripsi

156 1098 298 1154 igitur
333 1095 603 1139 Aristotelio
653 1109 801 1148 more,
851 1094 1223 1150 quemadmodum
1270 1094 1452 1149 quidem
1499 1097 1641 1150 volui,

156 1160 250 1197 tres
291 1154 434 1195 libros
472 1152 522 1192 in
560 1150 863 1205 disputatione
895 1164 948 1191 ac
976 1150 1159 1205 dialogo
1190 1151 1246 1192 de
1278 1151 1487 1206 Oratore,
1527 1166 1640 1208 quos

157 1210 352 1252 arbitror
380 1208 575 1249 Lentulo
606 1210 683 1248 tuo
713 1206 812 1248 fore
842 1220 929 1248 non
959 1206 1159 1248 inutiles.
1231 1206 1493 1249 Abhorrent
1521 1208 1640 1250 enim

156 1279 182 1307 a
221 1263 526 1307 communibus
566 1263 844 1318 praeceptis,
885 1266 1015 1316 atque
1056 1276 1231 1303 omnem
1273 1264 1555 1319 antiquorum
1596 1269 1642 1305 et

161 208 358 261 apertum
398 208 443 246 et
483 203 748 258 simplicem.
823 201 937 243 Vidi
975 215 1059 256 ego
1098 202 1315 257 quosdam
1353 203 1401 244 in
1442 206 1487 245 te
1516 206 1646 258 tales,
1710 151 1739 366 ξ

1713 353 1742 592 ἰ

1715 593 1734 671 2?

1723 858 1734 891 ἓ

156 1436 288 1472 crimis
315 1432 486 1470 suffusos.
519 1451 562 1457 -—-
588 1431 799 1476 simplicem,
825 1431 924 1465 ohne
950 1431 1109 1473 Falsch3
1137 1431 1190 1464 im
1205 1431 1368 1479 Gegens.
1396 1443 1471 1466 von
1496 1432 1639 1478 duplex

155 1499 187 1520 z.
204 1486 244 1520 B.
271 1484 312 1517 in
326 1484 457 1517 Horat.
485 1481 549 1516 Od.
569 1482 599 1523 I,
625 1483 660 1520 6,
687 1483 720 1515 7.
748 1480 855 1514 Ovid.
882 1480 964 1513 Am.
992 1480 1023 1519 I,
1053 1481 1109 1517 12,
1137 1481 1193 1514 27.
1220 1498 1266 1504 —
1291 1491 1435 1514 movere
1458 1481 1638 1524 aliquem,

155 1535 222 1568 auf
242 1530 446 1567 lemanden
472 1529 701 1570 einwirken,
734 1528 898 1563 xvh-ken.
954 1548 997 1554 —
1045 1531 1208 1571 potestas
1229 1539 1351 1571 praes.
1380 1530 1432 1562 tui
1457 1543 1506 1561 Ξ
1531 1529 1639 1574 copia

185 1580 389 1615 raesentiae
415 1585 500 1612 tuae
527 1580 626 1612 sac-ta
651 1576 781 1619 suerit,
809 1575 995 1610 wannehr
1022 1575 1087 1609 ich
1114 1575 1211 1609 auch
1235 1576 1378 1610 Deiner
1404 1576 1637 1624 Gegenwart
1706 1615 1712 1623 ι

154 1630 266 1664 sollte
290 1627 437 1663 wieder
460 1625 620 1660 habhaft
646 1623 852 1673 geworden
878 1624 980 1668 sein3
1006 1624 1193 1658 wannehr
1219 1624 1284 1657 ich
1310 1623 1405 1658 auch
1430 1625 1492 1658 das
1510 1625 1638 1659 Gliick
1695 1637 1701 1644 ·

154 1678 297 1712 Deiner
322 1676 557 1723 Gegenwart
593 1673 742 1707 wieder
766 1673 965 1720 geniessen
991 1672 1112 1709 sollte.
1164 1691 1207 1696 --
1258 1673 1324 1706 tibi
1351 1699 1357 1704 .
1384 1697 1391 1704 .
1422 1698 1429 1706 .
1457 1683 1578 1707 curae.
1607 1685 1636 1706 s.

153 1724 307 1760 Ramsh.
337 1723 366 1766 ξ).
398 1725 478 1762 120,
506 1725 538 1756 1.
566 1722 713 1755 Grotef.
741 1720 769 1763 §.
796 1722 879 1756 392.
905 1720 1017 1755 Anm.
1049 1723 1081 1755 1.
1708 1724 1724 1764 ᾖ

247 1797 306 1831 23.
342 1795 443 1830 Quod
467 1804 593 1835 rogaS,
620 1805 696 1827 was
723 1793 842 1827 Deine
869 1792 967 1826 Bitte
994 1791 1153 1826 betrifft.
1204 1791 1240 1825 S.
1269 1791 1420 1825 Ramsh.
1446 1792 1558 1834 §.182
1585 1793 1634 1826 N.
1695 1791 1715 1825 ζ’

155 1848 187 1880 1.
216 1844 363 1878 Grotef.
403 1843 432 1885 ἕ.
461 1843 542 1876 253.
606 1842 679 1874 Hic
713 1852 833 1875 novae
867 1841 1063 1885 Epistolae
1091 1840 1243 1874 initium
1269 1839 1414 1873 faciunt
1427 1839 1518 1874 cad.
1544 1839 1634 1883 aliq.
1696 1831 1703 1839 ‘

155 1893 229 1928 ΟΒ.
259 1910 300 1915 -
328 1890 515 1924 orationes
541 1890 713 1933 quaedam
739 1901 770 1921 z.
798 1889 838 1922 B.
867 1899 936 1933 pro
965 1890 1002 1921 P.
1029 1888 1164 1926 Sestio,
1191 1888 1231 1919 in
1255 1887 1455 1928 Vatinium,
1481 1888 1526 1920 de
1545 1899 1632 1933 pro-

151 1939 288 1975 vinciis
315 1937 596 1977 consularibus,
638 1937 676 1969 in
705 1936 888 1976 Pisonem,
933 1947 1004 1979 pro
1041 1937 1086 1968 M.
1122 1935 1265 1969 Coelio.
1315 1954 1358 1959 -
1409 1936 1633 1976 Menocrito,

151 1987 307 2023 Lentuli
331 1986 481 2020 liberto.
533 1985 743 2018 Menecratz'
768 1984 1006 2030 Mart-Lag.
1051 1984 1124 2017 ΟΠ.
1153 2003 1195 2008 —
1222 1994 1264 2016 ne
1283 1984 1441 2026 pertint,
1468 1984 1539 2017 lass
1565 1985 1634 2018 Dir

151 2048 226 2071 nur
251 2034 361 2069 nicht
386 2034 505 2081 hange
531 2032 706 2074 werden;
748 2031 917 2064 n'zinz-lich
950 2031 1030 2064 dass
1064 2031 1111 2064 du
1150 2044 1197 2064 zu
1223 2031 1326 2064 viele
1363 2043 1410 2064 zu
1438 2031 1542 2065 lesen
1570 2033 1633 2065 be-

149 2086 309 2119 k'dmest.
348 2101 390 2106 —-
424 2092 504 2114 nam
531 2082 646 2115 etiam.
682 2079 746 2113 Sic
773 2079 845 2112 Md.
871 2079 967 2112 Vict.
995 2083 1026 2113 l.
1055 2081 1087 2114 2.
1118 2080 1232 2126 Beng.
1260 2079 1396 2114 Bened.
1423 2079 1496 2116 del.
1524 2082 1634 2113 etiam

153 2132 289 2168 Ceteri.
342 2130 415 2164 OR.
443 2148 486 2153 —-
514 2129 558 2162 ab
585 2132 680 2162 orat.
708 2128 862 2170 diiungo
889 2128 954 2168 (z
979 2128 1149 2169 clfsiungo
1175 2128 1332 2170 hamb),
1361 2138 1434 2161 von
1461 2127 1535 2160 den
1560 2128 1632 2161 Re·
1719 2146 1721 2149 .

151 2183 335 2228 denpsage
362 2178 427 2212 ich
453 2177 559 2211 mich
584 2178 652 2211 los.
680 2195 725 2201 —
751 2186 808 2209 me
825 2178 922 2219 sere.
958 2175 1072 2209 Abest
1098 2187 1153 2208 me
1180 2187 1200 2208 a
1236 2175 1309 2209 Md.
1335 2187 1392 2220 pr.
1420 2187 1544 2217 manu,
1571 2188 1632 2209 su·
1676 2171 1679 2173 ⁵

150 2239 293 2276 persor.
318 2239 339 2260 a
365 2224 538 2260 secunda.
602 2225 642 2259 Si
677 2224 813 2258 bonum
847 2223 947 2256 illud
987 2224 1109 2268 suppl.
1147 2235 1201 2256 me
1235 2224 1307 2257 isto
1347 2223 1432 2258 loco
1467 2224 1632 2258 tolerare

151 2289 228 2312 non
253 2275 324 2316 vis,
364 2274 466 2320 legas
501 2274 624 2318 potius
658 2284 676 2305 e
713 2271 888 2320 vestigiis
915 2271 1008 2304 Md:
1046 2282 1130 2305 nam
1154 2283 1208 2304 me
1231 2272 1307 2304 iam
1331 2271 1376 2304 ab
1404 2272 1632 2305 orationibus

151 2326 304 2366 diiungo
331 2324 533 2365 referoque.
589 2320 783 2355 (JRELLI.
835 2338 877 2343 --
920 2320 1161 2352 delectarunt.
1213 2319 1277 2354 Sic
1303 2318 1373 2352 Md.
1404 2319 1505 2353 Crat.
1533 2320 1628 2354 Vict.

150 2377 180 2408 1.
208 2375 241 2408 2.
281 2371 414 2405 Graev.
448 2369 582 2402 Bencd.
611 2370 789 2402 delectant
816 2367 943 2401 Lnnb.
978 2367 1069 2400 Ern.
1106 2370 1213 2401 Mart.
1242 2386 1258 2393 -
1284 2368 1374 2412 Lag.
1410 2367 1496 2401 Sch.
1534 2367 1629 2402 Liin.
1689 2377 1698 2392 -’

152 2419 349 2456 ORELLI.
377 2436 419 2441 —-
447 2418 578 2459 scripsi
604 2417 727 2458 igilur
753 2430 800 2447 z
827 2415 899 2449 wie
926 2422 1065 2462 gosagt.
1116 2416 1258 2463 Figura
1283 2415 1546 2460 Epanalepsis.
1591 2415 1628 2451 S.

149 2467 299 2503 Ramsh.
327 2467 354 2509 §.
382 2467 462 2505 206,
490 2466 530 2503 B,
559 2467 591 2500 6.
613 2468 654 2506 ἴ).
699 2484 740 2488 -
776 2464 813 2497 in
849 2464 942 2506 disp.
982 2474 1025 2495 (tc
1057 2463 1198 2506 dialog.
1233 2462 1305 2497 del.
1341 2463 1629 2511 Marwa-Lag.

149 2516 223 2550 Sed
258 2525 410 2561 prorsus
446 2519 533 2546 suut
570 2512 789 2553 necessaria,
827 2523 942 2555 quum
980 2512 1172 2556 explicent
1208 2524 1242 2545 v.
1274 2511 1492 2544 Aristotelio
1518 2522 1628 2549 more,

149 2575 338 2608 „quorum
364 2563 486 2595 forma
512 2567 568 2594 est
600 2560 806 2604 disputatio
833 2571 874 2592 ac
901 2559 1114 2606 dialogusf‘
1159 2557 1354 2593 ORELLI.
1395 2577 1437 2581 -—
1474 2557 1626 2592 Lentulo
1691 2583 1694 2599 ,

148 2617 222 2654 tuo,
250 2611 331 2644 filio
357 2617 432 2643 tuo.
468 2609 503 2642 S.
539 2619 596 2653 ep.
631 2609 725 2649 XCI,
759 2610 791 2643 2.
828 2607 961 2648 CXIII,
992 2610 1045 2641 ll.
1081 2626 1122 2631 —
1163 2606 1324 2640 Abhorr.
1360 2617 1412 2639 en.
1448 2617 1472 2639 a
1505 2617 1624 2639 comm.
1684 2625 1690 2639 st

147 2670 284 2704 praec„
313 2658 366 2692 sie
392 2657 522 2691 halten
548 2655 629 2689 sich
657 2658 742 2688 seru
770 2666 841 2688 von
867 2655 940 2688 den
968 2655 1127 2702 Regeln,
1162 2655 1297 2688 womit
1332 2665 1416 2687 man
1451 2653 1533 2687 sich
1558 2666 1625 2702 ge·
1685 2653 1691 2669 ί
1714 2668 1721 2700 ,’

149 2707 346 2741 w’dhnlich
375 2705 526 2739 behilst.
556 2723 601 2729 -
643 2709 756 2747 alque.
785 2703 845 2736 Sic
873 2703 975 2737 vict.
1003 2705 1033 2737 2.
1063 2714 1106 2735 ac
1142 2703 1244 2737 vict.
1276 2705 1304 2737 1.
1341 2702 1476 2736 Graev.
1513 2703 1624 2741 male,
1700 2702 1716 2740 J

149 2755 329 2799 probante
373 2752 620 2787 llamshornio
660 2754 848 2785 (irammat.
886 2762 921 2793 p.
960 2753 1038 2785 5113.
1076 2755 1107 2783 et
1136 2751 1272 2784 Ceteri.
1311 2749 1400 2783 Scil.
1433 2749 1502 2782 Md.
1542 2761 1623 2783 cor-
1693 2742 1710 2787 ,ἔ

1718 1562 1720 1569 -
1712 1542 1713 1546 ⁴
1706 1375 1729 1509 Q„
1718 1322 1719 1326 Α
1714 907 1732 1283 “m-‘2:420.
1724 846 1730 854 ,
1718 813 1722 821 ⁴
