1742 3006
187 90 283 139 296
465 87 530 130 M.
561 87 618 131 Τ.
651 80 992 128 CICERONIS
1022 80 1395 128 EPISTOLAE.

187 207 231 246 te
258 201 427 245 vicisti:
469 200 633 241 alienas
671 200 719 240 ut
747 199 900 239 contra
928 209 1021 238 rem
1049 195 1267 250 publicam
1297 192 1557 249 confirmes,
1587 196 1660 238 ad-

188 259 392 300 duceris?
434 255 606 305 Quodsi
635 253 743 295 mihi
772 258 848 295 tua
876 252 1108 294 clementia
1136 266 1264 307 opem
1301 251 1484 305 tuleris,
1525 253 1663 293 omni-

190 317 269 356 bus
298 315 344 354 in
374 313 503 354 rebus
533 314 604 352 m'e
633 311 728 352 fore
756 309 803 350 in
831 314 907 350 tua
943 311 1160 363 potestate
1197 307 1280 349 tibi
1317 306 1558 349 confirmo:
1595 307 1663 349 sin

191 370 304 412 mihi
340 381 476 423 neque
512 366 820 422 magistratum
862 377 1002 418 neque
1051 367 1245 405 senatum
1283 376 1422 419 neque
1459 363 1664 418 populum

192 425 396 467 auxiliari
424 427 603 478 propter
638 436 734 464 eam
764 421 877 471 vim,
908 432 1018 474 quae
1045 432 1117 460 me
1146 433 1244 460 cum
1275 432 1324 461 re
1346 419 1521 474 publica
1543 418 1665 472 vicit,

191 481 385 522 licuerit:
422 479 547 529 vide,
587 492 666 531 ne,
707 491 839 533 quum
876 476 988 518 velis
1024 488 1234 518 revocare
1263 478 1434 531 tempus
1471 475 1667 517 omnium

193 535 575 587 reservandorum,
614 547 771 590 quum,
799 532 873 588 qui
903 535 1115 584 servetur,
1144 545 1231 573 non
1260 532 1369 585 erit,
1397 545 1485 574 non
1512 530 1666 586 possis.

192 660 290 696 doch
323 660 472 694 werden
504 659 618 694 Verb.
657 658 784 705 simpl.
819 663 909 692 statt
942 658 1009 692 der
1040 660 1169 704 Comp.
1204 659 1261 692 ost
1292 657 1507 702 gebraucht.
1555 657 1665 692 Sinn:

193 711 280 752 „Du
306 708 479 742 konntest
505 719 542 741 es
566 708 661 742 iiber
686 706 785 742 Dich
809 707 1025 752 gewinnen‚
1064 707 1130 740 der
1154 706 1343 751 Republik
1368 707 1486 742 Deine
1511 705 1670 741 friihere

191 755 436 791 Feindschaft
471 757 523 799 (S.
551 766 607 801 ep.
642 755 744 790 XIII.
776 766 810 788 u.
842 755 962 795 XIV.)
996 765 1119 802 gegen
1155 753 1258 787 mich
1293 754 1544 800 aufzuopfern
1576 754 1610 787 d.
1643 755 1669 790 i.

193 806 427 849 ihretwegen
445 803 686 848 auszugeben.
725 804 802 836 Zur
820 801 853 836 S.
873 815 898 839 s,
917 812 976 847 ep.
997 801 1166 845 XXXVI,
1185 802 1217 836 2.
1236 801 1435 843 LXXVIII,
1451 804 1484 838 2.
1513 802 1670 842 LXXIX.

193 854 226 888 5.
254 851 340 896 Vgl.
368 851 470 886 Ovid.
499 852 604 887 Pont.
642 851 691 891 ΙΙ,
726 854 760 890 7,
796 851 862 885 51:
898 850 1038 885 donare
1071 850 1220 896 culpam
1252 850 1440 895 precibus.
1471 849 1551 886 Ars.
1589 851 1672 884 Am.

192 900 266 941 111,
293 900 356 935 85:
395 905 436 932 ut
469 899 610 933 Veneri
635 899 797 933 donetur
828 897 980 932 Adonis.
1014 898 1145 932 Valer.
1180 898 1303 931 Flacc.
1330 898 1360 940 1,
1389 899 1470 933 473.
1495 898 1532 935 d.
1558 898 1674 932 alicui

191 949 345 996 pelagus
370 952 407 980 et
444 947 600 983 labores.
634 957 695 992 ep.
728 948 773 980 ad
805 946 892 980 Div.
924 945 968 988 V,
1005 947 1071 981 10:
1109 945 1337 990 supplicium
1373 945 1572 989 (hominis)
1601 946 1673 980 tibi

195 997 381 1032 condono.
410 995 513 1029 Orat.
542 995 634 1028 Phil.
665 996 712 1036 V,
740 996 801 1030 18:
837 993 1052 1028 inimicitias
1084 990 1332 1038 reipublicae.
1367 995 1472 1030 Caes.
1500 994 1544 1031 Β.
1572 994 1616 1030 G.
1643 996 1672 1037 1,

194 1046 258 1080 20:
291 1042 472 1076 iniuriam
505 1043 561 1076 rei
593 1041 767 1088 publicae
801 1048 838 1076 et
869 1042 1039 1076 dolorem
1078 1053 1182 1075 suum
1219 1041 1377 1075 alicuius
1407 1042 1593 1088 precibus·
1628 1062 1670 1069 ——

195 1092 336 1126 alienas
362 1117 371 1125 .
399 1114 409 1125 .
438 1115 445 1124 .
472 1088 692 1124 adduceris!
724 1089 801 1123 und
827 1090 970 1124 solltest
994 1088 1095 1124 Dich
1121 1089 1300 1135 bewegen
1325 1091 1465 1132 lassen,
1499 1090 1673 1124 fremden

196 1141 288 1174 Hass
320 1149 438 1184 gegen
468 1137 573 1172 mich
606 1149 693 1170 zum
725 1137 896 1171 Schaden
934 1138 999 1171 der
1033 1136 1227 1183 Republik
1253 1149 1297 1171 zu
1321 1139 1602 1172 unterstiitzen?
1629 1157 1672 1163 —

197 1187 369 1229 mesore
393 1187 431 1220 in
465 1190 525 1219 tua
557 1189 756 1229 potestate,
795 1186 876 1219 dass
907 1187 965 1220 Du
1003 1185 1095 1219 iiber
1127 1184 1232 1219 mich
1264 1197 1311 1218 zu
1344 1186 1516 1233 gebieten
1549 1185 1674 1220 haben
1731 1189 1734 1194 '

198 1236 336 1269 sollest.
363 1254 406 1260 —-
432 1234 707 1276 magistratum,
733 1233 1111 1278 Martyni-Laguna,
1137 1231 1224 1266 sch.
1251 1234 1411 1269 minem.
1436 1234 1677 1277 magistratus
1713 1229 1719 1233 ’

198 1289 328 1316 contra
355 1281 436 1317 Md.
467 1281 663 1316 ORELLI.
717 1282 793 1315 Der
817 1282 957 1328 Singul.
986 1286 1076 1315 statt
1099 1281 1162 1314 des
1189 1280 1351 1324 leals,
1375 1281 1464 1315 weil
1482 1292 1524 1316 er
1538 1281 1678 1327 haupt·
1733 1276 1737 1281 ¹

198 1329 367 1366 s'achlich
392 1331 460 1363 auf
482 1329 609 1363 seinen
637 1328 810 1369 Giinner,
836 1328 906 1362 den
933 1328 1073 1364 Consul
1095 1328 1293 1370 Lentulus,
1320 1328 1396 1362 und
1420 1329 1556 1364 hiemit
1580 1328 1678 1363 auch
1731 1327 1740 1370 ζ

198 1379 266 1412 auf
289 1379 349 1412 die
374 1388 497 1411 neuen
522 1377 720 1410 Tribunen
745 1376 955 1410 binde-utet.
983 1396 1024 1403 --
1058 1380 1211 1420 propter
1235 1387 1310 1409 eam
1333 1377 1425 1418 vim,
1452 1387 1585 1422 wegen
1611 1378 1680 1412 der

199 1426 449 1470 feindseligen
469 1424 602 1459 Macht
627 1424 728 1458 eines
744 1424 897 1460 Clodius
921 1436 957 1458 u.
984 1437 1010 1457 s.
1036 1425 1063 1457 f.
1092 1442 1133 1449 —
1160 1424 1260 1465 vide,
1286 1434 1348 1465 ne,
1375 1451 1382 1459 .
1412 1447 1421 1457 .
1448 1434 1522 1459 non
1543 1425 1676 1470 possis,

200 1475 300 1508 darm
326 1473 515 1514 bedenke‚
550 1473 631 1506 dass
662 1473 724 1505 Du
761 1483 799 1506 es
830 1471 1030 1506 vielleicht
1063 1472 1161 1506 datin
1188 1472 1292 1505 nicht
1323 1471 1435 1506 mehr
1468 1475 1679 1521 vermb'gen

200 1523 382 1564 diirftest,
417 1521 526 1555 nicht
560 1520 670 1554 mehr
694 1519 845 1554 kb‘nnen
881 1518 1078 1554 m’dchtest.
1111 1519 1147 1553 S.
1172 1518 1323 1555 Ramsh.
1349 1519 1379 1562 §.
1407 1521 1487 1563 193,
1513 1521 1544 1563 1,
1568 1523 1602 1556 3.
1633 1540 1675 1548 --

200 1571 355 1604 omnium
380 1569 688 1603 reservandorum.
738 1567 941 1601 sanissima
966 1573 1019 1601 est
1045 1567 1113 1602 ista
1129 1568 1311 1601 sententia
1326 1573 1501 1613 peracuta
1517 1575 1677 1615 propter

199 1618 475 1664 oppositionem
502 1629 562 1651 vv.
587 1616 804 1649 reservandi
829 1621 866 1649 et
890 1615 1080 1654 servandi,
1113 1616 1175 1649 sed
1205 1615 1307 1649 varie
1339 1621 1518 1661 corrupta
1544 1627 1566 1650 a
1592 1618 1679 1652 Cri-

198 1667 297 1700 ticis.
348 1666 429 1700 Hoc
456 1664 566 1698 dicit:
601 1664 739 1705 ‚‚vide,
767 1675 830 1706 ne,
865 1674 979 1707 quum
1006 1663 1145 1697 frustra
1173 1662 1212 1696 in
1239 1674 1283 1696 eo
1308 1663 1472 1706 labores,
1498 1669 1541 1697 ut
1565 1675 1678 1699 revo-

198 1724 259 1747 ces
285 1725 386 1747 nunc
411 1719 558 1756 tempus
584 1711 700 1752 illud,
735 1722 807 1754 quo
833 1721 960 1745 omnes
985 1710 1022 1743 in
1049 1722 1090 1744 re
1114 1711 1262 1756 publica
1286 1710 1409 1744 illaesi
1434 1717 1547 1755 atque
1572 1713 1677 1747 inco-

200 1762 320 1795 lumes
347 1760 532 1794 reservari
558 1760 669 1793 etiam
695 1764 783 1792 tunc
808 1763 1000 1804 poterant,
1033 1758 1071 1791 id
1105 1759 1230 1803 ipsum
1262 1759 1515 1794 efficeranon
1548 1761 1678 1806 possis,

201 1821 316 1854 quum
351 1818 461 1842 nemo
495 1808 570 1840 iam
602 1806 754 1840 omnino
787 1807 881 1847 erit,
919 1806 984 1850 qui
1021 1813 1133 1850 queat
1157 1808 1218 1841 vel
1243 1806 1386 1840 servari
1407 1807 1600 1842 dumtaxat
1623 1809 1679 1851 (id

202 1857 303 1901 quod
329 1856 452 1890 minus
477 1855 589 1888 etiam
617 1859 690 1894 est,
727 1864 840 1898 quam
875 1855 1090 1896 reservari).
1117 1856 1376 1888 servandorum
1400 1855 1497 1889 Lau.
1525 1854 1676 1890 Schiitz.

201 1905 531 1938 conservandorum
562 1913 581 1936 e
616 1902 779 1936 Manutii
812 1902 902 1936 Cld.
936 1901 1064 1935 Lamb.
1099 1912 1198 1945 quum
1231 1903 1322 1936 velis
1359 1913 1532 1936 revocare
1560 1904 1677 1948 ipsum

203 1953 668 2034 ἰηιηιάῧιρῗὲῗεῖἲυαῐονενη
693 1950 967 1992 (Ciceronem).
998 1959 1099 1995 quum
1123 1955 1193 1984 cet.
1222 1950 1463 1986 audacissime
1480 1951 1678 1998 Max-tyni·

237 2012 291 2049 ag.
370 2016 380 2033 ι
437 2021 450 2032 A
507 2024 514 2032 .
