<?xml version="1.0" encoding="UTF-8"?>
<!DOCTYPE html PUBLIC "-//W3C//DTD XHTML 1.0 Transitional//EN"
    "http://www.w3.org/TR/xhtml1/DTD/xhtml1-transitional.dtd">
<html xmlns="http://www.w3.org/1999/xhtml" xml:lang="en" lang="en">
 <head>
  <title>
</title>
<meta http-equiv="Content-Type" content="text/html;charset=utf-8" />
  <meta name='ocr-system' content='tesseract 3.04.00' />
  <meta name='ocr-capabilities' content='ocr_page ocr_carea ocr_par ocr_line ocrx_word'/>
</head>
<body>
  <div class='ocr_page' id='page_1' title='image "./epistolaeadattic00ciceuoft_0277.png"; bbox 0 0 1742 3006; ppageno 0'>
   <div class='ocr_carea' id='block_1_1' title="bbox 0 0 20 410">
    <p class='ocr_par' dir='ltr' id='par_1_1' title="bbox 0 0 20 410">
     <span class='ocr_line' id='line_1_1' title="bbox 0 0 20 410; baseline 0 0"><span class='ocrx_word' id='word_1_1' title='bbox 0 0 20 410; x_wconf 95' lang='lat' dir='ltr'><strong>   </strong></span> 
     </span>
    </p>
   </div>
   <div class='ocr_carea' id='block_1_2' title="bbox 8 319 12 380">
    <p class='ocr_par' dir='ltr' id='par_1_2' title="bbox 8 319 12 380">
     <span class='ocr_line' id='line_1_2' title="bbox 8 319 12 380; baseline 0 0"><span class='ocrx_word' id='word_1_2' title='bbox 8 319 12 380; x_wconf 71' lang='grc' dir='ltr'><em>ἔ</em></span> 
     </span>
    </p>
   </div>
   <div class='ocr_carea' id='block_1_3' title="bbox 0 422 12 570">
    <p class='ocr_par' dir='ltr' id='par_1_3' title="bbox 0 422 12 570">
     <span class='ocr_line' id='line_1_3' title="bbox 0 422 12 570; baseline 0 -20"><span class='ocrx_word' id='word_1_3' title='bbox 0 422 12 570; x_wconf 73' lang='grc' dir='ltr'><em>ιὲ</em></span> 
     </span>
    </p>
   </div>
   <div class='ocr_carea' id='block_1_4' title="bbox 0 568 10 728">
    <p class='ocr_par' dir='ltr' id='par_1_4' title="bbox 0 568 10 728">
     <span class='ocr_line' id='line_1_4' title="bbox 6 568 10 607; baseline 0 0"><span class='ocrx_word' id='word_1_4' title='bbox 6 568 10 607; x_wconf 74' lang='lat'><em>2</em></span> 
     </span>
     <span class='ocr_line' id='line_1_5' title="bbox 0 623 9 694; baseline 0 0"><span class='ocrx_word' id='word_1_5' title='bbox 0 623 9 694; x_wconf 56' lang='grc' dir='ltr'>η</span> 
     </span>
     <span class='ocr_line' id='line_1_6' title="bbox 5 701 9 728; baseline 0 0"><span class='ocrx_word' id='word_1_6' title='bbox 5 701 9 728; x_wconf 66' lang='grc' dir='ltr'><em>ἲ</em></span> 
     </span>
    </p>
   </div>
   <div class='ocr_carea' id='block_1_5' title="bbox 0 289 20 459">
    <p class='ocr_par' dir='ltr' id='par_1_5' title="bbox 0 289 20 459">
     <span class='ocr_line' id='line_1_7' title="bbox 12 289 20 340; baseline 0 2666"><span class='ocrx_word' id='word_1_7' title='bbox 12 289 20 340; x_wconf 95' lang='lat' dir='ltr'><strong> </strong></span> 
     </span>
     <span class='ocr_line' id='line_1_8' title="bbox 0 410 4 459; baseline 0 2547"><span class='ocrx_word' id='word_1_8' title='bbox 0 410 4 459; x_wconf 95' lang='lat' dir='ltr'><strong> </strong></span> 
     </span>
    </p>
   </div>
   <div class='ocr_carea' id='block_1_6' title="bbox 422 61 1561 114">
    <p class='ocr_par' dir='ltr' id='par_1_6' title="bbox 422 61 1561 114">
     <span class='ocr_line' id='line_1_9' title="bbox 422 61 1561 114; baseline 0.008 -9"><span class='ocrx_word' id='word_1_9' title='bbox 422 61 742 106; x_wconf 86' lang='lat' dir='ltr'><strong>EPISTOLA</strong></span> <span class='ocrx_word' id='word_1_10' title='bbox 772 61 1004 106; x_wconf 86' lang='lat' dir='ltr'><strong>LXVIII.</strong></span> <span class='ocrx_word' id='word_1_11' title='bbox 1035 62 1219 108; x_wconf 89' lang='lat' dir='ltr'><strong>LXIX.</strong></span> <span class='ocrx_word' id='word_1_12' title='bbox 1471 66 1561 114; x_wconf 86' lang='lat'><strong>261</strong></span> 
     </span>
    </p>
   </div>
   <div class='ocr_carea' id='block_1_7' title="bbox 81 172 1564 679">
    <p class='ocr_par' dir='ltr' id='par_1_7' title="bbox 81 172 1564 679">
     <span class='ocr_line' id='line_1_10' title="bbox 86 172 1562 225; baseline 0.002 -7"><span class='ocrx_word' id='word_1_13' title='bbox 86 177 365 220; x_wconf 82' lang='lat' dir='ltr'>carissimam</span> <span class='ocrx_word' id='word_1_14' title='bbox 397 188 492 218; x_wconf 87' lang='lat' dir='ltr'><strong>esse</strong></span> <span class='ocrx_word' id='word_1_15' title='bbox 522 173 799 225; x_wconf 81' lang='lat' dir='ltr'><strong>arbitrabar,</strong></span> <span class='ocrx_word' id='word_1_16' title='bbox 847 172 1176 217; x_wconf 82' lang='lat' dir='ltr'>inimicissimis</span> <span class='ocrx_word' id='word_1_17' title='bbox 1216 174 1562 222; x_wconf 85' lang='lat' dir='ltr'><strong>crudelissimis-</strong></span> 
     </span>
     <span class='ocr_line' id='line_1_11' title="bbox 84 229 1562 288; baseline 0.002 -14"><span class='ocrx_word' id='word_1_18' title='bbox 84 248 169 288; x_wconf 88' lang='lat' dir='ltr'><strong>que</strong></span> <span class='ocrx_word' id='word_1_19' title='bbox 198 247 301 274; x_wconf 79' lang='lat' dir='ltr'><strong>usus</strong></span> <span class='ocrx_word' id='word_1_20' title='bbox 331 247 448 273; x_wconf 82' lang='lat' dir='ltr'><strong>sum:</strong></span> <span class='ocrx_word' id='word_1_21' title='bbox 486 229 578 285; x_wconf 83' lang='lat' dir='ltr'><strong>qui,</strong></span> <span class='ocrx_word' id='word_1_22' title='bbox 609 232 656 270; x_wconf 79' lang='lat' dir='ltr'><strong>ut</strong></span> <span class='ocrx_word' id='word_1_23' title='bbox 685 243 755 270; x_wconf 91' lang='lat' dir='ltr'><strong>me</strong></span> <span class='ocrx_word' id='word_1_24' title='bbox 784 229 1032 282; x_wconf 86' lang='lat' dir='ltr'><strong>paullulum</strong></span> <span class='ocrx_word' id='word_1_25' title='bbox 1062 232 1275 274; x_wconf 85' lang='lat' dir='ltr'><strong>inclinari</strong></span> <span class='ocrx_word' id='word_1_26' title='bbox 1303 233 1465 276; x_wconf 80' lang='lat' dir='ltr'><strong>timore</strong></span> <span class='ocrx_word' id='word_1_27' title='bbox 1494 237 1562 278; x_wconf 85' lang='lat' dir='ltr'><strong>vi-</strong></span> 
     </span>
     <span class='ocr_line' id='line_1_12' title="bbox 84 285 1564 344; baseline 0.001 -14"><span class='ocrx_word' id='word_1_28' title='bbox 84 291 270 342; x_wconf 85' lang='lat' dir='ltr'><strong>derunt,</strong></span> <span class='ocrx_word' id='word_1_29' title='bbox 319 289 386 329; x_wconf 89' lang='lat' dir='ltr'><strong>sic</strong></span> <span class='ocrx_word' id='word_1_30' title='bbox 414 286 711 341; x_wconf 84' lang='lat' dir='ltr'><strong>impulerunt,</strong></span> <span class='ocrx_word' id='word_1_31' title='bbox 761 288 809 325; x_wconf 88' lang='lat' dir='ltr'><strong>ut</strong></span> <span class='ocrx_word' id='word_1_32' title='bbox 838 285 960 325; x_wconf 87' lang='lat' dir='ltr'><strong>omni</strong></span> <span class='ocrx_word' id='word_1_33' title='bbox 989 299 1068 326; x_wconf 84' lang='lat' dir='ltr'><strong>suo</strong></span> <span class='ocrx_word' id='word_1_34' title='bbox 1097 288 1269 329; x_wconf 84' lang='lat' dir='ltr'><strong>scelere</strong></span> <span class='ocrx_word' id='word_1_35' title='bbox 1298 292 1342 330; x_wconf 84' lang='lat' dir='ltr'><strong>et</strong></span> <span class='ocrx_word' id='word_1_36' title='bbox 1369 289 1564 344; x_wconf 80' lang='lat' dir='ltr'><strong>perfidia</strong></span> 
     </span>
     <span class='ocr_line' id='line_1_13' title="bbox 84 339 1562 402; baseline 0.001 -15"><span class='ocrx_word' id='word_1_37' title='bbox 84 347 372 387; x_wconf 80' lang='lat' dir='ltr'><strong>abuterentur</strong></span> <span class='ocrx_word' id='word_1_38' title='bbox 409 343 467 384; x_wconf 84' lang='lat' dir='ltr'><strong>ad</strong></span> <span class='ocrx_word' id='word_1_39' title='bbox 506 341 697 382; x_wconf 88' lang='lat' dir='ltr'><strong>exitium</strong></span> <span class='ocrx_word' id='word_1_40' title='bbox 734 353 891 380; x_wconf 88' lang='lat' dir='ltr'><strong>meum.</strong></span> <span class='ocrx_word' id='word_1_41' title='bbox 948 339 1103 393; x_wconf 86' lang='lat' dir='ltr'><strong>Nunc,</strong></span> <span class='ocrx_word' id='word_1_42' title='bbox 1134 344 1439 396; x_wconf 79' lang='lat' dir='ltr'><strong>quoniam&#39;est</strong></span> <span class='ocrx_word' id='word_1_43' title='bbox 1468 347 1562 402; x_wconf 80' lang='lat' dir='ltr'><strong>Cy-</strong></span> 
     </span>
     <span class='ocr_line' id='line_1_14' title="bbox 84 396 1564 455; baseline 0.001 -13"><span class='ocrx_word' id='word_1_44' title='bbox 84 403 233 442; x_wconf 76' lang='lat' dir='ltr'><strong>zicum</strong></span> <span class='ocrx_word' id='word_1_45' title='bbox 261 400 390 440; x_wconf 85' lang='lat' dir='ltr'><strong>nobis</strong></span> <span class='ocrx_word' id='word_1_46' title='bbox 419 398 637 448; x_wconf 76' lang='lat' dir='ltr'><strong>eundum,</strong></span> <span class='ocrx_word' id='word_1_47' title='bbox 667 410 755 449; x_wconf 89' lang='lat' dir='ltr'><strong>quo</strong></span> <span class='ocrx_word' id='word_1_48' title='bbox 786 396 930 436; x_wconf 83' lang='lat' dir='ltr'><strong>rarius</strong></span> <span class='ocrx_word' id='word_1_49' title='bbox 960 396 1018 436; x_wconf 80' lang='lat' dir='ltr'><strong>ad</strong></span> <span class='ocrx_word' id='word_1_50' title='bbox 1047 410 1117 438; x_wconf 87' lang='lat' dir='ltr'><strong>me</strong></span> <span class='ocrx_word' id='word_1_51' title='bbox 1147 399 1307 441; x_wconf 82' lang='lat' dir='ltr'><strong>literae</strong></span> <span class='ocrx_word' id='word_1_52' title='bbox 1335 401 1564 455; x_wconf 85' lang='lat' dir='ltr'><strong>perferen-</strong></span> 
     </span>
     <span class='ocr_line' id='line_1_15' title="bbox 84 453 1560 509; baseline 0.001 -11"><span class='ocrx_word' id='word_1_53' title='bbox 84 462 178 509; x_wconf 82' lang='lat' dir='ltr'><strong>tur,</strong></span> <span class='ocrx_word' id='word_1_54' title='bbox 208 456 295 497; x_wconf 91' lang='lat' dir='ltr'><strong>hoc</strong></span> <span class='ocrx_word' id='word_1_55' title='bbox 322 454 460 496; x_wconf 86' lang='lat' dir='ltr'><strong>velim</strong></span> <span class='ocrx_word' id='word_1_56' title='bbox 491 453 757 509; x_wconf 79' lang='lat' dir='ltr'><strong>diligentius</strong></span> <span class='ocrx_word' id='word_1_57' title='bbox 787 453 959 504; x_wconf 79' lang='lat' dir='ltr'><strong>omnia,</strong></span> <span class='ocrx_word' id='word_1_58' title='bbox 1001 466 1114 506; x_wconf 88' lang='lat' dir='ltr'><strong>quae</strong></span> <span class='ocrx_word' id='word_1_59' title='bbox 1144 457 1315 508; x_wconf 83' lang='lat' dir='ltr'><strong>putaris</strong></span> <span class='ocrx_word' id='word_1_60' title='bbox 1344 470 1414 497; x_wconf 90' lang='lat' dir='ltr'><strong>me</strong></span> <span class='ocrx_word' id='word_1_61' title='bbox 1443 458 1560 498; x_wconf 83' lang='lat' dir='ltr'><strong>scire</strong></span> 
     </span>
     <span class='ocr_line' id='line_1_16' title="bbox 81 507 1560 567; baseline 0.001 -14"><span class='ocrx_word' id='word_1_62' title='bbox 81 527 191 567; x_wconf 86' lang='lat' dir='ltr'><strong>opus</strong></span> <span class='ocrx_word' id='word_1_63' title='bbox 220 524 330 563; x_wconf 83' lang='lat' dir='ltr'><strong>esse,</strong></span> <span class='ocrx_word' id='word_1_64' title='bbox 359 510 624 564; x_wconf 83' lang='lat' dir='ltr'>perscribas.</span> <span class='ocrx_word' id='word_1_65' title='bbox 684 507 899 557; x_wconf 75' lang='lat' dir='ltr'><strong>Quintum</strong></span> <span class='ocrx_word' id='word_1_66' title='bbox 942 507 1129 548; x_wconf 80' lang='lat' dir='ltr'><strong>fratrem</strong></span> <span class='ocrx_word' id='word_1_67' title='bbox 1168 523 1313 550; x_wconf 87' lang='lat' dir='ltr'><strong>meum</strong></span> <span class='ocrx_word' id='word_1_68' title='bbox 1355 512 1427 553; x_wconf 80' lang='lat' dir='ltr'><strong>sac</strong></span> <span class='ocrx_word' id='word_1_69' title='bbox 1456 513 1560 554; x_wconf 91' lang='lat' dir='ltr'><strong>dili-</strong></span> 
     </span>
     <span class='ocr_line' id='line_1_17' title="bbox 82 563 1559 622; baseline 0.005 -18"><span class='ocrx_word' id='word_1_70' title='bbox 82 582 182 622; x_wconf 78' lang='lat' dir='ltr'><strong>gas:</strong></span> <span class='ocrx_word' id='word_1_71' title='bbox 211 580 341 621; x_wconf 90' lang='lat' dir='ltr'><strong>quem</strong></span> <span class='ocrx_word' id='word_1_72' title='bbox 371 579 453 620; x_wconf 83' lang='lat' dir='ltr'><strong>ego</strong></span> <span class='ocrx_word' id='word_1_73' title='bbox 484 565 622 606; x_wconf 84' lang='lat' dir='ltr'><strong>miser</strong></span> <span class='ocrx_word' id='word_1_74' title='bbox 649 563 689 604; x_wconf 86' lang='lat' dir='ltr'><strong>si</strong></span> <span class='ocrx_word' id='word_1_75' title='bbox 721 564 987 604; x_wconf 80' lang='lat' dir='ltr'><strong>incolumem</strong></span> <span class='ocrx_word' id='word_1_76' title='bbox 1018 565 1249 619; x_wconf 80' lang='lat' dir='ltr'><strong>relinquo,</strong></span> <span class='ocrx_word' id='word_1_77' title='bbox 1279 580 1364 608; x_wconf 90' lang='lat' dir='ltr'><strong>non</strong></span> <span class='ocrx_word' id='word_1_78' title='bbox 1394 583 1462 609; x_wconf 89' lang='lat' dir='ltr'><strong>me</strong></span> <span class='ocrx_word' id='word_1_79' title='bbox 1492 573 1559 610; x_wconf 83' lang='lat' dir='ltr'><strong>to-</strong></span> 
     </span>
     <span class='ocr_line' id='line_1_18' title="bbox 81 618 1154 679; baseline -0.004 -14"><span class='ocrx_word' id='word_1_80' title='bbox 81 631 172 665; x_wconf 81' lang='lat' dir='ltr'><strong>tum</strong></span> <span class='ocrx_word' id='word_1_81' title='bbox 200 623 390 679; x_wconf 82' lang='lat' dir='ltr'><strong>periisse</strong></span> <span class='ocrx_word' id='word_1_82' title='bbox 419 621 687 671; x_wconf 81' lang='lat' dir='ltr'><strong>arbitrabor.</strong></span> <span class='ocrx_word' id='word_1_83' title='bbox 745 619 852 660; x_wconf 82' lang='lat' dir='ltr'><strong>Dat.</strong></span> <span class='ocrx_word' id='word_1_84' title='bbox 882 618 997 660; x_wconf 90' lang='lat' dir='ltr'><strong>Non.</strong></span> <span class='ocrx_word' id='word_1_85' title='bbox 1029 620 1154 662; x_wconf 81' lang='lat' dir='ltr'><strong>Sext.</strong></span> 
     </span>
    </p>
   </div>
   <div class='ocr_carea' id='block_1_8' title="bbox 187 814 1455 934">
    <p class='ocr_par' dir='ltr' id='par_1_8' title="bbox 187 814 1455 934">
     <span class='ocr_line' id='line_1_19' title="bbox 306 814 1332 867; baseline -0.002 -7"><span class='ocrx_word' id='word_1_86' title='bbox 306 816 619 860; x_wconf 86' lang='lat' dir='ltr'><strong>EPISTOLA</strong></span> <span class='ocrx_word' id='word_1_87' title='bbox 652 814 831 858; x_wconf 84' lang='lat' dir='ltr'><strong>LXIX.</strong></span> <span class='ocrx_word' id='word_1_88' title='bbox 902 815 978 867; x_wconf 84' lang='lat' dir='ltr'><strong>(ad</strong></span> <span class='ocrx_word' id='word_1_89' title='bbox 1010 816 1067 866; x_wconf 83' lang='lat' dir='ltr'><strong>Q.</strong></span> <span class='ocrx_word' id='word_1_90' title='bbox 1098 818 1172 858; x_wconf 84' lang='lat' dir='ltr'><strong>Fr.</strong></span> <span class='ocrx_word' id='word_1_91' title='bbox 1203 818 1240 859; x_wconf 76' lang='grc' dir='ltr'><strong>Ι.</strong></span> <span class='ocrx_word' id='word_1_92' title='bbox 1273 815 1332 865; x_wconf 75' lang='lat'><strong>21.)</strong></span> 
     </span>
     <span class='ocr_line' id='line_1_20' title="bbox 187 889 1455 934; baseline 0.001 -10"><span class='ocrx_word' id='word_1_93' title='bbox 187 892 264 924; x_wconf 75' lang='lat' dir='ltr'><strong>scr.</strong></span> <span class='ocrx_word' id='word_1_94' title='bbox 292 891 581 925; x_wconf 72' lang='lat' dir='ltr'><strong>Thessalonicae</strong></span> <span class='ocrx_word' id='word_1_95' title='bbox 606 901 734 923; x_wconf 74' lang='lat' dir='ltr'><strong>mense</strong></span> <span class='ocrx_word' id='word_1_96' title='bbox 760 889 886 922; x_wconf 64' lang='lat' dir='ltr'><strong>Sextili</strong></span> <span class='ocrx_word' id='word_1_97' title='bbox 914 890 954 922; x_wconf 78' lang='lat' dir='ltr'><strong>A.</strong></span> <span class='ocrx_word' id='word_1_98' title='bbox 985 892 1028 924; x_wconf 85' lang='lat' dir='ltr'><strong>U.</strong></span> <span class='ocrx_word' id='word_1_99' title='bbox 1060 893 1099 924; x_wconf 85' lang='lat' dir='ltr'><strong>c.</strong></span> <span class='ocrx_word' id='word_1_100' title='bbox 1125 892 1205 926; x_wconf 82' lang='grc'><strong>696.</strong></span> <span class='ocrx_word' id='word_1_101' title='bbox 1233 893 1282 934; x_wconf 70' lang='lat' dir='ltr'><strong>(a.</strong></span> <span class='ocrx_word' id='word_1_102' title='bbox 1310 891 1351 925; x_wconf 86' lang='lat' dir='ltr'><strong>c.</strong></span> <span class='ocrx_word' id='word_1_103' title='bbox 1379 891 1455 933; x_wconf 75' lang='lat'><strong>58.)</strong></span> 
     </span>
    </p>
   </div>
   <div class='ocr_carea' id='block_1_9' title="bbox 74 956 1557 1184">
    <p class='ocr_par' dir='ltr' id='par_1_9' title="bbox 76 956 1557 1001">
     <span class='ocr_line' id='line_1_21' title="bbox 76 956 1557 1001; baseline -0.002 -9"><span class='ocrx_word' id='word_1_104' title='bbox 76 959 188 992; x_wconf 85' lang='lat' dir='ltr'><strong>Dolet</strong></span> <span class='ocrx_word' id='word_1_105' title='bbox 214 959 282 992; x_wconf 81' lang='lat' dir='ltr'><strong>sibi</strong></span> <span class='ocrx_word' id='word_1_106' title='bbox 309 959 422 992; x_wconf 78' lang='lat' dir='ltr'><strong>fidem</strong></span> <span class='ocrx_word' id='word_1_107' title='bbox 451 958 659 991; x_wconf 76' lang='lat' dir='ltr'><strong>amicorum</strong></span> <span class='ocrx_word' id='word_1_108' title='bbox 687 961 912 1001; x_wconf 80' lang='lat' dir='ltr'><strong>cautumque</strong></span> <span class='ocrx_word' id='word_1_109' title='bbox 937 956 1141 989; x_wconf 86' lang='lat' dir='ltr'><strong>consilium</strong></span> <span class='ocrx_word' id='word_1_110' title='bbox 1167 956 1343 992; x_wconf 78' lang='lat' dir='ltr'><strong>defuisse.</strong></span> <span class='ocrx_word' id='word_1_111' title='bbox 1374 957 1463 992; x_wconf 85' lang='lat'><strong>1-2.</strong></span> <span class='ocrx_word' id='word_1_112' title='bbox 1499 957 1557 989; x_wconf 87' lang='lat' dir='ltr'><strong>in-</strong></span> 
     </span>
    </p>

    <p class='ocr_par' dir='ltr' id='par_1_10' title="bbox 76 1004 1555 1052">
     <span class='ocr_line' id='line_1_22' title="bbox 76 1004 1555 1052; baseline -0.003 -12"><span class='ocrx_word' id='word_1_113' title='bbox 76 1014 221 1040; x_wconf 81' lang='lat' dir='ltr'><strong>certam</strong></span> <span class='ocrx_word' id='word_1_114' title='bbox 247 1019 349 1052; x_wconf 87' lang='lat' dir='ltr'><strong>spem</strong></span> <span class='ocrx_word' id='word_1_115' title='bbox 374 1007 502 1039; x_wconf 75' lang='lat' dir='ltr'><strong>salutis</strong></span> <span class='ocrx_word' id='word_1_116' title='bbox 529 1016 619 1045; x_wconf 83' lang='lat' dir='ltr'><strong>esse,</strong></span> <span class='ocrx_word' id='word_1_117' title='bbox 671 1004 742 1037; x_wconf 83' lang='lat' dir='ltr'><strong>etsi</strong></span> <span class='ocrx_word' id='word_1_118' title='bbox 768 1005 910 1037; x_wconf 84' lang='lat' dir='ltr'><strong>tribuni</strong></span> <span class='ocrx_word' id='word_1_119' title='bbox 935 1004 1060 1048; x_wconf 83' lang='lat' dir='ltr'><strong>plebis</strong></span> <span class='ocrx_word' id='word_1_120' title='bbox 1087 1005 1229 1050; x_wconf 82' lang='lat' dir='ltr'><strong>partim</strong></span> <span class='ocrx_word' id='word_1_121' title='bbox 1249 1004 1318 1037; x_wconf 88' lang='lat' dir='ltr'><strong>sibi</strong></span> <span class='ocrx_word' id='word_1_122' title='bbox 1338 1004 1501 1036; x_wconf 79' lang='lat' dir='ltr'><strong>faveant.</strong></span> <span class='ocrx_word' id='word_1_123' title='bbox 1522 1005 1555 1038; x_wconf 88' lang='lat'><strong>3.</strong></span> 
     </span>
    </p>

    <p class='ocr_par' dir='ltr' id='par_1_11' title="bbox 74 1052 1557 1100">
     <span class='ocr_line' id='line_1_23' title="bbox 74 1052 1557 1100; baseline -0.003 -12"><span class='ocrx_word' id='word_1_124' title='bbox 74 1057 193 1094; x_wconf 79' lang='lat' dir='ltr'><strong>Petit,</strong></span> <span class='ocrx_word' id='word_1_125' title='bbox 218 1062 259 1088; x_wconf 83' lang='lat' dir='ltr'><strong>ut</strong></span> <span class='ocrx_word' id='word_1_126' title='bbox 285 1054 456 1097; x_wconf 82' lang='lat' dir='ltr'><strong>Quintus,</strong></span> <span class='ocrx_word' id='word_1_127' title='bbox 483 1054 572 1100; x_wconf 87' lang='lat' dir='ltr'><strong>quid</strong></span> <span class='ocrx_word' id='word_1_128' title='bbox 598 1052 824 1099; x_wconf 79' lang='lat' dir='ltr'><strong>sperandum</strong></span> <span class='ocrx_word' id='word_1_129' title='bbox 850 1053 909 1094; x_wconf 86' lang='lat' dir='ltr'><strong>sit,</strong></span> <span class='ocrx_word' id='word_1_130' title='bbox 935 1052 1138 1097; x_wconf 77' lang='lat' dir='ltr'><strong>perspiciat</strong></span> <span class='ocrx_word' id='word_1_131' title='bbox 1163 1060 1201 1086; x_wconf 85' lang='lat' dir='ltr'><strong>et</strong></span> <span class='ocrx_word' id='word_1_132' title='bbox 1225 1053 1271 1086; x_wconf 80' lang='lat' dir='ltr'><strong>ad</strong></span> <span class='ocrx_word' id='word_1_133' title='bbox 1299 1064 1336 1085; x_wconf 88' lang='lat' dir='ltr'><strong>se</strong></span> <span class='ocrx_word' id='word_1_134' title='bbox 1361 1064 1446 1085; x_wconf 84' lang='lat' dir='ltr'><strong>vere</strong></span> <span class='ocrx_word' id='word_1_135' title='bbox 1470 1063 1557 1097; x_wconf 87' lang='lat' dir='ltr'><strong>per—</strong></span> 
     </span>
    </p>

    <p class='ocr_par' dir='ltr' id='par_1_12' title="bbox 74 1100 1556 1184">
     <span class='ocr_line' id='line_1_24' title="bbox 74 1100 1556 1146; baseline -0.003 -9"><span class='ocrx_word' id='word_1_136' title='bbox 74 1103 224 1137; x_wconf 77' lang='lat' dir='ltr'><strong>scribat.</strong></span> <span class='ocrx_word' id='word_1_137' title='bbox 258 1104 292 1138; x_wconf 78' lang='lat'><strong>4.</strong></span> <span class='ocrx_word' id='word_1_138' title='bbox 330 1103 518 1146; x_wconf 78' lang='lat' dir='ltr'><strong>hortatur,</strong></span> <span class='ocrx_word' id='word_1_139' title='bbox 557 1107 617 1142; x_wconf 84' lang='lat' dir='ltr'><strong>ut,</strong></span> <span class='ocrx_word' id='word_1_140' title='bbox 659 1100 689 1133; x_wconf 89' lang='lat' dir='ltr'><strong>si</strong></span> <span class='ocrx_word' id='word_1_141' title='bbox 723 1111 805 1133; x_wconf 79' lang='lat' dir='ltr'><strong>euni</strong></span> <span class='ocrx_word' id='word_1_142' title='bbox 838 1112 985 1145; x_wconf 86' lang='lat' dir='ltr'><strong>quoque</strong></span> <span class='ocrx_word' id='word_1_143' title='bbox 1018 1101 1166 1136; x_wconf 85' lang='lat' dir='ltr'><strong>inimici</strong></span> <span class='ocrx_word' id='word_1_144' title='bbox 1193 1112 1323 1135; x_wconf 75' lang='lat' dir='ltr'><strong>vexare</strong></span> <span class='ocrx_word' id='word_1_145' title='bbox 1349 1100 1556 1145; x_wconf 79' lang='lat' dir='ltr'><strong>coeperint,</strong></span> 
     </span>
     <span class='ocr_line' id='line_1_25' title="bbox 609 1148 1010 1184; baseline -0.005 0"><span class='ocrx_word' id='word_1_146' title='bbox 609 1148 764 1184; x_wconf 80' lang='lat' dir='ltr'><strong>fortiter</strong></span> <span class='ocrx_word' id='word_1_147' title='bbox 788 1149 950 1182; x_wconf 78' lang='lat' dir='ltr'><strong>resistat.</strong></span> <span class='ocrx_word' id='word_1_148' title='bbox 975 1150 1010 1184; x_wconf 88' lang='lat'><strong>5.</strong></span> 
     </span>
    </p>
   </div>
   <div class='ocr_carea' id='block_1_10' title="bbox 536 1223 1079 1267">
    <p class='ocr_par' dir='ltr' id='par_1_13' title="bbox 536 1223 1079 1267">
     <span class='ocr_line' id='line_1_26' title="bbox 536 1223 1079 1267; baseline 0.006 -8"><span class='ocrx_word' id='word_1_149' title='bbox 536 1223 740 1260; x_wconf 77' lang='lat' dir='ltr'>MARCUS</span> <span class='ocrx_word' id='word_1_150' title='bbox 767 1223 807 1267; x_wconf 81' lang='lat' dir='ltr'><strong>Q.</strong></span> <span class='ocrx_word' id='word_1_151' title='bbox 833 1224 1014 1260; x_wconf 78' lang='lat' dir='ltr'>FRATRI</span> <span class='ocrx_word' id='word_1_152' title='bbox 1040 1223 1079 1262; x_wconf 87' lang='lat' dir='ltr'><strong>S.</strong></span> 
     </span>
    </p>
   </div>
   <div class='ocr_carea' id='block_1_11' title="bbox 73 1290 1557 1404">
    <p class='ocr_par' dir='ltr' id='par_1_14' title="bbox 73 1290 1557 1404">
     <span class='ocr_line' id='line_1_27' title="bbox 181 1290 1557 1345; baseline -0.001 -10"><span class='ocrx_word' id='word_1_153' title='bbox 181 1294 352 1335; x_wconf 81' lang='lat' dir='ltr'><strong>Amabo</strong></span> <span class='ocrx_word' id='word_1_154' title='bbox 382 1296 452 1345; x_wconf 83' lang='lat' dir='ltr'><strong>te,</strong></span> <span class='ocrx_word' id='word_1_155' title='bbox 482 1293 545 1333; x_wconf 86' lang='lat' dir='ltr'><strong>mi</strong></span> <span class='ocrx_word' id='word_1_156' title='bbox 575 1291 741 1344; x_wconf 80' lang='lat' dir='ltr'><strong>frater,</strong></span> <span class='ocrx_word' id='word_1_157' title='bbox 771 1306 848 1343; x_wconf 87' lang='lat' dir='ltr'><strong>ne,</strong></span> <span class='ocrx_word' id='word_1_158' title='bbox 893 1293 932 1333; x_wconf 85' lang='lat' dir='ltr'><strong>si</strong></span> <span class='ocrx_word' id='word_1_159' title='bbox 962 1306 1050 1333; x_wconf 92' lang='lat' dir='ltr'><strong>uno</strong></span> <span class='ocrx_word' id='word_1_160' title='bbox 1079 1305 1178 1332; x_wconf 88' lang='lat' dir='ltr'><strong>meo</strong></span> <span class='ocrx_word' id='word_1_161' title='bbox 1208 1290 1332 1332; x_wconf 85' lang='lat' dir='ltr'><strong>facto</strong></span> <span class='ocrx_word' id='word_1_162' title='bbox 1361 1295 1407 1334; x_wconf 87' lang='lat' dir='ltr'><strong>et</strong></span> <span class='ocrx_word' id='word_1_163' title='bbox 1434 1294 1482 1334; x_wconf 76' lang='lat' dir='ltr'><strong>tu</strong></span> <span class='ocrx_word' id='word_1_164' title='bbox 1511 1296 1557 1334; x_wconf 80' lang='lat' dir='ltr'><strong>et</strong></span> 
     </span>
     <span class='ocr_line' id='line_1_28' title="bbox 73 1347 1556 1404; baseline -0.001 -14"><span class='ocrx_word' id='word_1_165' title='bbox 73 1363 224 1390; x_wconf 83' lang='lat' dir='ltr'><strong>omnes</strong></span> <span class='ocrx_word' id='word_1_166' title='bbox 252 1350 341 1391; x_wconf 89' lang='lat' dir='ltr'><strong>mei</strong></span> <span class='ocrx_word' id='word_1_167' title='bbox 371 1348 621 1401; x_wconf 79' lang='lat' dir='ltr'><strong>corruistis,</strong></span> <span class='ocrx_word' id='word_1_168' title='bbox 651 1348 931 1402; x_wconf 83' lang='lat' dir='ltr'><strong>improbitati</strong></span> <span class='ocrx_word' id='word_1_169' title='bbox 969 1352 1016 1388; x_wconf 89' lang='lat' dir='ltr'><strong>et</strong></span> <span class='ocrx_word' id='word_1_170' title='bbox 1053 1347 1218 1388; x_wconf 83' lang='lat' dir='ltr'><strong>sceleri</strong></span> <span class='ocrx_word' id='word_1_171' title='bbox 1255 1361 1354 1389; x_wconf 87' lang='lat' dir='ltr'><strong>meo</strong></span> <span class='ocrx_word' id='word_1_172' title='bbox 1391 1350 1556 1404; x_wconf 84' lang='lat' dir='ltr'><strong>potius,</strong></span> 
     </span>
    </p>
   </div>
   <div class='ocr_carea' id='block_1_12' title="bbox 1318 1445 1415 1448">
    <p class='ocr_par' dir='ltr' id='par_1_15' title="bbox 1318 1445 1415 1448">
     <span class='ocr_line' id='line_1_29' title="bbox 1318 1445 1415 1448; baseline 0 0"><span class='ocrx_word' id='word_1_173' title='bbox 1318 1445 1415 1448; x_wconf 95' lang='lat' dir='ltr'><strong> </strong></span> 
     </span>
    </p>
   </div>
   <div class='ocr_carea' id='block_1_13' title="bbox 1416 1445 1555 1450">
    <p class='ocr_par' dir='ltr' id='par_1_16' title="bbox 1416 1445 1555 1450">
     <span class='ocr_line' id='line_1_30' title="bbox 1416 1445 1555 1450; baseline 0 0"><span class='ocrx_word' id='word_1_174' title='bbox 1416 1445 1555 1450; x_wconf 95' lang='lat' dir='ltr'><strong> </strong></span> 
     </span>
    </p>
   </div>
   <div class='ocr_carea' id='block_1_14' title="bbox 70 1498 1556 1881">
    <p class='ocr_par' dir='ltr' id='par_1_17' title="bbox 70 1498 1556 1881">
     <span class='ocr_line' id='line_1_31' title="bbox 72 1498 1555 1543; baseline -0.001 -11"><span class='ocrx_word' id='word_1_175' title='bbox 72 1499 213 1532; x_wconf 84' lang='lat' dir='ltr'><strong>Fcinde</strong></span> <span class='ocrx_word' id='word_1_176' title='bbox 240 1499 434 1532; x_wconf 78' lang='lat' dir='ltr'><strong>bewiesen.</strong></span> <span class='ocrx_word' id='word_1_177' title='bbox 500 1499 543 1532; x_wconf 88' lang='lat' dir='ltr'><strong>In</strong></span> <span class='ocrx_word' id='word_1_178' title='bbox 569 1500 622 1532; x_wconf 79' lang='lat' dir='ltr'><strong>uti</strong></span> <span class='ocrx_word' id='word_1_179' title='bbox 648 1499 759 1543; x_wconf 59' lang='grc' dir='ltr'><strong>Περὶ,</strong></span> <span class='ocrx_word' id='word_1_180' title='bbox 787 1499 868 1532; x_wconf 80' lang='lat' dir='ltr'><strong>dass</strong></span> <span class='ocrx_word' id='word_1_181' title='bbox 894 1510 935 1532; x_wconf 84' lang='lat' dir='ltr'><strong>er</strong></span> <span class='ocrx_word' id='word_1_182' title='bbox 963 1499 1160 1533; x_wconf 79' lang='lat' dir='ltr'><strong>Gebrauch</strong></span> <span class='ocrx_word' id='word_1_183' title='bbox 1188 1510 1260 1532; x_wconf 89' lang='lat' dir='ltr'><strong>von</strong></span> <span class='ocrx_word' id='word_1_184' title='bbox 1285 1498 1409 1532; x_wconf 87' lang='lat' dir='ltr'><strong>ihrem</strong></span> <span class='ocrx_word' id='word_1_185' title='bbox 1434 1498 1555 1533; x_wconf 78' lang='lat' dir='ltr'><strong>Rathe</strong></span> 
     </span>
     <span class='ocr_line' id='line_1_32' title="bbox 71 1546 1553 1591; baseline 0 -11"><span class='ocrx_word' id='word_1_186' title='bbox 71 1546 244 1587; x_wconf 68' lang='lat' dir='ltr'><strong>maome,</strong></span> <span class='ocrx_word' id='word_1_187' title='bbox 272 1547 344 1579; x_wconf 89' lang='lat' dir='ltr'><strong>und</strong></span> <span class='ocrx_word' id='word_1_188' title='bbox 371 1546 566 1590; x_wconf 79' lang='lat' dir='ltr'><strong>zugleicli,</strong></span> <span class='ocrx_word' id='word_1_189' title='bbox 593 1547 674 1580; x_wconf 79' lang='lat' dir='ltr'><strong>dass</strong></span> <span class='ocrx_word' id='word_1_190' title='bbox 699 1559 740 1580; x_wconf 87' lang='lat' dir='ltr'><strong>er</strong></span> <span class='ocrx_word' id='word_1_191' title='bbox 766 1547 873 1580; x_wconf 85' lang='lat' dir='ltr'><strong>einen</strong></span> <span class='ocrx_word' id='word_1_192' title='bbox 900 1546 1120 1580; x_wconf 84' lang='lat' dir='ltr'><strong>schlechten</strong></span> <span class='ocrx_word' id='word_1_193' title='bbox 1150 1547 1307 1581; x_wconf 86' lang='lat' dir='ltr'><strong>Gewinn</strong></span> <span class='ocrx_word' id='word_1_194' title='bbox 1334 1547 1449 1580; x_wconf 83' lang='lat' dir='ltr'><strong>davon</strong></span> <span class='ocrx_word' id='word_1_195' title='bbox 1476 1558 1553 1591; x_wconf 82' lang='lat' dir='ltr'><strong>zog.</strong></span> 
     </span>
     <span class='ocr_line' id='line_1_33' title="bbox 72 1594 1553 1640; baseline 0 -13"><span class='ocrx_word' id='word_1_196' title='bbox 72 1594 317 1634; x_wconf 73' lang='lat' dir='ltr'><strong>——inclium-i‚</strong></span> <span class='ocrx_word' id='word_1_197' title='bbox 345 1595 509 1627; x_wconf 74' lang='lat' dir='ltr'><strong>wanken.</strong></span> <span class='ocrx_word' id='word_1_198' title='bbox 561 1595 694 1628; x_wconf 85' lang='lat' dir='ltr'><strong>Cicero</strong></span> <span class='ocrx_word' id='word_1_199' title='bbox 722 1596 788 1628; x_wconf 77' lang='lat' dir='ltr'><strong>hat</strong></span> <span class='ocrx_word' id='word_1_200' title='bbox 816 1596 900 1628; x_wconf 82' lang='lat' dir='ltr'><strong>sich</strong></span> <span class='ocrx_word' id='word_1_201' title='bbox 927 1596 1088 1629; x_wconf 78' lang='lat' dir='ltr'><strong>dariiber</strong></span> <span class='ocrx_word' id='word_1_202' title='bbox 1113 1596 1199 1629; x_wconf 87' lang='lat' dir='ltr'><strong>sehr</strong></span> <span class='ocrx_word' id='word_1_203' title='bbox 1225 1594 1393 1628; x_wconf 83' lang='lat' dir='ltr'><strong>deutlich</strong></span> <span class='ocrx_word' id='word_1_204' title='bbox 1419 1606 1553 1640; x_wconf 80' lang='lat' dir='ltr'><strong>ausge-</strong></span> 
     </span>
     <span class='ocr_line' id='line_1_34' title="bbox 71 1639 1556 1688; baseline 0 -12"><span class='ocrx_word' id='word_1_205' title='bbox 71 1644 185 1676; x_wconf 82' lang='lat' dir='ltr'><strong>lassen</strong></span> <span class='ocrx_word' id='word_1_206' title='bbox 212 1655 267 1687; x_wconf 87' lang='lat' dir='ltr'><strong>ep.</strong></span> <span class='ocrx_word' id='word_1_207' title='bbox 295 1644 390 1683; x_wconf 87' lang='lat' dir='ltr'>LXI,</span> <span class='ocrx_word' id='word_1_208' title='bbox 404 1643 437 1676; x_wconf 75' lang='lat'><strong>4.</strong></span> <span class='ocrx_word' id='word_1_209' title='bbox 464 1643 581 1683; x_wconf 73' lang='lat' dir='ltr'>LXII,</span> <span class='ocrx_word' id='word_1_210' title='bbox 599 1645 631 1678; x_wconf 88' lang='lat'><strong>2.</strong></span> <span class='ocrx_word' id='word_1_211' title='bbox 654 1644 790 1684; x_wconf 89' lang='lat' dir='ltr'>LXIII,</span> <span class='ocrx_word' id='word_1_212' title='bbox 817 1644 850 1677; x_wconf 87' lang='lat'><strong>8.</strong></span> <span class='ocrx_word' id='word_1_213' title='bbox 877 1642 952 1682; x_wconf 68' lang='lat' dir='ltr'><strong>LX,</strong></span> <span class='ocrx_word' id='word_1_214' title='bbox 974 1646 1058 1678; x_wconf 86' lang='lat'><strong>2.-</strong></span> <span class='ocrx_word' id='word_1_215' title='bbox 1089 1643 1264 1688; x_wconf 79' lang='lat' dir='ltr'><strong>Cyzicum,</strong></span> <span class='ocrx_word' id='word_1_216' title='bbox 1290 1639 1460 1683; x_wconf 74' lang='grc' dir='ltr'>Κύζικον,</span> <span class='ocrx_word' id='word_1_217' title='bbox 1486 1643 1556 1676; x_wconf 80' lang='lat' dir='ltr'><strong>auf</strong></span> 
     </span>
     <span class='ocr_line' id='line_1_35' title="bbox 72 1691 1554 1736; baseline 0.001 -13"><span class='ocrx_word' id='word_1_218' title='bbox 72 1692 176 1724; x_wconf 86' lang='lat' dir='ltr'><strong>einer</strong></span> <span class='ocrx_word' id='word_1_219' title='bbox 200 1691 391 1724; x_wconf 79' lang='lat' dir='ltr'><strong>Halbinsel</strong></span> <span class='ocrx_word' id='word_1_220' title='bbox 416 1691 453 1723; x_wconf 88' lang='lat' dir='ltr'><strong>in</strong></span> <span class='ocrx_word' id='word_1_221' title='bbox 480 1691 628 1736; x_wconf 83' lang='lat' dir='ltr'><strong>Mysien</strong></span> <span class='ocrx_word' id='word_1_222' title='bbox 656 1703 701 1724; x_wconf 82' lang='lat' dir='ltr'><strong>an</strong></span> <span class='ocrx_word' id='word_1_223' title='bbox 730 1692 797 1724; x_wconf 80' lang='lat' dir='ltr'><strong>der</strong></span> <span class='ocrx_word' id='word_1_224' title='bbox 813 1693 1030 1735; x_wconf 83' lang='lat' dir='ltr'><strong>Propontis,</strong></span> <span class='ocrx_word' id='word_1_225' title='bbox 1057 1692 1117 1724; x_wconf 89' lang='lat' dir='ltr'><strong>ein</strong></span> <span class='ocrx_word' id='word_1_226' title='bbox 1138 1691 1554 1735; x_wconf 79' lang='lat' dir='ltr'><strong>Lieblingsaufenthalt</strong></span> 
     </span>
     <span class='ocr_line' id='line_1_36' title="bbox 71 1738 1552 1773; baseline 0 -1"><span class='ocrx_word' id='word_1_227' title='bbox 71 1740 138 1772; x_wconf 86' lang='lat' dir='ltr'><strong>der</strong></span> <span class='ocrx_word' id='word_1_228' title='bbox 164 1741 313 1773; x_wconf 62' lang='lat' dir='ltr'><strong>Rbmer.</strong></span> <span class='ocrx_word' id='word_1_229' title='bbox 358 1740 448 1772; x_wconf 87' lang='lat' dir='ltr'><strong>Hier</strong></span> <span class='ocrx_word' id='word_1_230' title='bbox 472 1740 533 1772; x_wconf 82' lang='lat' dir='ltr'><strong>ein</strong></span> <span class='ocrx_word' id='word_1_231' title='bbox 559 1738 821 1773; x_wconf 73' lang='lat' dir='ltr'><strong>siebeniaches</strong></span> <span class='ocrx_word' id='word_1_232' title='bbox 845 1739 953 1773; x_wconf 89' lang='lat' dir='ltr'><strong>Echo</strong></span> <span class='ocrx_word' id='word_1_233' title='bbox 980 1751 1053 1773; x_wconf 90' lang='lat' dir='ltr'><strong>von</strong></span> <span class='ocrx_word' id='word_1_234' title='bbox 1090 1740 1161 1772; x_wconf 86' lang='lat' dir='ltr'><strong>den</strong></span> <span class='ocrx_word' id='word_1_235' title='bbox 1193 1740 1323 1772; x_wconf 87' lang='lat' dir='ltr'><strong>sieben</strong></span> <span class='ocrx_word' id='word_1_236' title='bbox 1355 1739 1552 1773; x_wconf 80' lang='lat' dir='ltr'><strong>Thiirmen</strong></span> 
     </span>
     <span class='ocr_line' id='line_1_37' title="bbox 70 1787 1550 1831; baseline 0 -11"><span class='ocrx_word' id='word_1_237' title='bbox 70 1800 131 1820; x_wconf 82' lang='lat' dir='ltr'><strong>am</strong></span> <span class='ocrx_word' id='word_1_238' title='bbox 157 1787 414 1820; x_wconf 82' lang='lat' dir='ltr'><strong>Thracischeu</strong></span> <span class='ocrx_word' id='word_1_239' title='bbox 442 1788 569 1821; x_wconf 85' lang='lat' dir='ltr'><strong>Thore</strong></span> <span class='ocrx_word' id='word_1_240' title='bbox 593 1787 692 1821; x_wconf 80' lang='lat' dir='ltr'><strong>nach</strong></span> <span class='ocrx_word' id='word_1_241' title='bbox 718 1787 813 1825; x_wconf 76' lang='lat' dir='ltr'><strong>Plin.</strong></span> <span class='ocrx_word' id='word_1_242' title='bbox 840 1790 1010 1829; x_wconf 85' lang='lat' dir='ltr'>XXXVI,</span> <span class='ocrx_word' id='word_1_243' title='bbox 1039 1789 1094 1822; x_wconf 91' lang='lat'><strong>15.</strong></span> <span class='ocrx_word' id='word_1_244' title='bbox 1121 1807 1167 1812; x_wconf 90' lang='lat'><strong>—</strong></span> <span class='ocrx_word' id='word_1_245' title='bbox 1191 1789 1441 1831; x_wconf 68' lang='lat' dir='ltr'><strong>perferentur.</strong></span> <span class='ocrx_word' id='word_1_246' title='bbox 1473 1788 1550 1823; x_wconf 86' lang='lat' dir='ltr'><strong>Md.</strong></span> 
     </span>
     <span class='ocr_line' id='line_1_38' title="bbox 72 1836 1314 1881; baseline -0.002 -11"><span class='ocrx_word' id='word_1_247' title='bbox 72 1837 192 1870; x_wconf 83' lang='lat' dir='ltr'><strong>Oxou.</strong></span> <span class='ocrx_word' id='word_1_248' title='bbox 217 1837 240 1871; x_wconf 86' lang='lat'>2</span> <span class='ocrx_word' id='word_1_249' title='bbox 263 1838 516 1879; x_wconf 45' lang='lat' dir='ltr'><strong>perferuntur.</strong></span> <span class='ocrx_word' id='word_1_250' title='bbox 545 1855 588 1861; x_wconf 95' lang='lat'><strong>—</strong></span> <span class='ocrx_word' id='word_1_251' title='bbox 615 1837 713 1872; x_wconf 81' lang='lat' dir='ltr'><strong>Non.</strong></span> <span class='ocrx_word' id='word_1_252' title='bbox 739 1836 854 1879; x_wconf 63' lang='lat' dir='ltr'><strong>Sext„</strong></span> <span class='ocrx_word' id='word_1_253' title='bbox 881 1837 952 1869; x_wconf 81' lang='lat' dir='ltr'><strong>den</strong></span> <span class='ocrx_word' id='word_1_254' title='bbox 978 1836 1132 1869; x_wconf 75' lang='lat' dir='ltr'><strong>fiinften</strong></span> <span class='ocrx_word' id='word_1_255' title='bbox 1157 1837 1314 1881; x_wconf 81' lang='lat' dir='ltr'><strong>August.</strong></span> 
     </span>
    </p>
   </div>
   <div class='ocr_carea' id='block_1_15' title="bbox 71 1901 1554 2771">
    <p class='ocr_par' dir='ltr' id='par_1_18' title="bbox 71 1901 1554 2771">
     <span class='ocr_line' id='line_1_39' title="bbox 168 1901 1550 1949; baseline -0.001 -12"><span class='ocrx_word' id='word_1_256' title='bbox 168 1905 198 1937; x_wconf 94' lang='lat' dir='ltr'><strong>l.</strong></span> <span class='ocrx_word' id='word_1_257' title='bbox 225 1903 364 1936; x_wconf 81' lang='lat' dir='ltr'><strong>Amabo</strong></span> <span class='ocrx_word' id='word_1_258' title='bbox 393 1917 441 1934; x_wconf 59' lang='grc' dir='ltr'>Ξ</span> <span class='ocrx_word' id='word_1_259' title='bbox 466 1914 554 1949; x_wconf 83' lang='lat' dir='ltr'><strong>rogo</strong></span> <span class='ocrx_word' id='word_1_260' title='bbox 580 1910 639 1946; x_wconf 84' lang='lat' dir='ltr'><strong>te,</strong></span> <span class='ocrx_word' id='word_1_261' title='bbox 686 1904 767 1937; x_wconf 86' lang='lat' dir='ltr'><strong>eine</strong></span> <span class='ocrx_word' id='word_1_262' title='bbox 800 1915 864 1937; x_wconf 76' lang='lat' dir='ltr'><strong>aus</strong></span> <span class='ocrx_word' id='word_1_263' title='bbox 898 1904 970 1937; x_wconf 87' lang='lat' dir='ltr'><strong>den</strong></span> <span class='ocrx_word' id='word_1_264' title='bbox 1003 1903 1207 1937; x_wconf 77' lang='lat' dir='ltr'><strong>Komikern</strong></span> <span class='ocrx_word' id='word_1_265' title='bbox 1242 1901 1427 1935; x_wconf 81' lang='lat' dir='ltr'><strong>bekannte</strong></span> <span class='ocrx_word' id='word_1_266' title='bbox 1454 1903 1550 1937; x_wconf 83' lang='lat' dir='ltr'><strong>Bitt-</strong></span> 
     </span>
     <span class='ocr_line' id='line_1_40' title="bbox 71 1951 1552 1996; baseline -0.001 -11"><span class='ocrx_word' id='word_1_267' title='bbox 71 1951 206 1985; x_wconf 82' lang='lat' dir='ltr'><strong>formel</strong></span> <span class='ocrx_word' id='word_1_268' title='bbox 231 1952 299 1984; x_wconf 85' lang='lat' dir='ltr'><strong>der</strong></span> <span class='ocrx_word' id='word_1_269' title='bbox 323 1952 596 1985; x_wconf 80' lang='lat' dir='ltr'><strong>vertraulichen</strong></span> <span class='ocrx_word' id='word_1_270' title='bbox 622 1951 798 1996; x_wconf 76' lang='lat' dir='ltr'><strong>Sprache.</strong></span> <span class='ocrx_word' id='word_1_271' title='bbox 850 1953 958 1986; x_wconf 88' lang='lat' dir='ltr'><strong>Doch</strong></span> <span class='ocrx_word' id='word_1_272' title='bbox 986 1951 1109 1996; x_wconf 64' lang='lat' dir='ltr'><strong>hiingt</strong></span> <span class='ocrx_word' id='word_1_273' title='bbox 1134 1963 1178 1985; x_wconf 80' lang='lat' dir='ltr'><strong>ne</strong></span> <span class='ocrx_word' id='word_1_274' title='bbox 1202 1962 1268 1996; x_wconf 79' lang='lat' dir='ltr'><strong>gar</strong></span> <span class='ocrx_word' id='word_1_275' title='bbox 1294 1951 1405 1983; x_wconf 85' lang='lat' dir='ltr'><strong>nicht</strong></span> <span class='ocrx_word' id='word_1_276' title='bbox 1431 1951 1552 1986; x_wconf 81' lang='lat' dir='ltr'><strong>davon</strong></span> 
     </span>
     <span class='ocr_line' id='line_1_41' title="bbox 71 1998 1553 2044; baseline -0.001 -11"><span class='ocrx_word' id='word_1_277' title='bbox 71 2001 138 2041; x_wconf 84' lang='lat' dir='ltr'><strong>ab,</strong></span> <span class='ocrx_word' id='word_1_278' title='bbox 181 1999 342 2032; x_wconf 82' lang='lat' dir='ltr'><strong>sondern</strong></span> <span class='ocrx_word' id='word_1_279' title='bbox 381 2000 485 2033; x_wconf 73' lang='lat' dir='ltr'><strong>client</strong></span> <span class='ocrx_word' id='word_1_280' title='bbox 526 2011 590 2033; x_wconf 84' lang='lat' dir='ltr'><strong>zur</strong></span> <span class='ocrx_word' id='word_1_281' title='bbox 628 2001 861 2034; x_wconf 78' lang='lat' dir='ltr'><strong>mildernden</strong></span> <span class='ocrx_word' id='word_1_282' title='bbox 895 1999 1196 2044; x_wconf 81' lang='lat' dir='ltr'><strong>Umschreibung</strong></span> <span class='ocrx_word' id='word_1_283' title='bbox 1228 1998 1288 2031; x_wconf 83' lang='lat' dir='ltr'><strong>des</strong></span> <span class='ocrx_word' id='word_1_284' title='bbox 1320 1999 1553 2043; x_wconf 58' lang='lat' dir='ltr'><strong>:impe-ratim,</strong></span> 
     </span>
     <span class='ocr_line' id='line_1_42' title="bbox 72 2045 1554 2093; baseline -0.001 -12"><span class='ocrx_word' id='word_1_285' title='bbox 72 2047 139 2081; x_wconf 84' lang='lat' dir='ltr'><strong>der</strong></span> <span class='ocrx_word' id='word_1_286' title='bbox 164 2048 215 2080; x_wconf 75' lang='lat' dir='ltr'><strong>als</strong></span> <span class='ocrx_word' id='word_1_287' title='bbox 241 2048 429 2092; x_wconf 76' lang='lat' dir='ltr'><strong>negativer</strong></span> <span class='ocrx_word' id='word_1_288' title='bbox 454 2048 622 2081; x_wconf 81' lang='lat' dir='ltr'><strong>Wnnsch</strong></span> <span class='ocrx_word' id='word_1_289' title='bbox 647 2049 899 2093; x_wconf 79' lang='lat' dir='ltr'><strong>ausgedr&#39;uckt</strong></span> <span class='ocrx_word' id='word_1_290' title='bbox 923 2049 986 2085; x_wconf 78' lang='lat' dir='ltr'><strong>ist.</strong></span> <span class='ocrx_word' id='word_1_291' title='bbox 1035 2048 1145 2081; x_wconf 84' lang='lat' dir='ltr'><strong>Denn</strong></span> <span class='ocrx_word' id='word_1_292' title='bbox 1171 2045 1409 2093; x_wconf 73' lang='lat' dir='ltr'><strong>gewohulich</strong></span> <span class='ocrx_word' id='word_1_293' title='bbox 1434 2047 1554 2081; x_wconf 79' lang='lat' dir='ltr'><strong>findet</strong></span> 
     </span>
     <span class='ocr_line' id='line_1_43' title="bbox 72 2095 1552 2141; baseline 0 -12"><span class='ocrx_word' id='word_1_294' title='bbox 72 2096 153 2129; x_wconf 85' lang='lat' dir='ltr'><strong>sich</strong></span> <span class='ocrx_word' id='word_1_295' title='bbox 186 2095 248 2128; x_wconf 86' lang='lat' dir='ltr'><strong>bei</strong></span> <span class='ocrx_word' id='word_1_296' title='bbox 287 2097 420 2130; x_wconf 79' lang='lat' dir='ltr'><strong>amabo</strong></span> <span class='ocrx_word' id='word_1_297' title='bbox 446 2096 510 2130; x_wconf 88' lang='lat' dir='ltr'><strong>der</strong></span> <span class='ocrx_word' id='word_1_298' title='bbox 536 2096 753 2141; x_wconf 84' lang='lat' dir='ltr'><strong>Imperativ.</strong></span> <span class='ocrx_word' id='word_1_299' title='bbox 781 2110 810 2131; x_wconf 86' lang='lat' dir='ltr'><strong>z.</strong></span> <span class='ocrx_word' id='word_1_300' title='bbox 839 2098 882 2134; x_wconf 74' lang='lat' dir='ltr'><strong>B.</strong></span> <span class='ocrx_word' id='word_1_301' title='bbox 910 2097 954 2130; x_wconf 82' lang='lat' dir='ltr'><strong>ad</strong></span> <span class='ocrx_word' id='word_1_302' title='bbox 980 2095 1095 2130; x_wconf 80' lang='lat' dir='ltr'><strong>Attio.</strong></span> <span class='ocrx_word' id='word_1_303' title='bbox 1121 2098 1170 2136; x_wconf 89' lang='grc' dir='ltr'><strong>ΙΙ,</strong></span> <span class='ocrx_word' id='word_1_304' title='bbox 1200 2098 1239 2130; x_wconf 88' lang='lat'><strong>2:</strong></span> <span class='ocrx_word' id='word_1_305' title='bbox 1274 2107 1383 2138; x_wconf 76' lang='lat' dir='ltr'><strong>cura,</strong></span> <span class='ocrx_word' id='word_1_306' title='bbox 1417 2096 1552 2129; x_wconf 76' lang='lat' dir='ltr'><strong>amabo</strong></span> 
     </span>
     <span class='ocr_line' id='line_1_44' title="bbox 72 2143 1551 2189; baseline 0 -12"><span class='ocrx_word' id='word_1_307' title='bbox 72 2151 120 2185; x_wconf 87' lang='lat' dir='ltr'><strong>te,</strong></span> <span class='ocrx_word' id='word_1_308' title='bbox 148 2144 391 2186; x_wconf 78' lang='lat' dir='ltr'><strong>Cicerone1113</strong></span> <span class='ocrx_word' id='word_1_309' title='bbox 442 2144 488 2177; x_wconf 80' lang='lat' dir='ltr'><strong>ad</strong></span> <span class='ocrx_word' id='word_1_310' title='bbox 515 2145 558 2189; x_wconf 88' lang='lat' dir='ltr'><strong>Q</strong></span> <span class='ocrx_word' id='word_1_311' title='bbox 586 2143 650 2178; x_wconf 78' lang='lat' dir='ltr'><strong>Fr.</strong></span> <span class='ocrx_word' id='word_1_312' title='bbox 679 2146 731 2186; x_wconf 90' lang='lat'><strong>11,</strong></span> <span class='ocrx_word' id='word_1_313' title='bbox 761 2148 823 2180; x_wconf 71' lang='lat'><strong>101</strong></span> <span class='ocrx_word' id='word_1_314' title='bbox 850 2146 984 2178; x_wconf 82' lang='lat' dir='ltr'><strong>amabo</strong></span> <span class='ocrx_word' id='word_1_315' title='bbox 1011 2152 1061 2186; x_wconf 85' lang='lat' dir='ltr'><strong>te,</strong></span> <span class='ocrx_word' id='word_1_316' title='bbox 1097 2145 1252 2185; x_wconf 79' lang='lat' dir='ltr'><strong>advola3</strong></span> <span class='ocrx_word' id='word_1_317' title='bbox 1296 2145 1451 2177; x_wconf 85' lang='lat' dir='ltr'><strong>Terent.</strong></span> <span class='ocrx_word' id='word_1_318' title='bbox 1477 2145 1551 2177; x_wconf 86' lang='lat' dir='ltr'><strong>Eu·</strong></span> 
     </span>
     <span class='ocr_line' id='line_1_45' title="bbox 72 2191 1548 2236; baseline -0.001 -10"><span class='ocrx_word' id='word_1_319' title='bbox 72 2191 187 2230; x_wconf 67' lang='lat' dir='ltr'><strong>mich,</strong></span> <span class='ocrx_word' id='word_1_320' title='bbox 212 2194 242 2233; x_wconf 89' lang='lat'><strong>1,</strong></span> <span class='ocrx_word' id='word_1_321' title='bbox 269 2194 303 2234; x_wconf 88' lang='lat'><strong>2,</strong></span> <span class='ocrx_word' id='word_1_322' title='bbox 331 2196 392 2227; x_wconf 88' lang='lat'><strong>70:</strong></span> <span class='ocrx_word' id='word_1_323' title='bbox 435 2193 486 2231; x_wconf 81' lang='lat' dir='ltr'><strong>id.</strong></span> <span class='ocrx_word' id='word_1_324' title='bbox 513 2193 668 2235; x_wconf 80' lang='lat' dir='ltr'><strong>amabo,</strong></span> <span class='ocrx_word' id='word_1_325' title='bbox 696 2194 823 2227; x_wconf 79' lang='lat' dir='ltr'><strong>adiuta</strong></span> <span class='ocrx_word' id='word_1_326' title='bbox 848 2205 934 2235; x_wconf 87' lang='lat' dir='ltr'><strong>me;</strong></span> <span class='ocrx_word' id='word_1_327' title='bbox 960 2192 1052 2226; x_wconf 80' lang='lat' dir='ltr'><strong>ibid.</strong></span> <span class='ocrx_word' id='word_1_328' title='bbox 1078 2193 1142 2227; x_wconf 87' lang='lat'><strong>50:</strong></span> <span class='ocrx_word' id='word_1_329' title='bbox 1175 2193 1215 2225; x_wconf 89' lang='lat' dir='ltr'><strong>id</strong></span> <span class='ocrx_word' id='word_1_330' title='bbox 1240 2192 1359 2236; x_wconf 83' lang='lat' dir='ltr'><strong>agite,</strong></span> <span class='ocrx_word' id='word_1_331' title='bbox 1395 2194 1548 2234; x_wconf 73' lang='lat' dir='ltr'><strong>amabo3</strong></span> 
     </span>
     <span class='ocr_line' id='line_1_46' title="bbox 74 2240 1548 2287; baseline -0.001 -13"><span class='ocrx_word' id='word_1_332' title='bbox 74 2241 165 2274; x_wconf 86' lang='lat' dir='ltr'><strong>oder</strong></span> <span class='ocrx_word' id='word_1_333' title='bbox 198 2247 288 2274; x_wconf 80' lang='lat' dir='ltr'><strong>statt</strong></span> <span class='ocrx_word' id='word_1_334' title='bbox 322 2241 382 2274; x_wconf 84' lang='lat' dir='ltr'><strong>des</strong></span> <span class='ocrx_word' id='word_1_335' title='bbox 415 2240 635 2286; x_wconf 81' lang='lat' dir='ltr'><strong>Imperativs</strong></span> <span class='ocrx_word' id='word_1_336' title='bbox 670 2241 737 2274; x_wconf 83' lang='lat' dir='ltr'><strong>der</strong></span> <span class='ocrx_word' id='word_1_337' title='bbox 769 2242 987 2287; x_wconf 75' lang='lat' dir='ltr'><strong>optativus,</strong></span> <span class='ocrx_word' id='word_1_338' title='bbox 1040 2253 1073 2273; x_wconf 88' lang='lat' dir='ltr'><strong>z.</strong></span> <span class='ocrx_word' id='word_1_339' title='bbox 1107 2242 1147 2274; x_wconf 84' lang='lat' dir='ltr'><strong>B.</strong></span> <span class='ocrx_word' id='word_1_340' title='bbox 1182 2240 1228 2273; x_wconf 84' lang='lat' dir='ltr'><strong>ad</strong></span> <span class='ocrx_word' id='word_1_341' title='bbox 1259 2242 1343 2274; x_wconf 89' lang='lat' dir='ltr'><strong>Div.</strong></span> <span class='ocrx_word' id='word_1_342' title='bbox 1380 2242 1456 2282; x_wconf 84' lang='lat' dir='ltr'><strong>XV,</strong></span> <span class='ocrx_word' id='word_1_343' title='bbox 1485 2243 1548 2274; x_wconf 84' lang='lat'><strong>17:</strong></span> 
     </span>
     <span class='ocr_line' id='line_1_47' title="bbox 73 2288 1550 2333; baseline -0.002 -10"><span class='ocrx_word' id='word_1_344' title='bbox 73 2289 206 2323; x_wconf 82' lang='lat' dir='ltr'><strong>amabo</strong></span> <span class='ocrx_word' id='word_1_345' title='bbox 232 2295 282 2330; x_wconf 84' lang='lat' dir='ltr'><strong>te,</strong></span> <span class='ocrx_word' id='word_1_346' title='bbox 307 2288 521 2323; x_wconf 83' lang='lat' dir='ltr'><strong>memineris</strong></span> <span class='ocrx_word' id='word_1_347' title='bbox 548 2296 617 2323; x_wconf 89' lang='lat' dir='ltr'><strong>cet.</strong></span> <span class='ocrx_word' id='word_1_348' title='bbox 668 2289 776 2323; x_wconf 88' lang='lat' dir='ltr'><strong>Auch</strong></span> <span class='ocrx_word' id='word_1_349' title='bbox 803 2302 908 2323; x_wconf 89' lang='lat' dir='ltr'><strong>wenn</strong></span> <span class='ocrx_word' id='word_1_350' title='bbox 936 2293 972 2321; x_wconf 78' lang='lat' dir='ltr'><strong>ut</strong></span> <span class='ocrx_word' id='word_1_351' title='bbox 999 2288 1135 2322; x_wconf 73' lang='lat' dir='ltr'><strong>darauf</strong></span> <span class='ocrx_word' id='word_1_352' title='bbox 1158 2289 1276 2333; x_wconf 74' lang='lat' dir='ltr'><strong>folgt5</strong></span> <span class='ocrx_word' id='word_1_353' title='bbox 1315 2300 1354 2321; x_wconf 88' lang='lat' dir='ltr'><strong>so</strong></span> <span class='ocrx_word' id='word_1_354' title='bbox 1380 2289 1430 2321; x_wconf 84' lang='lat' dir='ltr'><strong>ist</strong></span> <span class='ocrx_word' id='word_1_355' title='bbox 1455 2288 1550 2321; x_wconf 70' lang='lat' dir='ltr'><strong>dies-s</strong></span> 
     </span>
     <span class='ocr_line' id='line_1_48' title="bbox 75 2335 1551 2382; baseline -0.001 -12"><span class='ocrx_word' id='word_1_356' title='bbox 75 2336 185 2370; x_wconf 87' lang='lat' dir='ltr'><strong>nicht</strong></span> <span class='ocrx_word' id='word_1_357' title='bbox 218 2338 270 2370; x_wconf 88' lang='lat' dir='ltr'><strong>als</strong></span> <span class='ocrx_word' id='word_1_358' title='bbox 304 2339 421 2371; x_wconf 83' lang='lat' dir='ltr'><strong>davon</strong></span> <span class='ocrx_word' id='word_1_359' title='bbox 448 2337 564 2382; x_wconf 85' lang='lat' dir='ltr'><strong>regirt</strong></span> <span class='ocrx_word' id='word_1_360' title='bbox 590 2338 820 2378; x_wconf 76' lang='lat' dir='ltr'><strong>anzusehen3</strong></span> <span class='ocrx_word' id='word_1_361' title='bbox 864 2337 1048 2371; x_wconf 79' lang='lat' dir='ltr'><strong>viehnehr</strong></span> <span class='ocrx_word' id='word_1_362' title='bbox 1080 2349 1180 2371; x_wconf 85' lang='lat' dir='ltr'><strong>muss</strong></span> <span class='ocrx_word' id='word_1_363' title='bbox 1213 2338 1269 2370; x_wconf 78' lang='lat' dir='ltr'><strong>ila</strong></span> <span class='ocrx_word' id='word_1_364' title='bbox 1296 2337 1363 2370; x_wconf 88' lang='lat' dir='ltr'><strong>der</strong></span> <span class='ocrx_word' id='word_1_365' title='bbox 1388 2335 1551 2369; x_wconf 81' lang='lat' dir='ltr'><strong>Bethen-</strong></span> 
     </span>
     <span class='ocr_line' id='line_1_49' title="bbox 74 2385 1549 2431; baseline -0.001 -13"><span class='ocrx_word' id='word_1_366' title='bbox 74 2386 324 2430; x_wconf 80' lang='lat' dir='ltr'><strong>1ungsf0rmel</strong></span> <span class='ocrx_word' id='word_1_367' title='bbox 357 2397 400 2419; x_wconf 84' lang='lat' dir='ltr'><strong>zu</strong></span> <span class='ocrx_word' id='word_1_368' title='bbox 430 2387 553 2420; x_wconf 78' lang='lat' dir='ltr'><strong>amabo</strong></span> <span class='ocrx_word' id='word_1_369' title='bbox 586 2386 858 2431; x_wconf 83' lang='lat' dir='ltr'><strong>hinzugedacht</strong></span> <span class='ocrx_word' id='word_1_370' title='bbox 890 2385 1046 2422; x_wconf 83' lang='lat' dir='ltr'><strong>werden.</strong></span> <span class='ocrx_word' id='word_1_371' title='bbox 1107 2398 1139 2419; x_wconf 88' lang='lat' dir='ltr'><strong>z.</strong></span> <span class='ocrx_word' id='word_1_372' title='bbox 1175 2387 1218 2420; x_wconf 87' lang='lat' dir='ltr'><strong>B.</strong></span> <span class='ocrx_word' id='word_1_373' title='bbox 1263 2386 1414 2418; x_wconf 81' lang='lat' dir='ltr'><strong>Terent.</strong></span> <span class='ocrx_word' id='word_1_374' title='bbox 1454 2385 1549 2417; x_wconf 85' lang='lat' dir='ltr'><strong>Eun.</strong></span> 
     </span>
     <span class='ocr_line' id='line_1_50' title="bbox 77 2431 1549 2477; baseline -0.001 -11"><span class='ocrx_word' id='word_1_375' title='bbox 77 2435 144 2473; x_wconf 86' lang='lat'>111,</span> <span class='ocrx_word' id='word_1_376' title='bbox 170 2434 205 2476; x_wconf 82' lang='lat'><strong>3,</strong></span> <span class='ocrx_word' id='word_1_377' title='bbox 232 2435 297 2468; x_wconf 79' lang='lat'><strong>312</strong></span> <span class='ocrx_word' id='word_1_378' title='bbox 351 2434 451 2475; x_wconf 82' lang='lat' dir='ltr'><strong>(ila)</strong></span> <span class='ocrx_word' id='word_1_379' title='bbox 486 2434 619 2468; x_wconf 80' lang='lat' dir='ltr'><strong>amabo</strong></span> <span class='ocrx_word' id='word_1_380' title='bbox 645 2442 701 2476; x_wconf 80' lang='lat' dir='ltr'><strong>te,</strong></span> <span class='ocrx_word' id='word_1_381' title='bbox 736 2441 777 2467; x_wconf 86' lang='lat' dir='ltr'><strong>ut</strong></span> <span class='ocrx_word' id='word_1_382' title='bbox 811 2441 974 2469; x_wconf 77' lang='lat' dir='ltr'><strong>transeas</strong></span> <span class='ocrx_word' id='word_1_383' title='bbox 1010 2447 1058 2466; x_wconf 65' lang='lat'><strong>2:</strong></span> <span class='ocrx_word' id='word_1_384' title='bbox 1091 2440 1203 2467; x_wconf 84' lang='lat' dir='ltr'><strong>unter</strong></span> <span class='ocrx_word' id='word_1_385' title='bbox 1234 2433 1298 2466; x_wconf 88' lang='lat' dir='ltr'><strong>der</strong></span> <span class='ocrx_word' id='word_1_386' title='bbox 1331 2431 1549 2477; x_wconf 81' lang='lat' dir='ltr'><strong>Bedingung</strong></span> 
     </span>
     <span class='ocr_line' id='line_1_51' title="bbox 78 2480 1548 2529; baseline 0 -16"><span class='ocrx_word' id='word_1_387' title='bbox 78 2480 187 2513; x_wconf 87' lang='lat' dir='ltr'><strong>werd’</strong></span> <span class='ocrx_word' id='word_1_388' title='bbox 209 2481 272 2513; x_wconf 80' lang='lat' dir='ltr'><strong>ich</strong></span> <span class='ocrx_word' id='word_1_389' title='bbox 292 2481 393 2516; x_wconf 82' lang='lat' dir='ltr'><strong>Dich</strong></span> <span class='ocrx_word' id='word_1_390' title='bbox 414 2483 489 2515; x_wconf 87' lang='lat' dir='ltr'><strong>lieb</strong></span> <span class='ocrx_word' id='word_1_391' title='bbox 515 2483 648 2522; x_wconf 84' lang='lat' dir='ltr'><strong>haben,</strong></span> <span class='ocrx_word' id='word_1_392' title='bbox 668 2483 750 2516; x_wconf 82' lang='lat' dir='ltr'><strong>dass</strong></span> <span class='ocrx_word' id='word_1_393' title='bbox 775 2482 799 2516; x_wconf 86' lang='lat' dir='ltr'><strong>i.</strong></span> <span class='ocrx_word' id='word_1_394' title='bbox 825 2493 855 2516; x_wconf 89' lang='lat' dir='ltr'><strong>e.</strong></span> <span class='ocrx_word' id='word_1_395' title='bbox 885 2484 939 2516; x_wconf 88' lang='lat' dir='ltr'><strong>sei</strong></span> <span class='ocrx_word' id='word_1_396' title='bbox 956 2494 996 2515; x_wconf 91' lang='lat' dir='ltr'><strong>so</strong></span> <span class='ocrx_word' id='word_1_397' title='bbox 1016 2488 1082 2526; x_wconf 84' lang='lat' dir='ltr'><strong>gut</strong></span> <span class='ocrx_word' id='word_1_398' title='bbox 1099 2482 1172 2515; x_wconf 85' lang='lat' dir='ltr'><strong>und</strong></span> <span class='ocrx_word' id='word_1_399' title='bbox 1189 2482 1259 2529; x_wconf 79' lang='lat' dir='ltr'><strong>geli</strong></span> <span class='ocrx_word' id='word_1_400' title='bbox 1281 2482 1358 2513; x_wconf 82' lang='lat' dir='ltr'><strong>hin.</strong></span> <span class='ocrx_word' id='word_1_401' title='bbox 1410 2482 1548 2526; x_wconf 86' lang='lat' dir='ltr'><strong>Hecyr.</strong></span> 
     </span>
     <span class='ocr_line' id='line_1_52' title="bbox 77 2529 1552 2570; baseline 0.001 -9"><span class='ocrx_word' id='word_1_402' title='bbox 77 2540 180 2564; x_wconf 76' lang='lat' dir='ltr'><strong>scen.</strong></span> <span class='ocrx_word' id='word_1_403' title='bbox 215 2529 304 2564; x_wconf 81' lang='lat' dir='ltr'><strong>ult.:</strong></span> <span class='ocrx_word' id='word_1_404' title='bbox 340 2531 401 2563; x_wconf 86' lang='lat' dir='ltr'><strong>die</strong></span> <span class='ocrx_word' id='word_1_405' title='bbox 436 2542 496 2563; x_wconf 86' lang='lat' dir='ltr'><strong>me</strong></span> <span class='ocrx_word' id='word_1_406' title='bbox 529 2543 653 2565; x_wconf 79' lang='lat' dir='ltr'><strong>amare</strong></span> <span class='ocrx_word' id='word_1_407' title='bbox 686 2538 723 2564; x_wconf 86' lang='lat' dir='ltr'><strong>ut</strong></span> <span class='ocrx_word' id='word_1_408' title='bbox 757 2531 893 2566; x_wconf 79' lang='lat' dir='ltr'><strong>veniat.</strong></span> <span class='ocrx_word' id='word_1_409' title='bbox 943 2531 1061 2563; x_wconf 76' lang='lat' dir='ltr'><strong>l&#39;laut.</strong></span> <span class='ocrx_word' id='word_1_410' title='bbox 1090 2530 1326 2563; x_wconf 57' lang='lat' dir='ltr'><strong>Men-aeciam.</strong></span> <span class='ocrx_word' id='word_1_411' title='bbox 1356 2529 1403 2570; x_wconf 88' lang='lat'><strong>11,</strong></span> <span class='ocrx_word' id='word_1_412' title='bbox 1429 2529 1463 2570; x_wconf 83' lang='lat'><strong>3,</strong></span> <span class='ocrx_word' id='word_1_413' title='bbox 1488 2532 1552 2563; x_wconf 77' lang='lat'><strong>71:</strong></span> 
     </span>
     <span class='ocr_line' id='line_1_53' title="bbox 79 2576 1550 2620; baseline 0.002 -13"><span class='ocrx_word' id='word_1_414' title='bbox 79 2577 169 2609; x_wconf 78' lang='lat' dir='ltr'><strong>scin’</strong></span> <span class='ocrx_word' id='word_1_415' title='bbox 196 2576 282 2620; x_wconf 82' lang='lat' dir='ltr'><strong>quid</strong></span> <span class='ocrx_word' id='word_1_416' title='bbox 308 2584 343 2610; x_wconf 78' lang='lat' dir='ltr'><strong>te</strong></span> <span class='ocrx_word' id='word_1_417' title='bbox 368 2580 501 2612; x_wconf 77' lang='lat' dir='ltr'><strong>amabo</strong></span> <span class='ocrx_word' id='word_1_418' title='bbox 527 2586 570 2613; x_wconf 88' lang='lat' dir='ltr'><strong>ut</strong></span> <span class='ocrx_word' id='word_1_419' title='bbox 594 2579 737 2614; x_wconf 74' lang='lat' dir='ltr'><strong>facias?</strong></span> <span class='ocrx_word' id='word_1_420' title='bbox 780 2580 873 2613; x_wconf 86' lang='lat' dir='ltr'><strong>ibid.</strong></span> <span class='ocrx_word' id='word_1_421' title='bbox 902 2580 990 2614; x_wconf 75' lang='lat' dir='ltr'><strong>cist.</strong></span> <span class='ocrx_word' id='word_1_422' title='bbox 1019 2579 1056 2618; x_wconf 89' lang='lat'><strong>1,</strong></span> <span class='ocrx_word' id='word_1_423' title='bbox 1085 2580 1116 2618; x_wconf 93' lang='lat'><strong>1,</strong></span> <span class='ocrx_word' id='word_1_424' title='bbox 1155 2578 1222 2611; x_wconf 87' lang='lat'><strong>106</strong></span> <span class='ocrx_word' id='word_1_425' title='bbox 1247 2588 1280 2610; x_wconf 87' lang='lat' dir='ltr'><strong>u.</strong></span> <span class='ocrx_word' id='word_1_426' title='bbox 1307 2577 1457 2610; x_wconf 87' lang='lat' dir='ltr'><strong>Trucul.</strong></span> <span class='ocrx_word' id='word_1_427' title='bbox 1484 2578 1550 2618; x_wconf 86' lang='lat' dir='ltr'><strong>lv,</strong></span> 
     </span>
     <span class='ocr_line' id='line_1_54' title="bbox 79 2624 1553 2670; baseline 0.001 -12"><span class='ocrx_word' id='word_1_428' title='bbox 79 2626 113 2666; x_wconf 74' lang='lat'><strong>4,</strong></span> <span class='ocrx_word' id='word_1_429' title='bbox 144 2624 196 2658; x_wconf 86' lang='lat'><strong>19.</strong></span> <span class='ocrx_word' id='word_1_430' title='bbox 233 2635 330 2658; x_wconf 88' lang='lat' dir='ltr'><strong>nunc</strong></span> <span class='ocrx_word' id='word_1_431' title='bbox 367 2634 404 2660; x_wconf 83' lang='lat' dir='ltr'><strong>te</strong></span> <span class='ocrx_word' id='word_1_432' title='bbox 430 2629 561 2662; x_wconf 81' lang='lat' dir='ltr'><strong>amabo</strong></span> <span class='ocrx_word' id='word_1_433' title='bbox 590 2655 600 2666; x_wconf 79' lang='grc'>,</span> <span class='ocrx_word' id='word_1_434' title='bbox 627 2655 639 2666; x_wconf 76' lang='grc'>,</span> <span class='ocrx_word' id='word_1_435' title='bbox 666 2635 706 2662; x_wconf 85' lang='lat' dir='ltr'><strong>ut</strong></span> <span class='ocrx_word' id='word_1_436' title='bbox 732 2628 851 2668; x_wconf 79' lang='lat' dir='ltr'><strong>sinas;</strong></span> <span class='ocrx_word' id='word_1_437' title='bbox 894 2627 1091 2661; x_wconf 70' lang='lat' dir='ltr'><strong>Menaech.</strong></span> <span class='ocrx_word' id='word_1_438' title='bbox 1120 2625 1188 2670; x_wconf 29' lang='lat'>1⁸11,</span> <span class='ocrx_word' id='word_1_439' title='bbox 1215 2625 1249 2664; x_wconf 82' lang='lat'><strong>3,</strong></span> <span class='ocrx_word' id='word_1_440' title='bbox 1281 2627 1318 2658; x_wconf 84' lang='lat'><strong>1:</strong></span> <span class='ocrx_word' id='word_1_441' title='bbox 1352 2636 1473 2658; x_wconf 81' lang='lat' dir='ltr'><strong>amare</strong></span> <span class='ocrx_word' id='word_1_442' title='bbox 1500 2627 1553 2659; x_wconf 75' lang='lat' dir='ltr'><strong>ait</strong></span> 
     </span>
     <span class='ocr_line' id='line_1_55' title="bbox 81 2672 1553 2717; baseline 0 -12"><span class='ocrx_word' id='word_1_443' title='bbox 81 2680 117 2705; x_wconf 82' lang='lat' dir='ltr'><strong>te</strong></span> <span class='ocrx_word' id='word_1_444' title='bbox 145 2672 299 2704; x_wconf 74' lang='lat' dir='ltr'><strong>mulium</strong></span> <span class='ocrx_word' id='word_1_445' title='bbox 328 2675 510 2717; x_wconf 77' lang='lat' dir='ltr'><strong>Erotium,</strong></span> <span class='ocrx_word' id='word_1_446' title='bbox 535 2683 577 2710; x_wconf 87' lang='lat' dir='ltr'><strong>ut</strong></span> <span class='ocrx_word' id='word_1_447' title='bbox 601 2677 647 2710; x_wconf 79' lang='lat' dir='ltr'><strong>ad</strong></span> <span class='ocrx_word' id='word_1_448' title='bbox 676 2677 869 2709; x_wconf 77' lang='lat' dir='ltr'><strong>aurificem</strong></span> <span class='ocrx_word' id='word_1_449' title='bbox 895 2676 1052 2708; x_wconf 80' lang='lat' dir='ltr'><strong>deferas.</strong></span> <span class='ocrx_word' id='word_1_450' title='bbox 1115 2672 1279 2706; x_wconf 79' lang='lat' dir='ltr'><strong>Ahnlich</strong></span> <span class='ocrx_word' id='word_1_451' title='bbox 1311 2673 1553 2717; x_wconf 76' lang='lat' dir='ltr'><strong>gebrauchen</strong></span> 
     </span>
     <span class='ocr_line' id='line_1_56' title="bbox 77 2719 1554 2771; baseline 0.002 -18"><span class='ocrx_word' id='word_1_452' title='bbox 77 2720 145 2764; x_wconf 25' lang='lat' dir='ltr'><strong>hdie</strong></span> <span class='ocrx_word' id='word_1_453' title='bbox 173 2721 362 2755; x_wconf 74' lang='lat' dir='ltr'><strong>Griechen</strong></span> <span class='ocrx_word' id='word_1_454' title='bbox 389 2723 550 2771; x_wconf 73' lang='grc' dir='ltr'><strong>στέργειν</strong></span> <span class='ocrx_word' id='word_1_455' title='bbox 576 2737 605 2761; x_wconf 80' lang='grc' dir='ltr'><strong>ι.</strong></span> <span class='ocrx_word' id='word_1_456' title='bbox 632 2727 673 2759; x_wconf 82' lang='lat' dir='ltr'><strong>B.</strong></span> <span class='ocrx_word' id='word_1_457' title='bbox 700 2725 878 2771; x_wconf 80' lang='lat' dir='ltr'><strong>Sophocl.</strong></span> <span class='ocrx_word' id='word_1_458' title='bbox 915 2723 1008 2759; x_wconf 83' lang='lat' dir='ltr'><strong>Oed.</strong></span> <span class='ocrx_word' id='word_1_459' title='bbox 1036 2721 1121 2758; x_wconf 82' lang='lat' dir='ltr'><strong>eol.</strong></span> <span class='ocrx_word' id='word_1_460' title='bbox 1149 2722 1236 2757; x_wconf 81' lang='lat'><strong>520:</strong></span> <span class='ocrx_word' id='word_1_461' title='bbox 1287 2719 1449 2768; x_wconf 79' lang='grc' dir='ltr'><strong><em>σιέρξον,</em></strong></span> <span class='ocrx_word' id='word_1_462' title='bbox 1481 2720 1554 2756; x_wconf 76' lang='grc' dir='ltr'><strong>ἱκε-</strong></span> 
     </span>
    </p>
   </div>
  </div>
 </body>
</html>
