1742 3006
183 91 276 139 466
466 91 532 134 Μ.
565 91 620 135 Τ.
651 89 994 135 CICERONIS
1025 89 1400 135 EPISTOLAE.

184 207 338 262 probo,
368 205 634 260 praesertim
654 217 804 259 quum,
822 206 873 245 ut
895 203 1073 255 scribis,
1095 215 1195 244 cum
1209 203 1404 245 Caesare
1428 203 1671 245 communi-

184 264 318 304 caris.
378 261 577 315 Oppium
605 261 749 301 miror
777 260 1023 314 quidquam
1053 272 1155 300 cum
1184 259 1378 300 Publio:
1407 257 1523 300 mihi
1552 260 1672 300 enim

121 332 171 373 13
184 333 273 360 non
303 317 549 372 placuerat.
610 315 746 366 Quod
787 317 1005 358 interiore
1036 315 1232 369 epistola
1261 313 1423 356 scribis
1452 328 1522 356 me
1551 314 1670 357 Idib.

183 374 303 429 Sept.
334 372 554 427 Pompeio
584 372 782 426 legatum
812 372 901 412 iriz
932 370 982 411 id
1011 385 1094 425 ego
1123 384 1213 412 non
1242 371 1397 413 audivi
1419 371 1672 426 scripsique

183 430 241 471 ad
271 427 536 481 Caesarem,
565 428 824 469 Vibullium
853 427 1064 468 Caesaris
1094 426 1305 468 mandata
1334 427 1390 467 de
1420 440 1521 468 mea
1549 439 1673 468 man-

181 486 308 526 sione
350 484 408 526 ad
454 485 720 538 Pompeium
749 483 1015 538 pertulisse,
1071 496 1154 524 nec
1195 483 1254 524 ad
1295 482 1509 538 Oppium.
1569 482 1672 533 Quo

182 541 401 582 consilio?
458 540 740 594 Quamquam
781 538 979 593 Oppium
1021 552 1103 594 ego
1134 539 1285 591 tenui,
1335 538 1457 594 quod
1497 539 1673 593 priores

184 599 333 652 partes
363 596 565 638 Vibullii
593 600 735 637 erant.
804 595 918 636 Cum
957 609 1009 636 eo
1039 595 1158 636 enim
1187 607 1340 636 coram
1370 595 1541 636 Caesar
1569 608 1672 648 ege-

183 657 280 705 rat,
319 653 376 692 ad
418 652 616 706 Oppium
656 652 916 706 scripserat.
1002 650 1103 704 Ego
1151 663 1260 692 vero
1300 651 1449 692 nullas
1489 652 1675 700 δευτέρας

183 710 399 759 φροντίδας
427 707 593 748 habere
625 721 802 761 possum
832 709 879 747 in
909 707 1118 748 Caesaris
1148 707 1291 747 rebus.
1349 707 1438 747 llle
1459 706 1573 747 mihi
1604 719 1672 747 se-

183 763 378 804 cundum
424 767 468 805 te
498 766 544 804 et
572 764 739 804 liberos
770 768 948 804 nostros
978 763 1045 803 ita
1074 765 1166 814 est,
1217 766 1267 802 ut
1307 762 1367 802 sit
1405 776 1545 816 paene
1577 775 1671 816 par.

183 820 361 861 Videor
391 820 438 860 id
468 819 643 860 iudicio
673 818 836 860 facere.
924 818 1022 859 Iam
1052 818 1172 860 enim
1202 817 1368 859 debeo:
1414 818 1495 858 sed
1524 822 1672 860 tamen

183 889 335 917 amore
365 888 461 916 sum
492 876 711 916 incensus.

126 944 182 984 19
298 930 384 972 VI.
439 930 589 980 Quum
619 931 901 985 scripsissem
933 928 1047 971 haec
1076 929 1256 982 infima,
1299 942 1414 984 quae
1443 931 1547 970 sunt
1575 941 1675 969 mea

185 1089 229 1111 zu
255 1076 418 1110 bleiben.
448 1095 488 1100 —
520 1085 619 1119 quum
647 1100 654 1108 .
684 1101 690 1108 .
723 1098 732 1107 .
761 1075 987 1114 communia,
1021 1075 1078 1108 Da
1103 1076 1164 1109 Du
1191 1075 1261 1109 mit
1287 1077 1403 1109 Cizisar
1431 1075 1596 1110 dariiber
1620 1074 1673 1107 ei-

185 1125 252 1168 nig
277 1124 476 1170 geworden
503 1124 589 1157 bist.
641 1141 682 1147 -
733 1123 887 1166 Oppium
912 1148 920 1157 .
950 1148 957 1156 .
985 1123 1178 1167 quidquam
1203 1135 1280 1157 cum
1310 1124 1458 1165 Publio,
1487 1123 1569 1157 dass
1595 1123 1671 1168 Op-

187 1173 269 1217 pius
308 1173 378 1206 mit
410 1172 498 1204 dem
534 1170 688 1205 Clodius
724 1172 826 1204 noch
863 1172 926 1204 das
959 1171 1148 1205 Mindeste
1186 1183 1231 1205 zu
1266 1173 1361 1205 thun
1393 1173 1514 1206 haben
1559 1171 1670 1205 kann.

186 1221 268 1266 Vgl.
301 1220 337 1264 §.
368 1221 422 1253 11.
448 1220 501 1253 im
526 1219 611 1252 Anf.
668 1219 728 1252 Sic
761 1219 840 1253 Md.
878 1221 995 1253 Oxou.
1035 1222 1064 1253 l.
1104 1221 1136 1254 2.
1171 1220 1281 1253 Amb.
1328 1222 1385 1256 16.
1428 1219 1542 1253 hand.
1579 1220 1672 1255 C2d.

186 1268 311 1313 Regii.
344 1266 439 1302 Edd.
477 1273 570 1300 vett.
611 1269 709 1300 Crat.
744 1268 836 1303 Lan.
872 1270 938 1309 (ut
964 1268 1012 1301 sit
1041 1268 1231 1310 Clodius).
1260 1267 1422 1302 Publilio
1449 1268 1548 1302 Vict.
1579 1269 1609 1301 1.
1637 1269 1672 1302 2.
1728 1276 1734 1280 ’

187 1318 295 1352 Man.
327 1316 460 1351 Lamb.
492 1317 581 1348 Ern.
621 1316 705 1350 Sch.
745 1316 802 1348 ed.
841 1316 931 1349 min.
971 1317 1067 1351 Liin.
1110 1314 1182 1350 Sed
1215 1317 1253 1349 in
1285 1327 1328 1350 re
1349 1328 1501 1362 prorsus
1525 1318 1672 1350 incerta
1735 1326 1742 1361 ς

187 1370 354 1411 praestat
379 1364 487 1409 sequi
513 1363 606 1396 Cdd.
636 1363 837 1397 ORELLI.

286 1432 342 1468 18.
379 1429 554 1465 interiori
579 1429 751 1475 epistola,
777 1442 897 1476 gegen
923 1431 1030 1465 Eude
1056 1432 1194 1465 Deines
1220 1432 1353 1469 Briefs.
1405 1433 1513 1465 Denn
1546 1442 1673 1474 wegen
1732 1434 1735 1439 '

188 1479 252 1513 des
279 1479 641 1513 Zusammenrollens
668 1479 763 1512 kann
792 1480 858 1513 der
884 1487 1052 1514 unterste
1079 1481 1171 1514 oder
1196 1480 1308 1514 letzte
1334 1480 1444 1514 Theil
1480 1481 1672 1514 desselben

188 1528 284 1562 nach
310 1529 425 1562 Innen
452 1540 495 1561 zu
521 1528 652 1572 liegen.
695 1547 739 1552 —
782 1529 839 1561 Id.
866 1528 990 1572 Sept.‚
1026 1539 1086 1562 em
1115 1531 1169 1563 13.
1195 1529 1423 1574 September.
1457 1548 1502 1554 -
1539 1528 1672 1572 Pomp.

189 1577 306 1619 legat.
333 1576 406 1616 iri,
447 1576 575 1610 wurde
597 1576 660 1609 ich
687 1577 758 1609 mit
785 1577 870 1610 deni
898 1577 1098 1621 Pompeius
1132 1576 1184 1610 als
1209 1578 1288 1611 sein
1315 1579 1435 1624 Legat
1459 1577 1557 1610 nach
1582 1578 1672 1622 Spa-

188 1625 275 1657 nien
301 1624 490 1671 abgehen.
521 1643 562 1648 -—
589 1623 798 1668 scrip-§iovis
825 1639 874 1656 z:
900 1626 965 1658 sed
990 1626 1090 1659 nach
1124 1637 1215 1660 non.
1277 1624 1433 1667 Quintus
1468 1624 1575 1659 hatte
1611 1636 1674 1657 aus

189 1673 273 1706 dem
302 1672 525 1715 Umstande,
565 1672 647 1706 dass
675 1672 807 1706 Cicero
835 1684 960 1719 wegen
991 1674 1111 1707 seines
1137 1686 1206 1707 von
1233 1676 1345 1707 cesar
1371 1673 1459 1707 sehr
1485 1672 1673 1707 ernstlich

188 1720 464 1765 gewiinschtcn
497 1721 672 1754 Bleibens
707 1721 745 1754 in
779 1723 877 1755 Rom
911 1723 960 1763 (ε,
988 1734 1042 1767 ep.
1070 1722 1187 1764 CXL,
1215 1723 1237 1757 2
1262 1733 1380 1767 gegen
1407 1721 1519 1763 End.)
1554 1722 1674 1755 durch

188 1770 230 1803 L.
261 1768 440 1802 Vibullius
455 1770 588 1811 Rufus,
624 1770 733 1802 einen
762 1772 981 1804 Vertrauten
1009 1771 1071 1804 des
1084 1770 1287 1816 Pompeius
1315 1770 1389 1804 und
1415 1770 1524 1803 nicht
1551 1770 1673 1804 durch

191 1819 319 1850 Ciisars
358 1827 401 1849 zu
433 1818 531 1850 Rom
560 1818 833 1851 verweilenden
867 1818 1200 1863 Geschaftstriiger
1227 1819 1370 1864 Oppius
1404 1819 1449 1859 (S.
1477 1819 1510 1862 §.
1538 1820 1577 1861 8)
1603 1818 1673 1851 mit

188 1864 388 1910 Pompeius
417 1864 514 1897 habe
540 1866 816 1898 unterhandeiu
843 1867 976 1907 lassen,
1004 1868 1074 1899 den
1104 1867 1296 1900 verdacht
1322 1867 1541 1912 gesclffipft,
1567 1867 1671 1900 Mar-

192 1924 254 1947 cus
290 1913 389 1945 habe
414 1913 516 1945 seine
543 1913 751 1946 Gedanken
777 1915 980 1957 geandert,
1021 1915 1096 1947 und
1127 1915 1220 1960 gehe
1249 1915 1421 1948 wirklich
1450 1914 1567 1948 demit
1591 1926 1670 1952 um,

190 1962 271 1995 sich
298 1961 349 1994 als
377 1961 492 2005 [legat
516 1973 600 1993 vom
627 1962 823 2013 Pom‘peius
852 1961 945 1996 nach
972 1962 1131 2007 Spanien
1158 1963 1340 1996 schicken
1368 1974 1412 1996 zu
1436 1962 1568 1997 lassen.
1619 1963 1673 1996 Er

190 2010 296 2043 hatte
323 2009 445 2042 durch
470 2008 692 2053 Ausiihrung
729 2011 827 2043 eines
862 2022 946 2043 zum
972 2009 1229 2055 Sprichworte
1267 2010 1515 2056 gewordenen
1542 2015 1673 2047 verses

191 2069 254 2091 aus
281 2057 369 2090 dem
395 2058 621 2103 Hippolytus
645 2059 764 2091 seines
787 2058 1149 2103 Lieblingsdichters
1174 2059 1374 2106 Euripides

482 2103 520 2140 αἱ
546 2103 707 2152 δευτέραι
732 2118 806 2147 πως
830 2104 1018 2153 φροντίδες
1042 2105 1255 2155 σοφώτεραι·

192 2154 289 2187 iiber
320 2154 419 2187 diese
451 2155 654 2188 vermeinte
687 2155 1013 2200 Sinnesiinderung
1045 2157 1122 2189 sein
1155 2156 1364 2191 Missfallen
1409 2167 1454 2189 zu
1484 2155 1673 2189 erkennen

190 2202 372 2247 gegeben.
422 2203 574 2236 Marcus
601 2201 848 2248 rechtfertigt
872 2204 955 2237 sich
981 2205 1149 2238 desshalb
1178 2205 1262 2238 hier
1288 2215 1407 2253 gegen
1435 2204 1562 2238 diesen
1576 2205 1672 2237 Ver-

192 2249 318 2283 dacht.
352 2269 395 2274 —
446 2261 510 2284 nec
542 2251 590 2285 ad
615 2251 764 2294 Oppium
790 2253 1006 2297 pertulisse,
1054 2253 1128 2287 und
1163 2253 1270 2286 nicht
1304 2260 1380 2286 erst
1405 2252 1491 2286 dem
1518 2252 1675 2298 Oppius,

192 2298 273 2332 dass
299 2298 426 2334 dieser.
444 2299 579 2333 essars
604 2300 763 2345 Austrag
788 2301 974 2345 besorgte.
1000 2320 1046 2325 —
1071 2302 1185 2344 tenni,
1229 2311 1306 2346 erg.
1347 2301 1513 2335 Caesaris
1549 2307 1672 2334 tamen

192 2346 366 2381 mandata
399 2345 445 2379 ad
478 2348 700 2393 Pompeium
737 2361 757 2381 a
794 2349 959 2382 Vibullio
986 2350 1145 2393 perferri
1177 2350 1288 2391 iussi,
1339 2349 1432 2393 quod
1459 2360 1517 2392 pr.
1550 2359 1586 2392 p.
1624 2348 1667 2383 V.

194 2398 331 2436 erant..
368 2394 546 2438 obgleich
573 2396 637 2429 ich
665 2397 732 2429 den
761 2398 902 2443 Oppius
929 2399 1102 2442 gesesselt
1128 2398 1245 2440 habe,
1273 2397 1308 2430 d.
1335 2398 1358 2430 i.
1387 2398 1490 2430 mich
1516 2398 1580 2429 auf
1604 2396 1668 2431 ibn

192 2443 373 2476 verlassen
403 2443 561 2484 konnte5
586 2457 627 2478 so
653 2457 723 2490 zog
750 2446 812 2478 ich
839 2446 939 2478 doch
967 2447 1038 2479 den
1067 2447 1254 2480 Vibullius
1281 2456 1373 2485 vor,
1414 2445 1497 2478 weil
1522 2456 1563 2477 er
1588 2444 1672 2477 hier

193 2492 254 2524 die
281 2492 546 2536 Hauptperson
576 2506 670 2535 war;
709 2493 808 2526 demi
843 2505 956 2539 gegen
990 2495 1053 2528 ihu
1088 2495 1192 2528 hatte
1218 2494 1299 2527 sich
1328 2496 1438 2527 casm·
1464 2493 1670 2534 miindlich‚

192 2550 311 2584 gegen
337 2539 476 2584 Oppius
512 2541 611 2574 bloss
645 2542 866 2575 schriftlich
893 2543 1073 2577 hier‘uber
1099 2543 1249 2577 erklfirt.
1276 2542 1361 2576 sch.
1388 2542 1554 2575 volebat:
1605 2551 1668 2574 nec

193 2587 280 2620 item,
306 2587 466 2631 Oppium.
522 2589 596 2624 Quo
622 2589 806 2624 consilio?
847 2592 1001 2634 inquies,
1055 2591 1207 2635 Oppium
1233 2601 1302 2633 ego
1328 2590 1436 2623 tacui.
1463 2609 1504 2614 —
1550 2587 1666 2622 δευτ.

193 2646 370 2681 φρονῐ.,
397 2636 779 2683 Sinuesanderungen.
809 2657 851 2663 —
882 2650 966 2685 pqr,
993 2641 1057 2673 auf
1081 2640 1277 2673 derselben
1304 2638 1413 2673 Liuie
1440 2639 1509 2672 mit
1534 2638 1604 2671 Dir
1629 2648 1669 2671 u.

194 2694 326 2717 unsern
353 2684 532 2718 Kindern.
559 2704 604 2710 ——
628 2686 773 2728 iudicio,
800 2698 862 2720 aus
889 2688 1140 2733 Uberlegung.

289 2745 346 2779 VI.
385 2747 442 2783 19.
478 2757 578 2790 quum
613 2747 696 2793 gibt
740 2749 824 2782 hier
859 2749 931 2782 den
976 2750 1107 2784 Gruud
1152 2762 1207 2787 an.
1274 2750 1307 2783 S.
1345 2748 1492 2783 Grotef.
1527 2750 1554 2792 ᾗ.
1587 2747 1666 2781 421.
