1742 3006
165 78 259 128 456
438 80 501 121 Μ.
533 80 588 122 Τ.
623 76 966 121 CICERONIS
996 76 1369 122 EPISTOLAE.

167 195 333 235 iectum
363 191 597 233 cubiculis.
669 190 929 245 Subgrande
960 189 1213 231 cubiculum
1242 193 1389 231 autem
1420 192 1466 231 et
1495 189 1645 233 hiber-

168 263 274 290 num
301 248 443 289 altum
471 246 605 289 valde
634 247 845 300 probavi,
894 245 1013 301 quod
1054 248 1099 286 et
1127 245 1276 299 ampla
1315 248 1445 286 erant
1473 250 1520 286 et
1548 246 1647 288 loco

169 305 330 360 posita,
359 303 676 343 ambulationis
706 315 794 343 uno
825 303 990 352 latere,
1029 314 1105 353 00,
1144 301 1265 355 quod
1294 304 1363 342 est
1391 301 1650 355 proximum

169 358 429 402 balneariis.
499 358 741 399 Columnas
771 371 914 412 neque
945 360 1092 397 rectas
1121 369 1266 411 neque
1296 371 1320 398 e
1351 357 1536 410 regione
1565 357 1650 397 Di-

171 414 324 470 philus
355 413 617 455 collocarat.
684 414 777 455 Eas
817 413 997 454 scilicet
1037 411 1322 455 demolietur.
1389 412 1651 467 Aliquando

171 468 495 525 perpendiculo
526 474 571 511 et
601 469 721 510 linea
749 469 896 510 discet
933 467 1014 509 uti.
1092 466 1287 509 Omnino
1329 480 1460 522 spero
1497 470 1653 522 paucis

171 525 394 566 mensibus
419 538 528 580 opus
558 525 742 580 Diphili
772 523 1022 579 perfectum
1049 521 1159 564 fore.
1220 524 1361 565 Curat
1391 524 1510 565 enim
1542 523 1650 565 dili·

175 581 435 636 gentissime
465 581 666 633 Caesius,
697 582 775 636 qui
804 584 899 621 tum
926 591 1099 619 mecum
1128 577 1230 620 fuit.

284 636 348 677 II.
396 636 474 677 Ex
513 650 565 678 eo
605 637 707 678 loco
748 640 873 678 recta
901 634 1136 676 Vitularia
1163 634 1241 675 via
1268 634 1466 688 profecti
1505 648 1654 678 sumus

175 694 222 733 in
250 691 537 734 Fufidianum
567 691 767 744 fundum,
797 704 927 751 quem
955 690 1039 731 tibi
1069 690 1291 744 proximis
1320 691 1491 731 nuntiis
1520 693 1654 746 Arpi-

176 749 225 789 ni
255 747 311 789 de
340 747 520 789 Fufidio
551 747 642 789 HS.
667 761 840 792 0001000
872 758 1133 788 emeramus.
1175 746 1277 800 Ego
1309 745 1458 786 locum
1487 751 1655 789 aestate

175 804 500 845 umbrosiorem
529 803 627 845 vidi
657 816 906 857 nunquam;
956 801 1192 858 permultis
1223 801 1338 841 locis
1368 814 1526 855 aquam
1553 816 1657 857 pro·
1707 837 1713 840 .

176 859 414 912 fluentem,
473 863 519 900 et
560 873 657 900 eam
695 860 889 900 uberem.
970 856 1096 907 Quid
1135 855 1343 911 quaeris?
1419 857 1582 912 Iugera
1617 858 1658 900 L

176 916 298 970 prati
328 915 513 956 Caesius
551 915 844 970 irrigaturum
879 913 1017 954 facile
1056 917 1101 954 te
1138 913 1453 953 arbitrabatur.
1513 914 1657 968 Equi·
1718 917 1732 929 ⁹

179 971 282 1011 dem
311 969 414 1022 hoc,
434 970 565 1024 ‘quod
594 971 757 1011 melius
786 969 1020 1024 intelligo,
1051 967 1254 1020 affirmo,
1283 967 1479 1010 mirifica
1507 971 1656 1012 suavi-

179 1029 272 1067 tate
302 1029 346 1066 te
376 1026 533 1067 villam
562 1025 844 1076 habiturum,
889 1025 1066 1079 piscina
1103 1027 1148 1064 et
1177 1024 1443 1065 salientibus
1473 1024 1658 1079 additis,

211 1082 407 1123 alaestra
436 1086 481 1123 et
510 1082 630 1123 silva
656 1079 687 1133 ἦ·
715 1079 969 1122 viridicata.
1036 1078 1247 1125 Fundum
1282 1079 1417 1120 audio
1456 1084 1502 1121 te
1540 1080 1661 1123 hunc

178 1096 470 1178 flovillanum
507 1138 628 1178 velle
671 1136 880 1178 retinere.
961 1135 1033 1176 De
1073 1148 1125 1176 eo
1156 1135 1265 1189 quid
1293 1135 1526 1188 videatur,
1563 1138 1659 1192 ipse

182 1193 444 1234 constitues.
515 1192 682 1235 Calvus
721 1191 892 1245 aiebat,
944 1203 1061 1247 aqua
1100 1190 1281 1246 dempta
1317 1194 1363 1232 et
1392 1191 1489 1232 eius
1519 1205 1659 1247 aquae

180 1348 300 1384 Bader
331 1349 432 1384 heiss
464 1350 641 1396 gemacht
674 1350 750 1384 und
782 1361 853 1384 von
892 1360 950 1383 wo
987 1360 1048 1383 aus
1075 1349 1135 1383 die
1159 1347 1518 1385 Sehwitzkammern
1545 1350 1661 1387 durch

178 1398 342 1444 Dampfe
376 1399 518 1433 erhitzt
542 1399 714 1440 wurden3
765 1399 843 1432 also
871 1397 933 1431 die
957 1398 1236 1444 Dampfkiiche.
1289 1398 1324 1431 S.
1351 1399 1499 1432 Vitruv.
1529 1401 1572 1441 V,
1599 1402 1659 1434 10.

181 1447 275 1480 Cato
301 1447 346 1480 R.
375 1448 420 1481 R.
446 1448 502 1482 38.
530 1466 574 1472 —
599 1447 746 1481 subiect.
774 1446 901 1488 cubic,
927 1452 1038 1480 unter
1064 1447 1133 1480 den
1161 1445 1469 1481 Schlafzimmern
1494 1447 1659 1493 gelegen.

178 1504 226 1528 ex
258 1505 326 1538 quo
357 1494 457 1538 ignis
493 1495 522 1532 i.
555 1506 586 1529 e.
624 1507 740 1540 vapor
770 1494 930 1538 erumpit.
979 1496 1155 1540 Suspecta
1187 1494 1283 1528 haec
1317 1501 1507 1542 tamquam
1549 1496 1661 1540 gloss.

179 1543 317 1577 Ursino
345 1549 384 1576 et
409 1543 598 1588 Scaligero
624 1544 685 1587 (ad
712 1543 847 1577 Catull.
875 1543 942 1586 Ep,
970 1545 1007 1586 6)
1040 1544 1129 1577 Ern.
1157 1542 1194 1586 []
1230 1542 1301 1578 del.
1338 1543 1425 1577 Sch.
1459 1544 1552 1579 Liin.
1589 1543 1662 1578 ΟΕ.

181 1608 230 1616 -·
254 1590 451 1625 cubiculum
476 1596 606 1625 autem.
641 1593 730 1627 Ern.
759 1591 858 1625 coni·
889 1589 1081 1625 cubiculum
1107 1590 1303 1633 aestivum,
1345 1592 1456 1637 prob.
1493 1591 1579 1624 Sch.
1618 1612 1660 1619 -

182 1639 261 1672 loco
287 1639 397 1674 iusto.
424 1658 469 1664 —
510 1649 528 1672 e
554 1640 728 1682 regione,
773 1638 954 1672 einander
980 1639 1210 1684 gegeniiber‚
1237 1645 1277 1672 ut
1303 1645 1427 1672 essent
1451 1639 1663 1685 parallelae.

182 1703 227 1711 ·--
253 1687 335 1720 scil.
351 1712 362 1730 ,
397 1688 565 1721 versteht
591 1688 683 1721 sich.
720 1688 866 1728 demol.,
900 1698 940 1719 er
967 1687 1059 1720 wird
1084 1687 1137 1720 sie
1165 1687 1301 1720 wieder
1327 1688 1506 1732 abtragen
1532 1687 1662 1721 lassen.

182 1752 227 1759 -
261 1736 429 1778 perpensi.
458 1739 492 1768 et
518 1735 634 1777 linea,
686 1735 750 1769 das
783 1734 946 1769 Bleiloth
978 1735 1054 1768 und
1082 1735 1143 1768 die
1167 1735 1440 1769 Richtschnur.
1478 1745 1595 1779 perp„
1621 1742 1665 1770 ut

181 1788 304 1815 rectas
330 1783 446 1816 faciat
473 1783 686 1826 columnas3
725 1785 843 1824 linea,
872 1790 910 1816 ut
936 1783 1082 1829 aequali
1111 1783 1287 1816 distantia
1313 1790 1350 1816 et
1377 1795 1396 1816 e
1421 1784 1573 1828 regione
1595 1796 1664 1829 po-

180 1836 258 1864 nat.
284 1829 392 1864 SCH.
420 1849 463 1855 —
492 1830 655 1870 Caesius,
682 1832 908 1865 architectus
934 1839 997 1865 aut
1020 1831 1169 1866 villicus
1205 1838 1267 1864 aut
1302 1838 1405 1865 certe
1439 1839 1664 1876 procurator

181 1878 352 1960 Snugngil
378 1878 589 1960 Xielleicht
627 1880 795 1913 derselbe
828 1880 898 1912 mit
930 1880 1018 1913 Luc.
1060 1879 1208 1912 Caesius
1234 1879 1274 1912 in
1300 1880 1408 1925 epist.
1437 1880 1572 1923 XXIX,
1603 1880 1660 1918 14.
1721 1909 1725 1913 ,

354 1952 364 1969 ,
415 1951 423 1960 .

279 1975 331 2008 11.
365 1975 399 2009 3.
430 1974 618 2009 Vitularia
645 1974 723 2017 ria,
766 1974 847 2007 eine
880 1985 947 2006 nur
973 1974 1056 2007 hier
1081 1974 1275 2007 erwiihnte
1301 1976 1442 2009 Strasse
1467 1976 1530 2009 bei
1554 1976 1663 2021 Arpi·

183 2034 287 2060 num.
335 2042 378 2047 —
428 2033 535 2066 prox.
562 2023 715 2062 nuntiis,
759 2023 827 2055 wie
853 2022 912 2055 Du
947 2023 1016 2055 mit
1051 2022 1134 2056 dem
1159 2023 1299 2056 letzten
1327 2025 1445 2057 Boten
1473 2024 1664 2058 berichtet
1701 2044 1704 2048 ·

183 2071 271 2104 bist.
304 2070 472 2104 nundinis
496 2072 601 2104 Bent.
627 2082 724 2115 susp.
754 2070 954 2104 ORELLI.
985 2089 1028 2094 —
1055 2071 1097 2104 (le
1124 2071 1166 2116 Q.
1186 2070 1347 2111 Fufidio.
1374 2090 1421 2096 —
1446 2072 1508 2106 HS
1526 2081 1663 2106 cccmoa

184 2131 234 2149 Ξ
262 2119 414 2160 100,000
437 2119 643 2152 Sestertien
668 2132 718 2150 z
749 2120 876 2160 10‚000
901 2118 956 2151 ΡΙ.
992 2137 1035 2142 —-
1069 2129 1126 2162 aq.
1158 2120 1281 2162 profi„
1315 2120 1584 2165 Quellwasser3
1631 2124 1665 2153 et

184 2176 259 2200 eam
284 2165 359 2206 υἷι,
395 2167 472 2200 und
498 2179 597 2200 zwar
622 2164 821 2199 reichlich.
849 2167 883 2201 S.
910 2166 1067 2202 Ramsh.
1096 2168 1129 2209 Β.
1166 2168 1245 2205 158,
1271 2169 1304 2209 2,
1331 2169 1366 2201 h.
1416 2186 1463 2192 -
1513 2169 1596 2210 Iug.
1623 2168 1664 2202 L.

182 2214 298 2257 pratc'‚
323 2215 369 2248 50
393 2216 554 2258 Morgen
581 2215 750 2254 VViesem
778 2214 836 2247 ein
863 2215 1039 2258 iugerum
1065 2228 1113 2245 z
1139 2216 1268 2256 28,Soo
1294 2217 1406 2250 Rom.
1435 2214 1658 2257 Q.-Fuss.—·

182 2261 272 2305 pisc.
299 2264 332 2294 et
357 2262 571 2295 salientibus
597 2262 729 2306 (aquis,
757 2262 857 2308 quod
883 2263 994 2296 adiic.
1023 2261 1086 2296 Cd.
1111 2262 1284 2303 Leonic.)
1311 2264 1465 2306 additis,
1494 2274 1662 2310 „wfnn

182 2310 246 2343 Du
278 2308 379 2343 noch
411 2310 522 2343 einen
553 2309 770 2343 Fischteich
804 2310 877 2343 und
902 2310 1175 2356 Springwasser
1205 2311 1356 2356 anlegen
1384 2311 1510 2348 liisstf‘
1560 2312 1664 2346 Uber
1717 2328 1722 2332 -

183 2358 311 2390 diesen
340 2358 627 2391 conditionalen
652 2358 773 2391 Ablat.
799 2358 912 2392 absol.
940 2371 969 2394 S.
997 2359 1148 2392 Ramsh.
1177 2361 1204 2403 §.
1233 2362 1314 2401 171,
1341 2360 1411 2401 111,
1440 2361 1473 2396 2.
1504 2359 1538 2396 b.
1566 2361 1664 2393 Gro-

183 2406 250 2438 tes.
279 2406 307 2449 §.
336 2406 416 2440 326.
446 2424 486 2430 —
519 2406 766 2447 †1=z'ridz'cata.
817 2407 1048 2440 Vocabulum
1075 2414 1307 2452 corruptum.
1341 2407 1523 2440 vit-dicata
1549 2408 1662 2442 Amb.

182 2455 237 2489 16.
264 2453 396 2487 Palatt.
432 2453 649 2487 tiridz'cante
676 2454 773 2495 (mit
806 2461 895 2487 stets
921 2458 1066 2499 grunen
1093 2456 1280 2498 Bfiumen)
1306 2456 1395 2489 Ern.
1423 2466 1519 2498 susp.
1545 2455 1664 2488 vindi-

181 2505 265 2534 cata
290 2501 465 2546 (purgata
492 2507 529 2533 et
555 2502 667 2534 rebus
686 2502 817 2535 alienis
844 2508 881 2535 et
901 2504 1181 2548 supervacaneis
1197 2504 1374 2546 liberata)
1399 2503 1530 2535 Lamb.
1561 2503 1662 2539 coni.

181 2549 286 2581 silvis
312 2553 345 2582 et
370 2549 546 2582 viridibus
571 2552 677 2581 aucta
702 2551 789 2584 Sch.
817 2562 914 2594 susp.
940 2551 1039 2585 Mihi
1069 2552 1141 2595 leg.
1172 2551 1342 2584 videtur:
1368 2550 1462 2583 silua
1490 2550 1664 2593 ridicula,

186 2596 289 2628 cuius
315 2596 485 2640 singulae
511 2597 661 2630 arbores
687 2598 762 2631 suis
789 2598 919 2631 ridicis
945 2599 1062 2631 fultae
1088 2605 1186 2635 sunt.
1218 2598 1416 2633 ORELLI.
1451 2616 1493 2622 —
1535 2598 1663 2633 Bovil-

183 2644 298 2676 lanum
332 2644 502 2678 fundum.
561 2646 707 2678 Nomen
734 2646 781 2678 ab
808 2646 965 2692 ignobili
992 2646 1076 2680 loco
1103 2647 1267 2680 ductum.
1308 2666 1351 2672 —
1402 2647 1534 2680 Calvus
1565 2648 1666 2680 iure-

183 2692 387 2726 consultus.
426 2693 578 2726 Caesius
602 2694 707 2727 Man.
736 2694 833 2728 Vict.
859 2696 893 2729 2.
929 2713 970 2718 -
1009 2705 1101 2738 aqna
1137 2695 1279 2738 dempta
1312 2696 1338 2732 i.
1372 2705 1402 2726 e.
1438 2701 1591 2740 excepta
1624 2693 1665 2726 in

184 2739 406 2773 venditione
434 2741 564 2783 fundi3
591 2747 631 2775 ut
658 2741 818 2776 alienato
847 2742 961 2776 fundo
987 2753 1079 2788 aqua
1106 2750 1231 2777 tamen
1256 2743 1348 2777 iuris
1374 2741 1427 2776 tui
1455 2743 1523 2785 sit,
1558 2752 1665 2788 quam
