1742 3006
520 105 839 150 EPISTULA
870 106 1034 151 XXX.
1416 111 1502 158 1115

24 222 252 278 portorio,
300 233 429 275 quam
475 217 530 258 de
570 218 785 259 nonnullis
832 219 1006 261 iniuriis
1044 221 1307 274 portitorum
1346 237 1498 277 quere-

25 282 199 320 bantur.
267 277 419 327 Quare
457 287 545 314 non
575 274 761 328 ignoro,
802 274 912 327 quid
941 276 1078 317 sociis
1108 277 1288 321 accidat
1317 278 1365 320 in
1394 280 1499 321 ulti-

26 336 111 376 mis
157 334 319 386 terris,
372 343 506 385 quum
544 330 765 371 audierim
802 330 849 370 in
886 330 1027 372 Italia
1064 334 1269 386 querelas
1314 335 1495 377 civium.

27 391 119 431 Hic
147 395 193 431 te
223 390 289 430 ita
315 386 514 437 versari,
542 388 592 426 ut
622 390 666 426 et
695 385 946 440 publicanis
975 387 1255 442 satisfacias,
1296 403 1499 444 praeser-

27 447 111 487 tim
140 443 331 500 publicis
359 442 477 483 male
507 441 778 496 redemptis,
817 445 862 482 et
891 442 1039 483 socios
1070 444 1218 496 perire
1246 459 1334 487 non
1362 447 1499 499 sinas,

28 502 209 544 divinae
240 498 473 541 cuiusdam
502 497 684 539 virtutis
714 510 811 539 esse
840 497 1036 550 videtur,
1067 499 1116 538 id
1146 504 1228 551 est,
1259 504 1374 543 tuae.
1432 504 1502 546 Ac

28 559 219 613 primum
258 554 470 605 Graecis,
524 552 573 592 id
601 553 720 607 quod
751 553 1087 594 acerbissimum
1118 559 1210 607 est,
1252 558 1373 610 quod
1401 563 1533 600 sunt'

26 611 289 666 vectigales,
317 623 405 651 non
434 610 502 650 ita
530 610 740 649 acerbum
769 608 917 650 videri
937 609 1084 661 debet,
1114 613 1353 665 propterea
1382 614 1501 668 quod

27 670 123 710 sine
153 666 342 722 imperio
365 664 521 720 populi
543 663 737 706 Romani
758 665 851 705 suis
875 665 1097 706 institutis
1128 679 1211 720 per
1239 679 1287 707 se
1317 668 1406 722 ipsi
1436 669 1502 711 ita

27 724 218 765 suerunt.
275 721 451 764 Nomen
480 724 627 762 autem
655 721 885 775 publicani
927 723 1156 775 aspernari
1186 735 1274 763 non
1304 730 1503 778 possunt,

27 780 105 834 qui
134 777 328 833 pendere
369 778 459 831 ipsi
495 777 694 830 vectigal
724 777 819 817 sine
850 777 1087 830 publicano
1128 791 1216 819 non
1245 783 1501 833 potuerunt,

27 836 147 890 quod
177 835 236 875 iis
266 834 518 888 aequaliter
547 832 676 873 Sulla
705 832 1021 886 descripserat.
1092 832 1196 874 Non
1225 847 1323 875 esse
1353 841 1500 877 autem

28 891 224 932 leniores
249 890 296 930 in
327 887 566 943 exigendis
595 888 894 942 vectigalibus
925 889 1123 929 Graecos
1164 902 1296 942 quam
1325 896 1502 933 nostros

29 947 291 1002 publicanos
318 944 427 985 hinc
456 943 656 997 intelligi
686 947 856 997 potest,
899 944 1018 998 quod
1047 943 1210 984 Caunii
1238 949 1382 1000 nuper
1409 961 1501 988 om-

30 1016 196 1057 nesque
225 1015 284 1042 ex
313 1000 489 1052 insulis,
520 1012 634 1054 quae
673 1003 801 1040 erant
829 1000 884 1040 ab
925 999 1055 1040 Sulla
1083 998 1282 1041 Rhodiis
1311 1003 1500 1044 attribu-

31 1065 127 1111 tae,
177 1056 475 1110 confugerunt
515 1055 572 1096 ad
616 1058 840 1106 senatum,
887 1055 1016 1095 nobis
1046 1059 1096 1096 ut
1124 1056 1274 1110 potius
1303 1060 1501 1113 vectigal

30 1127 162 1168 quam
190 1112 387 1154 Rhodiis
417 1111 677 1166 penderent.
735 1110 888 1160 Quare
916 1124 1076 1151 nomen
1106 1111 1331 1164 publicani
1360 1127 1503 1169 neque

30 1171 67 1211 ii
96 1169 258 1211 debent
286 1167 495 1221 horrere,
525 1167 602 1223 qui
632 1179 806 1222 semper
833 1167 1079 1221 vectigales
1108 1166 1311 1218 fuerunt3
1359 1183 1503 1226 neque

34 1390 196 1425 machen
223 1391 296 1424 und
322 1403 361 1425 so
389 1392 461 1423 den
489 1393 584 1436 VVeg
619 1403 680 1425 zur
707 1390 1044 1425 Alleinherrschaft
1079 1403 1125 1425 zu
1163 1391 1321 1426 balmen.
1371 1392 1404 1426 S.
1430 1395 1501 1439 Ep.

35 1440 82 1474 ad
97 1440 212 1473 Attio.
238 1441 291 1481 Π,
320 1442 365 1475 16
390 1440 452 1478 (42
469 1439 502 1472 d.
520 1442 646 1482 A.).—
670 1440 900 1483 portitorum,
928 1439 1243 1480 Zolleiunehmer,
1271 1440 1416 1473 welche
1431 1454 1502 1475 von

35 1489 105 1521 den
132 1487 436 1532 Staatspiichtern
469 1489 696 1533 (publicani)
734 1488 794 1521 bei
820 1488 1024 1533 Erhebung
1059 1488 1128 1520 der
1154 1488 1251 1521 Ziille
1288 1490 1504 1533 gebraucht

36 1536 198 1570 wurden.
225 1554 267 1560 ·-
295 1534 469 1568 audierim
493 1536 575 1570 Md.
603 1536 799 1569 audiverim
826 1537 928 1569 vict.
958 1539 996 1576 1,
1025 1537 1064 1578 2,
1092 1537 1226 1570 Lamb.
1268 1555 1310 1560 -—
1344 1537 1417 1571 1120
1449 1539 1503 1571 ila

33 1585 193 1622 versari,
226 1590 336 1616 unter
369 1582 526 1616 solchen
559 1585 787 1617 Umstiinden
813 1584 914 1617 Dich
946 1596 987 1617 so
1019 1596 1066 1617 zu
1097 1585 1317 1618 benehmen.
1369 1585 1427 1619 lzic
1452 1601 1501 1617 z

33 1630 208 1667 ἐνταῦθα.
259 1631 382 1676 Vergl.
410 1631 560 1666 Cornel.
590 1634 621 1672 l,
649 1632 690 1671 3,
719 1633 752 1666 3.
780 1632 842 1674 ΙΙ,
871 1633 911 1672 3,
938 1633 981 1672 33
1008 1633 1050 1673 5,
1087 1634 1118 1666 1.
1143 1632 1287 1674 va,
1321 1633 1364 1675 4,
1398 1636 1441 1676 3;
1469 1635 1503 1677 5,

36 1683 68 1715 1.
94 1699 139 1705 —-
169 1680 266 1724 publ.
302 1690 344 1713 m.
371 1678 580 1723 redemptis,
623 1679 772 1712 zunmbl
806 1680 851 1712 da
877 1681 930 1713 sie
962 1692 1007 1713 zu
1039 1680 1161 1713 ihi-em
1188 1681 1412 1714 Nachtheile
1440 1693 1504 1726 ge-

34 1728 188 1774 pachtet
212 1728 347 1762 haben.
398 1729 433 1760 S.
463 1739 519 1773 ep.
548 1728 667 1770 XXII,
695 1729 727 1763 9.
780 1727 882 1762 Suet.
911 1728 966 1761 im
992 1728 1090 1762 Iul-t
1119 1727 1347 1762 Publicanos
1373 1731 1504 1763 remis-

35 1777 176 1810 sionem
200 1782 368 1822 petentes
394 1782 468 1809 cet.
520 1776 673 1810 Publica
700 1790 748 1807 z
774 1777 985 1821 vectigalia,
1013 1776 1154 1809 welche
1179 1788 1250 1809 von
1278 1777 1347 1810 den
1366 1779 1506 1812 Censo-

35 1837 101 1858 ren
134 1837 178 1858 an
212 1825 273 1858 die
307 1825 500 1858 Publiceni
539 1824 804 1857 meistbietend
839 1827 913 1858 und
939 1825 1139 1858 offentlich
1163 1826 1385 1868 verpachtet
1412 1839 1505 1860 wur-

28 1873 119 1910 den.
147 1892 190 1898 —-
216 1872 336 1906 socios
360 1874 400 1906 in
425 1873 522 1914 Asia,
547 1873 613 1906 der
638 1872 842 1918 gginzende
868 1874 981 1912 Titel‚
1010 1873 1140 1906 womit
1165 1885 1252 1906 man
1281 1874 1341 1908 die
1368 1876 1506 1909 Unter-

35 1921 192 1955 iochten
219 1921 406 1955 tauschte.
438 1939 477 1946 -
501 1922 628 1965 perire
653 1921 944 1965 publicanorum
971 1922 1142 1956 avaritia.
1168 1940 1211 1945 -—
1251 1922 1291 1954 id
1313 1927 1377 1965 est,
1406 1927 1502 1957 tuae.

0 1967 2 2006 i
35 1969 290 2004 Urbanissima
336 1968 431 2003 haec
473 1970 602 2003 vocab.
643 1969 762 2006 delev.
797 1970 966 2008 Sch'utz„
1011 1970 1116 2002 uncis
1157 1969 1285 2003 inclus.
1318 1972 1507 2005 Matthiae

0 2015 3 2064 1
34 2018 142 2052 Bent.
178 2019 297 2051 Recte
322 2017 493 2051 defendit
521 2020 659 2051 Censor
684 2019 845 2052 Ienensis
871 2019 896 2056 l.
924 2019 947 2052 l.
986 2018 1180 2052 ORELLI.
1208 2036 1251 2042 —
1303 2020 1394 2061 quod
1425 2024 1509 2052 sunt

0 2065 5 2113 ᾖ
35 2066 248 2108 vestigales,
282 2066 411 2099 Lamb.
438 2065 531 2108 sint,
576 2067 655 2099 dass
682 2067 736 2099 sie
763 2067 867 2100 Zolle
893 2079 938 2100 zu
964 2067 1180 2100 entrichten
1207 2067 1342 2100 haben.
1369 2086 1415 2092 —-
1440 2061 1508 2111 pei·

36 2124 75 2147 se
100 2114 174 2158 z'psz'
199 2114 250 2146 ita
268 2115 309 2155 f.
337 2114 361 2147 i.
390 2126 419 2147 e.
446 2125 559 2157 quum
586 2114 696 2148 liberi
722 2122 861 2155 essent,
890 2116 962 2148 suis
988 2114 1154 2159 ipsorum
1182 2114 1362 2148 institutis
1388 2115 1507 2149 habu-

37 2173 100 2195 ere
124 2162 355 2206 publicanos.
384 2162 612 2196 ERNESTI.
632 2181 674 2186 —
701 2163 761 2207 qui
779 2188 787 2196 .
815 2189 824 2196 .
851 2163 926 2196 sine
950 2163 1142 2206 publicano
1170 2169 1254 2205 cet„
1283 2163 1329 2196 da
1355 2164 1409 2197 sie
1438 2164 1507 2197 oh-

35 2221 84 2244 ne
108 2210 225 2243 Hiilfe
251 2221 405 2244 unserer
430 2210 710 2256 Staatspiichter
734 2212 840 2245 nicht
864 2211 916 2244 im
942 2210 1079 2244 Stande
1106 2223 1241 2251 waren,
1271 2211 1331 2244 die
1349 2213 1507 2246 Steuern

0 2247 80 2298 lzu
118 2258 298 2292 bezahlen
334 2271 368 2292 u.
406 2270 435 2292 s.
472 2271 514 2292 W.
565 2259 667 2292 Sulla
701 2259 805 2293 hatte
837 2259 908 2292 den
934 2260 1166 2293 Asiatischen
1194 2260 1407 2304 Griechen,
1444 2273 1507 2294 nm

0 2303 9 2342 l
37 2307 90 2340 sie
116 2317 245 2351 wegen
271 2307 374 2340 ihrer
400 2307 719 2354 Anhanglichkeit
745 2320 792 2341 an
817 2307 1065 2342 Mithridates
1093 2320 1139 2341 zu
1163 2307 1381 2354 ziichtigffli,
1407 2308 1508 2342 nach

0 2350 10 2388 1
36 2354 215 2389 Plutarch
250 2355 304 2388 im
337 2356 487 2390 LuculI.
514 2357 644 2398 20,000
669 2357 827 2389 Talente
852 2370 901 2387 z
927 2357 1130 2397 48‚000000
1157 2357 1311 2390 Gulden
1348 2370 1393 2391 zu
1421 2358 1506 2391 zah-

0 2410 12 2437 ἐ
36 2403 100 2436 len
126 2403 330 2450 auferlegt.
388 2403 450 2438 sie
485 2403 613 2437 hatten
637 2404 738 2437 diese
764 2406 969 2451 gewaltige
996 2405 1266 2438 Contribution
1292 2417 1373 2439 zum
1401 2417 1507 2450 gros·

0 2457 14 2483 ”1
38 2461 103 2484 sen
129 2451 261 2484 Theile
283 2463 399 2497 gegen
425 2452 547 2486 starke
571 2453 710 2486 Zinsen
728 2453 903 2486 anleihen
921 2455 1085 2494 miissen,
1114 2454 1237 2486 wobei
1264 2453 1324 2486 die
1351 2454 1508 2496 eigenen

0 2507 13 2533 1¹-
39 2498 162 2532 durch
198 2501 298 2533 Sulla
335 2501 424 2535 oder
456 2513 524 2534 von
557 2500 670 2535 ihnen
697 2501 976 2546 angeordneten
1012 2502 1222 2543 Publiceni,
1271 2501 1412 2534 welche
1449 2503 1509 2534 die

0 2539 16 2600 13
40 2547 306 2581 Contribution
333 2550 545 2583 eintreiben
571 2550 728 2592 sollten,
769 2549 968 2583 denselben
994 2549 1209 2583 behiilflich
1237 2561 1408 2593 gewesen
1437 2562 1507 2583 wu-

39 2606 118 2627 ren.
168 2596 218 2629 Es
244 2596 314 2639 gab
340 2597 432 2631 diess
460 2597 633 2632 nachher
659 2609 703 2631 zu
729 2598 847 2631 vielen
872 2598 1140 2632 Beschwerden
1169 2597 1510 2642 u.Streitigkeiten

40 2643 223 2677 zwischen
258 2644 326 2676 den
356 2646 506 2679 Asinten
538 2646 612 2679 und
644 2646 752 2680 ihren
797 2647 1030 2690 Gl‘a'ubigern
1063 2648 1202 2679 Anlass.
1255 2645 1370 2681 Codd.
1405 2647 1507 2681 Med*

43 2691 160 2725 Oxon.
187 2694 220 2727 2.
254 2692 351 2725 vict.
382 2695 412 2726 1.
437 2695 470 2728 2.
502 2695 691 2738 potuerint.
730 2716 772 2721 —
818 2695 1032 2738 aequaliter,
1066 2696 1102 2727 in
1130 2693 1264 2737 capita.
1291 2712 1337 2718 -
1366 2695 1510 2736 Caunii,

18 2775 21 2786 ἶ
43 2738 103 2771 die
120 2739 333 2773 Bewohner
360 2740 426 2773 der
451 2741 620 2776 Seestadt
649 2745 790 2777 Caunus
815 2744 851 2776 in
880 2743 1021 2776 Carien.
1048 2761 1094 2766 —
1120 2741 1269 2775 Rhodiis
1294 2744 1510 2777 attribuzae,

17 2787 112 2835 zden
147 2788 343 2821 Rhodiern
371 2789 600 2824 eiuverleibt.
632 2810 671 2815 -—
717 2792 838 2832 nobis,
876 2791 1010 2824 nostris
1036 2790 1257 2835 publicanis,
1286 2809 1328 2816 -—
1365 2802 1511 2835 semper,

17 2847 23 2866 1
50 2863 66 2871 —J

20 2873 24 2897 '³
107 2887 155 2912 cu-
185 2886 285 2913 encre
307 2897 324 2912 v
355 2888 476 2914 nixum.
517 2890 527 2912 ι
1022 2867 1077 2904 lo
