1742 3006
523 81 842 131 EPISTOLA
873 83 1000 126 LIV.
1028 83 1128 127 LV.
1477 82 1572 131 235

84 194 345 249 telligebam
374 208 433 237 ex
463 209 515 238 eo
545 195 672 248 loco,
703 195 743 236 si
773 198 817 236 te
845 194 1084 247 haberem,
1114 208 1243 250 posse
1272 209 1344 236 mo
1373 193 1569 237 Brundi-

84 252 200 291 sium
229 252 426 301 referre3
477 252 574 292 sine
612 256 657 292 te
688 255 838 292 autem
877 265 965 291 non
997 266 1092 291 esse
1123 252 1250 292 nobis
1282 252 1386 293 illas
1418 258 1568 307 partos

84 308 300 350 tenendas
329 310 514 362 propter
540 308 821 348 Autronium.
878 306 1025 359 Nune,
1055 311 1104 347 ut
1134 307 1190 347 ad
1221 312 1265 348 te
1295 312 1426 348 antea
1454 310 1568 350 scri-

85 364 182 416 psi,
239 364 279 404 si
321 363 379 404 ad
407 376 488 404 nos
516 364 720 416 veneris,
771 363 1010 403 consilium
1040 363 1179 402 totius
1221 363 1287 403 rei
1328 364 1568 418 capiemus,

85 419 182 459 Iter
211 432 306 460 esse
334 419 572 460 molestum
599 420 723 460 scio:
777 418 857 460 sed
897 423 995 459 tota
1024 419 1260 459 calamitas
1291 432 1443 461 omnes
1472 435 1566 462 mo—

85 475 242 515 lestias
271 474 422 517 habet.
487 473 631 516 Plura
659 474 859 516 scribere
887 488 975 516 non
1007 487 1211 530 possum,
1254 474 1319 514 ita
1347 479 1444 516 suni
1474 478 1569 518 ani-

85 544 158 571 mo
196 530 402 585 perculso
442 534 488 571 et
526 532 720 573 abiecto.
793 530 914 572 Cura
951 534 1002 571 ut
1039 530 1205 572 valeas.
1267 530 1374 571 Dat.
1406 547 1465 574 γι.
1496 533 1565 574 Id.

84 587 193 640 Apr.
224 587 269 627 in
298 586 391 628 oris
420 586 534 630 Luc.

399 782 719 825 EPISTOLA
749 782 849 824 LV.
904 782 1018 834 (Au.
1048 781 1133 822 111.
1167 780 1231 826 ιι.)

83 854 166 889 Ser.
191 855 230 889 in
254 854 390 892 itinere
413 870 435 892 a
461 858 603 893 Vibone
628 857 1012 947 BrungiSiEmssefus
1030 855 1142 892 v.1d.
1160 855 1250 901 Apr.
1278 855 1320 888 A.
1350 856 1392 889 U.
1422 858 1464 894 C.
1485 858 1568 893 696.

746 917 777 941 a.
839 930 847 939 .
923 931 929 938 .

139 971 215 1006 Cur
239 972 361 1007 subito
385 985 408 1007 a
432 973 581 1008 Vibone
608 974 836 1012 discesserit,
863 972 1018 1018 exponit
1041 971 1309 1016 Atticumque,
1336 977 1377 1005 ut
1404 971 1448 1005 ad
1475 983 1513 1006 se

649 1027 842 1069 properet,
875 1027 1000 1068 rogat.

590 1090 772 1126 CICERO
820 1089 1004 1124 ATTICO
1052 1087 1092 1124 S.

197 1149 412 1193 Miseriae
450 1155 630 1194 nostrae
670 1152 820 1206 potius
857 1152 1019 1203 velim,
1071 1163 1202 1204 quam
1242 1148 1574 1203 inconstantiae

85 1205 271 1260 tribuas,
301 1209 422 1262 quod
452 1221 478 1248 a
505 1208 698 1261 Vibone,
729 1222 817 1262 quo
846 1212 892 1249 te
922 1207 1268 1258 arcessebamus,
1298 1206 1446 1246 subito
1477 1206 1570 1246 ‹lis-

87 1263 314 1303 cessimus.
400 1265 557 1306 Allata
606 1269 674 1305 est
722 1265 842 1305 enim
880 1264 1009 1304 nobis
1049 1264 1224 1315 rogatio
1265 1261 1320 1301 de
1368 1262 1569 1315 pernicie

84 1331 206 1358 mea:
236 1320 282 1358 in
312 1333 413 1373 qua,
446 1320 566 1374 quod
594 1325 848 1360 correctum
880 1332 976 1359 esse
1005 1318 1305 1367 audieramus,
1337 1321 1434 1357 erat
1452 1318 1570 1357 eius-

88 1374 226 1424 modi,
255 1378 304 1413 ut
333 1375 446 1415 mihi
476 1375 598 1417 ultra
626 1375 954 1429 quadringenta
982 1374 1130 1414 millia
1161 1374 1323 1413 liceret
1346 1385 1455 1413 esse.
1505 1374 1571 1413 11-

89 1429 135 1469 lo
173 1442 308 1483 quum
347 1432 583 1484 pervenire
623 1445 711 1472 non
742 1432 932 1483 liceret,
981 1430 1136 1471 statim
1165 1430 1254 1469 iter
1281 1427 1573 1470 Brundisium

87 1572 142 1605 als
167 1573 233 1606 auf
256 1574 326 1608 400
351 1575 554 1609 Riimische
579 1576 724 1610 Meilen
750 1587 823 1610 von
849 1577 949 1610 Rom
983 1574 1199 1608 erstrecken
1224 1574 1346 1608 sollte.
1391 1593 1433 1598 —
1483 1574 1517 1608 si
1542 1579 1575 1608 te

89 1619 183 1664 Ital»,
211 1633 314 1655 wenn
339 1623 405 1656 ich
432 1624 532 1657 Dich
557 1625 620 1658 bei
647 1625 722 1658 mir
747 1624 866 1658 hatte.
924 1622 1079 1657 Attikus
1106 1634 1182 1656 war
1206 1623 1276 1655 auf
1300 1622 1467 1656 Cicero's
1492 1623 1576 1656 Bit-

88 1675 152 1702 ten
186 1671 229 1712 (s.
267 1681 327 1717 ep.
363 1672 488 1715 LVII)
521 1673 619 1706 nach
653 1675 752 1706 Rom
785 1673 1024 1720 gekommen.
1073 1672 1172 1705 Ietzt
1202 1670 1273 1703 soll
1306 1682 1349 1704 er
1381 1671 1446 1704 ihn
1474 1670 1575 1704 nach

87 1716 370 1753 Griechenland
402 1721 612 1768 bcgleiten,
663 1721 746 1755 weil
782 1733 823 1754 er
849 1720 961 1754 allein
987 1718 1098 1753 dahin
1126 1731 1168 1752 zu
1194 1719 1317 1751 reisen
1345 1719 1575 1753 bedenklich

88 1765 200 1806 saud,
245 1768 374 1801 indem
409 1769 574 1803 daselbst
607 1770 686 1803 sein
723 1769 841 1803 Feind
872 1771 916 1802 P.
945 1767 1149 1801 Autronius
1174 1768 1334 1808 Paetus,
1366 1767 1482 1801 Einer
1507 1768 1575 1801 der

90 1815 400 1850 Catilinarischen
427 1818 765 1859 Versehworenen,
805 1819 859 1851 im
894 1817 1016 1851 Exsile
1047 1816 1159 1850 lebte.
1220 1815 1355 1848 Cicero
1381 1816 1485 1849 hatte
1511 1828 1574 1849 um

90 1874 130 1896 so
163 1863 235 1897 viel
259 1865 366 1898 mehr
393 1866 577 1907 Ursache,
609 1866 693 1899 sich
720 1878 788 1900 vor
814 1867 898 1899 ihm
924 1877 967 1899 zn
992 1864 1198 1905 furchten‚
1226 1864 1273 1896 da
1299 1875 1340 1897 er
1366 1865 1420 1898 als
1447 1865 1572 1909 Zeuge

89 1922 207 1958 geg-en
225 1912 293 1946 ihn
317 1925 386 1947 vor
402 1914 566 1948 Gericht
579 1914 803 1948 erschienen
825 1926 911 1946 war.
961 1913 1000 1950 S.
1027 1914 1132 1946 Orat.
1161 1923 1228 1956 pro
1255 1912 1357 1946 Sulla
1385 1924 1418 1946 c.
1443 1914 1475 1948 6.
1501 1924 1572 1957 pro

89 1960 217 1994 Plane.
235 1972 268 1995 c.
285 1962 343 1995 41.
370 1962 570 1996 Sallust.in
582 1963 691 1999 Catil.
706 1981 750 1987 —
775 1961 1026 2003 Brundisium,
1051 1961 1212 2005 Malasp.
1232 1972 1328 2005 susp.
1350 1959 1574 1994 Buthrotum

89 2009 204 2052 prob.
234 2009 364 2042 hamb.
391 2010 474 2043 Vid.
500 2022 560 2056 ep.
579 2011 680 2046 LVI.
707 2021 776 2055 per
791 2011 956 2054 Epirum.
980 2029 1024 2034 —
1051 2020 1123 2044 non
1140 2019 1218 2042 esse
1234 2008 1435 2042 nobisillas
1448 2013 1575 2052 parles

89 2057 276 2099 tenendas,
324 2058 405 2092 dass
429 2059 492 2093 ich
517 2059 627 2092 nicht
653 2059 751 2094 ohne
776 2060 875 2093 Dich
903 2057 1004 2092 nach
1028 2057 1136 2091 ienen
1163 2057 1370 2101 Gegenden
1396 2057 1576 2090 iiberfah-

89 2114 159 2138 ren
188 2105 285 2139 darf.
335 2106 479 2150 Tenere,
506 2109 687 2150 absolute,
713 2108 839 2142 wohin
866 2107 1008 2148 halten,
1034 2112 1186 2139 steuern
1213 2119 1261 2136 Ξ
1287 2112 1440 2151 petere,
1469 2106 1576 2139 navi-

88 2163 190 2198 gare.
214 2166 247 2186 z.
273 2156 313 2187 B.
341 2155 447 2189 Ovid.
475 2158 631 2191 Metam.
657 2158 732 2197 111,
759 2158 829 2192 690
848 2156 960 2189 Diam
986 2162 1093 2197 tene3
1118 2154 1201 2189 Liv.
1230 2153 1335 2193 XXX,
1362 2154 1418 2189 25.
1447 2161 1575 2187 tenere

89 2202 305 2245 regionem3
331 2204 484 2248 XXXII,
502 2206 546 2240 15
571 2213 699 2239 utrum
722 2204 924 2239 Leucaden
952 2215 998 2236 an
1025 2204 1147 2236 sinum
1164 2202 1404 2235 Ambracium
1432 2203 1576 2236 tenuis-

92 2256 187 2285 sent.
234 2250 469 2297 Vollst'tindig
495 2258 615 2287 tenere
639 2255 734 2295 iter,
771 2265 829 2294 se,
857 2263 1006 2286 cursum
1038 2264 1072 2286 z.
1099 2252 1142 2288 B.
1172 2251 1275 2294 Virg.
1301 2251 1390 2284 Aen.
1419 2252 1458 2290 1,
1483 2252 1575 2286 370:

91 2309 212 2342 quove
237 2301 371 2333 tenetis
395 2301 487 2343 iter3
520 2302 601 2336 Liv.
628 2302 763 2343 XXXI,
789 2302 848 2336 45.
878 2299 1145 2334 Cassandream
1162 2305 1334 2345 petentes
1353 2299 1398 2332 ad
1415 2298 1576 2334 Mendin

91 2352 305 2381 tenuerunt.
332 2366 374 2373 -
408 2349 465 2382 VI
487 2349 538 2385 id.
564 2351 705 2395 April„
733 2362 794 2383 am
821 2352 923 2383 lsten
949 2348 1067 2393 April.

187 2414 441 2450 Discessimns.
494 2419 533 2452 C.
565 2418 757 2464 Vergilius
788 2417 893 2450 hatte
926 2415 990 2449 ihu
1016 2415 1080 2448 auf
1103 2414 1257 2449 Sicilien
1283 2415 1389 2448 nicht
1415 2413 1577 2447 aufneh-

92 2471 180 2495 men
205 2463 352 2498 wollen.
412 2464 449 2500 S.
477 2465 577 2500 Orat.
609 2479 680 2512 pro
706 2466 833 2500 Plane.
870 2476 901 2498 c.
928 2465 986 2498 41.
1021 2483 1064 2489 --
1115 2468 1328 2497 correctum.
1378 2463 1413 2495 S.
1440 2475 1488 2497 zu
1515 2474 1576 2508 ep.

96 2509 196 2542 LIV·
223 2529 264 2535 —
315 2513 509 2554 eiusmodi,
542 2515 623 2548 Asc.
652 2518 684 2550 l.
711 2516 813 2551 Crat.
839 2513 969 2548 Lamb.
996 2511 1212 2545 huiusmodi.
1241 2531 1284 2536 —
1334 2511 1441 2543 ultra.
1491 2511 1575 2545 Md.

96 2568 118 2589 a
142 2568 214 2590 sec.
248 2571 342 2592 man.
371 2562 493 2599 Oxou.
525 2565 555 2597 l.
583 2563 704 2605 intra,
743 2563 783 2596 in
815 2563 920 2595 einer
949 2561 1195 2605 Entsernung·
1227 2571 1298 2592 von
1336 2560 1405 2593 -100
1430 2559 1576 2594 Meilcu

96 2615 168 2639 von
195 2605 338 2640 Italien.
405 2610 561 2644 Sole-her
587 2611 666 2645 vier
692 2613 800 2645 Rom.
826 2610 969 2643 Meilen
1000 2622 1045 2639 :2
1073 2608 1176 2640 einer
1202 2606 1383 2640 Deutsch.
1415 2625 1454 2632 —
1485 2618 1575 2650 esse,

97 2653 203 2687 mich
228 2655 477 2694 aufzuhalten‚
505 2679 549 2686 -
580 2660 655 2693 Illo
683 2674 731 2692 :z
758 2659 887 2693 dahin,
936 2657 1072 2692 Lamb,
1100 2655 1137 2687 in
1167 2667 1216 2687 m.
1248 2656 1336 2690 1554
1363 2655 1464 2689 illuc.
1511 2657 1576 2689 ln·-

98 2701 246 2744 tellexi,
274 2703 305 2736 si
331 2711 500 2748 peterem
519 2708 703 2748 Siciliam,
728 2707 906 2753 progredi
931 2707 1026 2739 ultra
1054 2703 1320 2747 quadringenta
1348 2704 1466 2737 millia
1492 2710 1577 2736 anto

97 2750 303 2796 rogationis
341 2751 438 2788 diem
476 2758 568 2797 (vor
603 2756 669 2790 der
697 2756 945 2801 Besti-itigung
971 2753 1090 2787 semes
1117 2752 1316 2794 Gcsetzcs)
1350 2764 1427 2786 non
1454 2764 1576 2798 posse.
