1742 3006
171 60 258 108 144
493 61 556 107 Μ.
587 61 643 105 Τ.
674 59 1018 106 CICERONIS
1047 61 1423 109 EPISTOLAE.

166 187 267 219 ves:
319 173 359 216 si
397 186 513 216 vero·
534 196 589 203 —
630 173 681 215 id
721 173 841 229 quod
879 174 947 217 ita
975 173 1144 217 factum
1175 180 1245 218 est
1272 198 1326 205 —
1353 176 1531 218 meritis
1560 179 1651 220 tuis

166 232 495 283 tribuerentur,
542 230 859 272 existimabam
886 231 1073 273 multam
1111 232 1197 274 tibi
1239 232 1284 272 in
1315 232 1372 273 iis
1403 231 1648 275 honoribus
1708 223 1742 282 ,ἶ

163 287 342 329 tuendis
372 298 554 339 operam
582 298 681 328 esse
709 286 972 341 ponendam.
1042 286 1195 337 Quare
1225 288 1437 342 quoniam
1467 289 1513 329 in
1543 289 1646 330 istis
1740 313 1742 350 Ι

164 343 347 385 urbibus
387 353 488 382 cum
526 353 699 384 summo
740 343 931 397 imperio
971 345 1017 384 et
1054 347 1277 398 potestate
1315 345 1539 396 versaris,
1596 345 1644 385 in
1739 358 1742 401 Ι

163 400 323 455 quibus
363 398 464 438 tuas
503 397 697 439 virtutes
735 401 1022 440 consecratas
1064 402 1109 440 et
1146 400 1194 440 in
1234 399 1420 440 deorum
1460 412 1644 441 numero

163 454 413 496 collocatas
441 452 595 496 vides:
644 454 692 494 in
732 455 937 496 omnibus
968 455 1123 507 rebus,
1153 468 1263 510 quas
1292 459 1488 508 statues,
1534 460 1643 510 quas

160 511 400 561 decerneS,
446 522 555 564 quas
585 522 716 564 ages,
761 509 874 564 quid
905 510 1042 551 tantis
1073 509 1306 551 hominum
1339 511 1643 566 opinionibus,

160 565 301 608 tantis
342 563 399 605 de
428 569 474 606 te
504 565 708 618 iudiciis,
751 566 890 607 tantis
920 564 1166 607 honoribus
1197 566 1375 619 debeas,
1406 567 1642 622 cogitabis.

159 621 217 664 Id
245 621 513 662 autemerit
542 620 778 674 eiusmodi,
805 625 855 662 ut
885 622 1091 662 consulas
1114 623 1333 675 omnibus,
1363 628 1411 664 ut
1434 622 1643 664 medeare

158 676 459 719 incommodis
489 675 743 728 hominum,
783 677 1024 732 provideas
1053 677 1216 731 saluti,
1260 681 1309 719 ut
1338 682 1382 719 te
1413 682 1642 733 parentem

160 735 296 776 Asiae
329 735 375 774 et
404 732 499 773 dici
529 736 575 773 et
603 732 761 774 haberi
792 733 923 775 velis.

93 789 148 830 32
275 789 363 832 XI.
421 788 572 843 Atque
611 787 718 830 huic
749 793 850 830 tuae
880 788 1106 830 voluntati
1136 801 1190 829 30
1219 786 1487 843 diligentiae
1518 789 1643 831 diffi-

160 846 377 889 cultatem
416 857 620 899 magnam
660 846 855 887 afferunt
882 845 1140 899 publicani:
1170 844 1332 898 quibus
1362 845 1401 885 si
1431 844 1643 887 adversa-

158 916 282 956 mur,
330 899 534 944 ordinem
564 900 620 941 de
649 901 778 942 nobis
809 902 978 956 optime
1007 900 1219 941 meritum
1248 904 1293 941 et
1322 913 1403 954 per
1432 914 1512 942 nos
1543 915 1643 942 cum

159 972 208 999 re
238 959 421 1013 publica
450 955 738 997 coniunctum
779 961 824 998 et
865 970 893 998 a
921 956 1049 998 nobis
1073 960 1120 996 et
1148 969 1176 996 a
1206 969 1253 996 re
1283 957 1466 1010 publica
1495 956 1644 998 diiun-

158 1027 336 1069 gemus3
385 1013 455 1054 sin
482 1016 630 1053 autem
660 1012 863 1054 omnibus
894 1013 941 1052 in
972 1012 1102 1052 rebus
1133 1011 1451 1067 obsequemur,
1491 1011 1642 1054 fundi-

158 1075 230 1112 tus
270 1084 346 1113 eos
377 1068 537 1124 ‘perire
576 1069 824 1123 patiemur,
865 1081 1054 1122 quorum
1085 1080 1172 1108 non
1203 1067 1337 1109 modo
1368 1069 1530 1121 saluti,
1560 1069 1640 1110 sed

157 1127 297 1168 etiam
325 1124 576 1167 commodis
607 1124 845 1165 consulere
876 1124 1099 1165 debemus.
1188 1123 1316 1164 Haec
1356 1128 1425 1165 cst
1464 1137 1574 1178 una,
1601 1126 1642 1166 si

155 1195 261 1224 vere
301 1181 502 1236 cogitare
530 1179 761 1233 volumus,
807 1180 854 1219 in
894 1184 991 1221 toto
1029 1179 1222 1233 imperio
1263 1184 1341 1220 tuo
1371 1179 1639 1222 difficultas.

154 1237 272 1280 Nam
301 1250 400 1279 esse
429 1235 732 1286 abstinentem,
764 1236 990 1276 continere
1020 1248 1169 1276 omnes
1199 1235 1493 1289 cupiditates,
1536 1249 1638 1277 suos

156 1295 391 1345 coercere,
439 1292 548 1333 iuris
589 1291 860 1345 aequabilem
888 1295 1041 1332 tenere
1085 1291 1330 1340 rationem,
1383 1292 1561 1332 facilem
1591 1305 1640 1333 se

153 1351 203 1391 in
246 1350 374 1391 rebus
405 1347 740 1402 cognoscendis,
784 1347 832 1386 in
861 1346 1112 1388 hominibus
1142 1346 1375 1388 audiendis
1404 1347 1640 1388 admitten-

154 1406 308 1461 disque
344 1404 558 1460 praebere
602 1403 881 1457 praeclarum
928 1403 1071 1457 magis
1120 1405 1212 1455 est,
1264 1415 1395 1457 quam
1435 1402 1635 1446 difficile.

154 1461 259 1504 Non
299 1465 367 1503 est
407 1460 524 1501 enim
564 1459 756 1513 positum
786 1459 831 1499 in
860 1459 1011 1500 labore
1040 1458 1213 1512 aliquo,
1264 1458 1343 1499 sed
1372 1459 1418 1498 in
1450 1459 1638 1514 quadam

86 1522 143 1563 33
153 1518 410 1560 inductione
438 1515 574 1557 animi
603 1518 733 1570 atque
752 1515 990 1556 voluntate.
1048 1514 1134 1555 Illa
1154 1526 1287 1555 causa
1306 1515 1638 1568 publicanorum

157 1578 366 1630 quantam
405 1572 694 1613 acerbitatem
713 1571 894 1612 'afferat
922 1570 1082 1622 sociis,
1123 1570 1418 1612 intelleximus
1447 1585 1501 1612 ex
1529 1572 1638 1612 civi-

152 1632 247 1684 bus,
277 1630 353 1686 qui
381 1641 521 1683 nuper
549 1627 596 1668 in
625 1627 840 1681 portoriis
869 1627 1029 1669 ltaliae
1058 1625 1294 1676 tollendis,
1344 1639 1430 1668 non
1460 1633 1551 1669 tam
1581 1627 1636 1668 de

153 1806 196 1812 -
236 1786 328 1821 leves
354 1799 403 1817 z
437 1795 513 1817 non
539 1782 753 1829 ponderosi.
780 1800 827 1806 —
853 1780 1010 1824 imperio
1037 1780 1162 1824 civili;
1195 1791 1281 1814 narn
1319 1779 1527 1814 exercitum
1561 1791 1633 1814 nou

150 1835 325 1870 habebat.
351 1825 572 1868 SCHUTZ.
601 1849 642 1854 —-
668 1832 834 1864 incomm.
861 1828 1065 1871 bominum,
1093 1829 1216 1863 Ursin.
1243 1840 1339 1874 susp.
1368 1828 1535 1863 omnium.

247 1883 312 1918 XI.
337 1883 395 1917 32.
422 1881 616 1922 diiungem.
649 1881 748 1913 Crat.
775 1877 906 1913 Lamb·
947 1877 1105 1920 disiung.
1168 1877 1241 1910 Zur
1275 1875 1398 1911 sache
1423 1877 1537 1920 vergl.
1577 1886 1633 1922 ep.

150 1932 279 1971 XXII,
306 1933 350 1974 93
374 1929 519 1969 XXIII,
545 1929 589 1970 33
615 1927 758 1968 XXIV,
785 1927 830 1966 45
862 1925 1002 1967 XXVI,
1038 1926 1059 1960 8
1090 1936 1121 1958 u.
1149 1936 1176 1958 s.
1205 1937 1247 1958 w.
1302 1944 1344 1949 -—
1396 1924 1633 1968 obsequemur.

149 1982 210 2015 Sic
236 1979 317 2015 Md.
348 1980 446 2014 Crat.
472 1976 625 2010 Victor.
656 1978 700 2016 l,
728 1976 815 2009 Ern.
843 1972 928 2008 seb.
963 1973 1190 2016 obsequimur
1222 1974 1326 2008 Man.
1360 1972 1492 2007 Lamb.
1528 1973 1632 2005 Vict.

148 2032 195 2072 2,
221 2030 325 2063 Bent.
359 2026 496 2062 Malim
530 2024 724 2070 equidem:
763 2021 1033 2056 adversabimur
1067 2022 1368 2065 ...obsequemmu
1433 2019 1631 2056 ORELLI,

149 2071 254 2113 Uber
279 2077 337 2109 sin
363 2087 389 2109 s.
415 2072 568 2108 Ramsh.
596 2075 626 2117 §.
656 2073 744 2113 190,
780 2072 889 2104 Anm.
917 2070 943 2103 f.
970 2071 1024 2104 3*.
1076 2069 1224 2103 Grotef.
1264 2071 1293 2113 ᾗ.
1328 2070 1421 2106 405.
1457 2070 1567 2103 Anni.
1594 2070 1627 2103 2,

150 2144 192 2149 -
221 2124 401 2166 debemus,
427 2122 553 2157 Ursin.
581 2125 747 2154 tenemur.
776 2137 817 2142 —
844 2118 998 2153 ium...
1027 2117 1223 2157 rationem,
1248 2118 1315 2151 die
1341 2115 1634 2160 Gerechtigkeit

149 2173 219 2208 mit
244 2170 547 2218 unparteiischer
572 2167 763 2214 Billigkeit
788 2165 1025 2200 handhaben.
1054 2183 1095 2188 —
1114 2166 1273 2207 facilem
1299 2176 1348 2198 se.
1375 2164 1439 2199 Sic
1465 2164 1632 2198 Facciol.

147 2221 291 2256 Schiitz
319 2219 422 2255 coni.
450 2217 662 2251 necessaria
686 2224 846 2261 propter
880 2227 914 2247 v.
949 2224 1052 2255 suOS,
1085 2213 1191 2247 Bent.
1218 2217 1252 2246 te
1279 2214 1375 2247 Cett.
1429 2211 1630 2248 ORELLI.

149 2288 192 2294 -
226 2269 263 2302 in
290 2267 364 2302 reb.
393 2277 498 2309 cogn.
515 2290 526 2309 ‚
554 2266 614 2299 die
640 2266 780 2310 Klagen
805 2274 848 2297 zu
874 2261 1113 2296 vernehmen.
1145 2280 1184 2287 —
1213 2261 1347 2296 induet.
1375 2272 1434 2295 αη.
1462 2274 1511 2292 z
1535 2261 1630 2294 Vor-

149 2324 236 2352 satz.

236 2366 294 2400 33.
322 2364 389 2398 illa
415 2373 545 2404 causa,
574 2362 638 2395 das
666 2360 901 2402 Verfahren,
928 2357 1030 2392 ratio
1058 2357 1205 2406 agendi.
1229 2378 1271 2383 —
1298 2356 1489 2400 portoriis
1536 2357 1628 2389 Por-

147 2415 290 2447 torium
346 2418 427 2445 erat
469 2410 656 2455 vectigal,
702 2409 803 2453 quod
844 2409 881 2441 in
917 2412 1028 2451 portu
1068 2418 1136 2451 pro
1172 2404 1411 2450 exportandis
1442 2405 1630 2437 mercibus

148 2463 384 2502 solvebatur,
411 2458 661 2494 Einfuhrzoll.
706 2458 820 2490 Diese
847 2455 1069 2489 Hafenzfflle
1097 2465 1218 2487 waren
1253 2454 1305 2486 im
1340 2453 1493 2496 vor-igen
1523 2453 1631 2486 Iahre

147 2511 214 2545 691
243 2521 329 2544 vom
364 2510 495 2542 Prator
521 2507 696 2541 Metellus
725 2508 854 2550 Nepos
890 2510 999 2537 unter
1031 2502 1115 2536 dem
1146 2501 1344 2537 Consulate
1378 2502 1498 2534 seines
1536 2502 1630 2534 Bru.

147 2559 231 2592 ders
257 2558 436 2593 Metellus
475 2557 582 2590 Celer
618 2556 673 2588 als
708 2555 792 2587 eine
830 2553 915 2585 dem
951 2551 1110 2584 Publiko
1144 2550 1280 2583 ho’chst
1312 2549 1444 2593 lastige
1476 2548 1632 2592 Abgabe

147 2606 267 2640 durch
296 2608 358 2640 ein
384 2604 602 2639 f61·mliches
629 2604 768 2637 Gesetz
801 2600 1034 2645 abgeschaftt
1070 2599 1227 2632 worden.
1280 2598 1329 2630 Es
1362 2597 1503 2629 konnte
1537 2596 1631 2629 diess

145 2656 368 2699 geschehen,
396 2654 477 2686 weil
503 2653 562 2686 die
579 2654 806 2686 staatscasse
833 2649 953 2682 durch
980 2648 1039 2680 die
1057 2648 1325 2691 Eroberungen
1352 2645 1414 2678 des
1435 2645 1631 2689 Pompeius

147 2705 231 2735 eine
257 2702 500 2735 ansebnliche
523 2700 781 2743 Vermehrung
807 2698 871 2731 der
898 2696 1105 2730 Einkiinfte
1133 2705 1338 2742 gewonncn
1369 2694 1488 2728 hatte.
1519 2694 1630 2725 Ca'sar

145 2763 222 2784 war
249 2752 357 2785 dabei
386 2750 471 2785 sehr
500 2749 712 2794 geschiiftig
739 2757 923 2793 gewesen,
962 2756 1023 2778 um
1057 2743 1136 2778 sicli
1170 2743 1239 2776 den
1275 2742 1376 2775 Italis
1411 2740 1552 2774 beliebt
1586 2752 1629 2773 zu
