1742 3006
436 105 753 150 EPISTOLA
784 106 999 149 CXLIV.
1033 107 1219 151 CXLV.
1482 110 1568 156 1251

0 206 3 270 i
82 222 192 264 deor
220 234 247 262 a
276 224 332 262 te.
396 218 764 272 Quomodonam,
795 221 856 260 mi
887 219 1050 269 frater,
1093 221 1148 262 de
1176 220 1339 262 nostris
1369 222 1569 264 versibus

0 274 4 286 '
81 277 270 319 Caesar?
311 275 427 319 Nam
467 275 660 330 primum
698 276 857 316 librum
897 288 945 316 se
983 275 1142 328 legisse
1179 277 1360 332 scripsit
1404 276 1461 316 ad
1498 291 1567 318 me

79 338 203 375 ante:
245 337 288 374 et
317 333 460 388 prima
488 332 578 383 sic,
622 336 669 373 ut
698 335 830 387 neget
866 343 914 372 se
957 344 1010 371 ne
1049 331 1221 373 Graeca
1258 332 1434 388 quidem
1475 345 1566 375 me-

1 428 6 442 ,
77 391 192 431 liora
235 389 407 444 legisse.
492 386 685 442 Reliqua
734 388 792 429 ad
841 386 1055 442 quendam
1101 387 1247 428 locum
1295 386 1565 439 ῥαθυμότερα.

2 445 7 496 5
79 446 181 488 Hoc
211 445 327 486 enim
356 445 498 485 utitur
525 445 675 486 verbo.
746 444 836 485 Dic
872 442 984 484 mihi
1023 455 1199 495 verum,
1241 458 1344 486 num
1382 448 1458 485 aut
1494 458 1564 486 res

4 497 7 544 ἓ
78 515 177 542 eum
206 505 280 541 aut
307 503 512 551 χαρακτήρ
542 513 629 541 non
659 499 874 542 delectat?
914 498 1044 541 Nihil
1083 503 1172 550 est,
1212 500 1327 554 quod
1367 513 1561 543 vereare.

4 548 8 584 ἶ
77 557 176 612 Ego
205 557 321 598 enim
350 571 407 598 ne
437 557 528 610 pilo
558 556 736 610 quidem
778 557 920 597 minus
960 559 1005 596 te
1045 555 1214 596 amabo.
1285 556 1384 597 Hac
1424 555 1479 597 de
1518 569 1565 598 re

76 612 311 665 φιλαλήθως
339 617 408 666 et,
439 618 487 654 ut
516 613 661 665 soles,
702 613 845 653 scribe
875 611 1084 653 fraterne.

278 843 593 886 EPISTOLA
634 843 826 885 CXLV.
887 843 965 894 (ad
995 843 1098 885 Div.
1132 843 1242 885 VII.
1274 843 1359 892 10.)

242 919 321 953 scr.
347 920 486 954 Romae
513 928 640 952 mense
666 917 801 951 Sextili
827 918 869 954 A.
896 919 942 952 U.
972 920 1012 951 c.
1040 920 1122 953 700.
1174 920 1222 959 (a.
1252 921 1291 954 c„
1317 920 1393 960 54.)

10 1008 13 1026 ῃ
76 987 202 1020 Iocose
228 987 397 1032 exagitat
420 985 663 1025 Trebatium,
690 991 732 1018 ut
758 985 956 1018 meliorem
991 984 1315 1026 iureconsultum,
1354 996 1466 1029 quam
1493 988 1563 1019 mi-

10 1033 11 1036 ’
74 1035 196 1067 litem.
227 1036 317 1071 1-2.
346 1035 479 1067 deinde
507 1034 646 1067 iterum
673 1044 709 1066 se
736 1044 822 1066 eum
851 1033 1002 1067 Caesari
1038 1034 1315 1066 commendasse
1342 1035 1412 1074 ait;
1449 1035 1564 1079 petit-

12 1126 14 1130 ·
75 1094 165 1127 que,
199 1087 261 1124 ut,
297 1083 389 1127 quid
415 1082 644 1128 profecerit,
680 1093 722 1114 ac
749 1082 794 1115 de
819 1086 915 1115 statu
940 1091 1006 1115 suo
1032 1086 1070 1114 et
1095 1081 1260 1115 consiliis
1287 1092 1323 1115 se
1359 1082 1563 1116 certiorem

687 1129 817 1165 faciat.
855 1129 945 1163 3-4.

465 1198 520 1232 M.
550 1197 736 1232 CICERO
762 1195 799 1232 S.
828 1197 875 1233 D.
904 1195 1164 1230 TREBATIO.

14 1293 17 1310 2
183 1265 295 1320 Legi
323 1268 420 1306 tuas
449 1265 628 1317 literas,
659 1278 713 1304 ex
742 1265 896 1318 quibus
918 1264 1116 1305 intellexi
1143 1268 1186 1305 te
1207 1264 1388 1305 Caesari
1411 1269 1564 1307 nostro

14 1329 18 1343 ⁸
74 1321 201 1364 valde
229 1321 573 1362 iureconsultum
603 1320 763 1361 videri.
835 1320 920 1361 Est
948 1320 1065 1374 quod
1095 1320 1285 1375 gaudeas
1316 1325 1359 1362 te
1397 1322 1442 1361 in
1478 1322 1563 1363 ista

16 1380 18 1395 ¹
73 1379 173 1419 loca
201 1379 396 1428 venisse,
426 1377 501 1418 ubi
530 1376 699 1430 aliquid
729 1389 882 1430 sapere
913 1376 1126 1417 viderere.
1188 1376 1319 1426 Quod
1341 1378 1379 1418 si
1399 1378 1443 1417 in
1463 1377 1562 1418 Bri-

16 1430 19 1462 '³
75 1434 270 1475 tanniam
310 1446 480 1489 quoque
517 1432 746 1487 profectus
797 1445 939 1483 esseS‚
986 1432 1188 1487 profecto
1228 1446 1357 1474 nemo
1403 1434 1450 1474 in
1488 1434 1564 1475 illa

7 1534 21 1587 ἶ
71 1546 280 1591 Ἀθήνας,
307 1550 486 1583 wiewohl
502 1561 539 1583 es
557 1560 594 1584 so
613 1551 687 1584 viel
706 1550 753 1583 ist
779 1551 831 1583 als
858 1550 934 1584 ein
959 1549 1219 1584 Kauzchen
1246 1549 1367 1584 nach
1393 1525 1562 1596 Athen,

19 1601 22 1622 ³
75 1599 120 1632 da
146 1599 205 1632 Du
230 1598 342 1631 selbst
367 1598 624 1632 vortreffliche
660 1599 780 1632 Verse
816 1597 975 1632 machst.
1035 1599 1109 1632 Ein
1142 1599 1346 1632 bekanntes
1384 1599 1563 1634 Griechi-

20 1667 22 1681 ι
75 1645 183 1680 sches
207 1645 465 1691 Sprichwort,
491 1659 555 1679 um
582 1646 831 1693 anzuzeigen‚
859 1647 938 1680 dass
963 1657 1050 1679 man
1070 1647 1193 1679 Etxvas
1219 1658 1265 1679 an
1295 1648 1410 1680 Leute
1436 1649 1561 1687 sende.

20 1690 23 1713 '¹
76 1695 137 1728 die
164 1694 229 1727 das
254 1694 364 1728 selbst
380 1694 431 1727 im
447 1694 663 1729 Ueberfluss
678 1693 812 1728 haben.
847 1693 1100 1728 Bekanntlich
1118 1694 1248 1728 wurde
1276 1695 1338 1728 das
1358 1695 1562 1730 K'ziuzchen

20 1747 24 1764 ⁴¹
75 1743 144 1776 der
166 1743 346 1776 Minerva
371 1744 436 1775 auf
468 1743 541 1776 alle
574 1741 744 1776 Attische
778 1744 943 1776 Miinzen
974 1745 1136 1790 gepr'a'gt
1170 1743 1245 1776 und
1278 1753 1316 1777 so
1349 1754 1431 1777 war
1464 1744 1562 1778 ‹lenn

75 1789 203 1823 Athen
237 1789 354 1824 sehon
387 1801 426 1824 so
461 1791 582 1824 voller
614 1790 836 1832 Kauzchen,
879 1791 958 1824 dass
999 1802 1036 1824 es
1071 1790 1162 1824 sehr
1193 1790 1387 1838 unnb'thig
1420 1792 1561 1831 schien‚

22 1876 25 1882 ,
75 1838 162 1872 dort
187 1836 288 1871 noch
314 1837 376 1871 ein
402 1838 626 1886 lebendiges
651 1850 699 1872 zu
725 1838 877 1872 Markte
904 1851 952 1873 zu
977 1838 1151 1885 bring-en.

23 1889 26 1923 ζ
169 1887 204 1920 5.
231 1886 348 1919 celari
372 1886 497 1920 videor
522 1897 544 1919 α
572 1890 622 1930 te,
649 1885 754 1919 mich
781 1886 941 1928 da'ucht,
969 1888 1027 1921 Du
1047 1885 1162 1920 hfiltst
1187 1887 1259 1920 mit
1277 1887 1403 1922 Etwas
1430 1887 1561 1923 hinter

76 1935 162 1968 dem
195 1935 329 1981 Berge.
365 1953 408 1958 —-
445 1934 585 1968 Caesar
616 1933 782 1968 iudicat?
822 1933 905 1980 vgi.
941 1947 986 1967 zu
1018 1934 1143 1979 Epist.
1184 1935 1291 1974 CXL,
1326 1938 1364 1970 2:
1401 1937 1562 1978 „scribis

24 1985 27 1994 ¹
75 1985 208 2027 po'e'ma
234 1982 278 2014 ab
304 1992 347 2016 eo
382 1989 552 2016 nostrum
586 1982 778 2028 probari.“
811 2002 855 2008 ——
886 1983 1010 2026 prima
1043 1983 1095 2015 sic
1129 1983 1198 2015 sibi
1230 1984 1428 2028 placuisse.
1485 1986 1563 2019 Der

26 2064 27 2067 ,
77 2029 327 2063 schelmische
356 2030 488 2063 C'a'sar!
518 2048 559 2055 ——
587 2035 691 2072 neget
719 2057 726 2064 .
754 2056 760 2063 .
789 2042 842 2065 ne.
869 2030 905 2064 S.
925 2030 1078 2064 Ramsh.
1099 2029 1129 2071 §.
1150 2032 1229 2073 173,
1249 2033 1283 2065 3.
1302 2033 1386 2065 Not.
1408 2033 1558 2066 Grotef.

26 2075 27 2078 ¹
75 2077 103 2120 ἒ.
131 2079 213 2113 338.
238 2077 350 2111 Anm.
375 2079 413 2114 3.
430 2073 484 2102 '—
510 2074 831 2126 ῥαθυμότερα,
864 2079 990 2112 minus
1017 2084 1211 2120 accurata,
1249 2084 1362 2113 etwas
1388 2080 1562 2115 nachla's-

26 2127 29 2153 ἲ
75 2127 132 2173 sig
157 2125 439 2170 hingeworfen,
467 2133 572 2162 matt.
599 2146 641 2150 —
670 2138 742 2170 res,
770 2128 830 2161 die
847 2127 976 2167 sache,
1004 2132 1287 2170 argumentum3
1308 2128 1560 2175 χαρακτὴρ,

27 2177 30 2184 ’
75 2174 263 2207 scribendi
290 2184 423 2221 genus,
451 2175 552 2207 mein
578 2175 659 2209 Stil.
683 2193 729 2199 -—
756 2186 799 2208 ne
823 2175 901 2219 pilo
929 2187 958 2218 q.
985 2175 1120 2213 minas,
1148 2173 1255 2208 nicht
1282 2187 1346 2209 um
1373 2178 1435 2210 ein
1463 2180 1561 2211 Haar

28 2218 30 2231 '
76 2222 254 2269 weniger.
282 2241 325 2246 —
353 2226 397 2255 te.
426 2220 486 2255 Sic
512 2224 597 2259 Ald.
626 2223 680 2256 lu.
706 2223 789 2257 Asc.
814 2225 867 2265 2.,
899 2229 939 2256 ut
972 2223 1121 2256 volebat
1156 2223 1302 2256 Miiller
1327 2225 1367 2257 in
1393 2226 1560 2260 Seebode

28 2271 31 2313 ᾗ
75 2268 213 2303 Archiv
240 2270 275 2310 2,
301 2272 336 2304 3.
362 2282 398 2315 p.
425 2271 504 2305 570.
557 2271 609 2304 Ac
635 2271 754 2305 simile
782 2273 874 2316 quid
907 2271 1027 2305 voluit
1066 2271 1184 2303 Oxon.
1219 2272 1261 2304 2.-
1301 2283 1370 2315 ego
1404 2275 1493 2307 enim
1528 2279 1561 2307 te

29 2333 32 2353 a
75 2318 152 2362 pilo
186 2317 329 2362 quidem
359 2318 475 2351 minus
506 2329 549 2352 ne
583 2320 724 2353 amabo.
753 2339 768 2344 -
795 2331 849 2352 me
886 2321 980 2352 cett.
1015 2329 1101 2351 cum
1141 2318 1254 2353 Gdd.:
1300 2322 1400 2364 quod
1434 2322 1559 2367 primo

23 2378 33 2412 y:
75 2372 228 2411 aspectu
252 2372 375 2411 potest
400 2367 571 2413 argutius
595 2368 741 2410 videm
776 2368 838 2401 sed
864 2367 935 2401 toti
961 2367 1045 2399 loco
1071 2366 1131 2399 vix
1158 2372 1357 2408 convenit;
1392 2381 1560 2414 praeser-

31 2412 33 2443 Ι
75 2414 144 2446 tim
171 2424 287 2458 quum
315 2413 473 2459 epistola
502 2415 551 2448 ita
579 2416 716 2461 scripta
744 2416 809 2457 sit,
845 2422 887 2448 ut
914 2414 1062 2450 Caesari
1089 2416 1292 2449 monstrari
1318 2424 1452 2461 posset.
1484 2419 1559 2452 0Ιέ.

32 2459 34 2490 ἰ
78 2462 208 2495 Cicero
242 2461 391 2496 scherzt
423 2463 545 2497 indess
581 2465 714 2509 gerne!
757 2463 834 2496 und
867 2463 912 2496 ob
957 2462 1026 2495 der
1064 2463 1170 2496 Brief
1207 2463 1287 2496 sich
1331 2475 1428 2506 ganz
1465 2466 1561 2500 dazu

32 2507 35 2541 ζ
75 2509 248 2556 ‹fig-nete,
285 2510 369 2543 dem
397 2511 512 2545 casar
536 2511 793 2559 vorgewiesen
820 2523 867 2544 zu
892 2510 1070 2543 werden?
1100 2530 1142 2535 —
1176 2511 1420 2555 φιλαλήθ.,
1457 2514 1559 2560 inge-

32 2565 36 2583 1
77 2567 170 2600 nue,
196 2557 423 2604 aufrichtig5
442 2560 643 2601 fraterne,
671 2560 742 2593 mit
766 2558 1032 2593 briiderlicher
1058 2557 1399 2604 Offenherzigkeit.

34 2650 37 2654 ,
174 2624 443 2660 TREBATIO.
472 2625 507 2659 S.
535 2638 582 2659 zu
608 2626 776 2662 CXXXV.
804 2627 882 2675 vgl.
903 2626 1104 2660 CXXXVI.
1127 2626 1314 2660 CXXXIX.
1335 2638 1369 2659 u.
1391 2627 1557 2663 CXLIII.

35 2667 37 2695 ἲ
173 2675 205 2706 1.
233 2673 337 2706 valde
363 2673 495 2715 iurem,
522 2674 583 2708 ein
611 2675 837 2720 gewaltiger
863 2674 991 2707 Iurist.
1019 2675 1055 2707 S.
1086 2674 1231 2708 Grotef.
1259 2673 1285 2715 §.
1305 2675 1387 2710 332.
1410 2675 1558 2710 Ramsh.

35 2705 39 2766 ξ
77 2719 113 2762 5.
142 2721 224 2763 152,
250 2722 284 2760 2,
312 2721 346 2754 d.
374 2723 420 2763 *).
450 2740 492 2746 -
531 2722 597 2755 Est
622 2723 725 2766 quod.
762 2721 798 2756 s.
826 2722 973 2756 σηοως.
1010 2723 1093 2756 396.
1127 2721 1232 2754 Anm.
1266 2723 1347 2758 432.
1380 2723 1487 2758 Anm.
1519 2726 1557 2759 2.

24 2770 39 2809 ,ξ
77 2767 226 2802 Ramsh.
254 2768 282 2810 ξ.
312 2769 392 2809 184,
421 2770 453 2808 2,
481 2770 528 2804 N.
557 2773 588 2805 l.
616 2771 647 2806 2.
678 2788 719 2797 -
749 2769 888 2813 aliquid
911 2779 1038 2813 sapere
1062 2769 1198 2809 rideri,
1224 2770 1288 2804 fur
1315 2770 1425 2805 einen
1443 2773 1560 2807 Manu

24 2819 40 2870 η’
1058 2820 1155 2863 29*

26 2968 43 3006 li
