1742 3006
602 73 927 117 EPISTOLA
956 72 1123 117 XXX.
1522 75 1607 124 131

113 189 323 231 Allienus
363 188 512 230 autem
551 190 709 228 noster
742 189 812 228 est
842 199 979 241 quum
1008 187 1160 228 animo
1200 190 1247 228 et
1277 187 1608 243 benevolentia,

111 251 207 287 tum
246 259 356 289 vero
394 244 532 285 etiam
571 243 827 284 imitatione
867 242 1069 284 vivendi.
1139 241 1257 285 Nam
1288 244 1399 299 quid
1431 258 1514 299 ego
1545 246 1604 288 de

113 301 328 344 Gratidio
357 298 536 341 dicam?
565 312 697 353 quem
730 303 857 340 certo
887 298 988 339 scio
1018 298 1086 339 ita
1115 299 1324 341 laborare
1354 300 1411 343 de
1442 302 1609 343 existi-

113 359 311 400 matione
341 369 435 408 sua,
466 357 518 396 ut
546 359 735 410 propter
764 367 964 396 amorem
995 353 1044 394 in
1073 366 1155 395 nos
1186 356 1437 398 fraternum
1467 358 1605 398 etiam

113 414 171 456 de
211 417 367 455 nostra
412 412 601 452 laboret.
686 411 990 461 Quaestorem
1019 408 1174 463 habeS,
1203 425 1292 452 non
1323 417 1398 454 tuo
1429 410 1673 456 iudicioli

112 470 362 521 delectum,
414 467 495 509 sed
526 480 652 518 eum,
693 481 823 522 quem
853 479 954 507 sors
985 464 1126 507 dedit.
1186 465 1320 509 Hunc
1349 472 1530 524 oportet
1560 473 1607 511 et

112 540 194 568 sua
223 528 382 580 sponte
412 537 512 565 esse
541 523 823 564 moderatum
854 527 900 563 et
930 522 1023 563 tuis
1053 521 1278 564 institutis
1308 537 1363 565 ac
1392 538 1606 580 praecep-

110 583 170 623 tis
199 582 526 635 obtemperare.
607 578 810 629 Quorum
849 579 888 620 si
919 578 1022 633 quis
1053 577 1172 619 forte
1203 583 1325 620 esset
1354 582 1604 635 sordidior,

109 637 255 679 ferres
286 641 485 689 eatenus,
515 636 664 690 quoad
696 650 777 691 per
806 649 853 677 se
882 634 1141 689 negligeret
1171 648 1246 676 eas
1278 636 1417 690 leges,
1446 638 1608 692 quibus

109 698 230 735 esset
259 693 533 734 adstrictus:
564 704 653 733 non
683 697 733 733 ut
762 704 816 733 ea
844 693 1096 746 potestate,
1127 703 1260 745 quam
1290 695 1338 732 tu
1368 692 1426 733 ad
1456 693 1608 748 digni-

114 753 257 791 tatem
296 749 607 804 permisisses,
649 748 706 789 ad
746 751 982 803 quaestum
1011 750 1230 789 uteretur.
1289 747 1447 803 Neque
1488 749 1607 791 enim

108 805 225 847 mihi
256 819 361 846 sane
392 805 559 860 placet,
590 805 860 858 praesertim
890 816 1029 857 quum
1059 801 1111 843 hi
1139 816 1288 844 mores
1311 807 1485 846 tantum
1514 805 1606 846 iam

108 862 167 903 ad
200 862 384 902 nimiam
416 861 650 902 lenitatem
673 864 719 901 et
743 860 801 902 ad
825 860 1120 901 ambitionem
1149 859 1452 913 incubuerint,
1481 873 1606 902 scru-

108 918 198 959 tari
238 922 283 959 te
322 929 475 958 omnes
513 916 697 969 sordes,
745 919 964 957 excutere
1017 928 1375 970 unumquemque
1425 929 1607 958 eorum:

107 973 186 1014 sed
205 1005 218 1027 ,
248 977 418 1028 quanta
447 973 507 1014 sit
535 973 584 1014 in
614 986 792 1027 quoque
823 972 965 1025 fides,
996 973 1172 1012 tantum
1203 972 1367 1026 cuique
1397 973 1604 1013 commit-

107 1033 219 1071 tere.
279 1030 429 1084 Atque
459 1030 580 1071 inter
609 1028 708 1082 hos,
739 1042 831 1082 eos,
861 1041 973 1083 quos
1006 1027 1092 1068 tibi
1124 1027 1316 1069 comites
1346 1031 1392 1069 et
1421 1028 1603 1070 adiuto-

107 1175 156 1216 X,
183 1174 220 1210 9.
249 1193 293 1198 -
320 1173 509 1217 Allienus,
536 1176 638 1210 Vict.
668 1178 702 1210 1.
729 1173 931 1213 Halienus,
958 1173 1099 1209 Lamb.
1126 1173 1341 1214 Hallienus,
1377 1175 1464 1208 eine
1497 1178 1604 1210 sonst

105 1222 344 1256 unbekannte
386 1224 543 1260 Person.
588 1242 630 1249 --
664 1223 718 1258 Μ.
756 1223 949 1256 Gratidius
994 1221 1147 1254 scheint
1188 1222 1251 1254 ein
1284 1223 1404 1257 Enkel
1443 1223 1505 1257 des
1545 1225 1602 1257 M.

107 1271 307 1305 Gratidius
343 1283 406 1304 aus
442 1272 628 1318 Arpinum
673 1283 844 1315 gewesen
887 1283 933 1304 zu
969 1270 1075 1309 sein,
1116 1269 1245 1303 dessen
1287 1272 1502 1305 Schwester
1541 1273 1602 1306 die

108 1320 366 1353 Grossmutter
408 1319 474 1353 der
523 1321 660 1353 beiden
695 1320 880 1353 Cicerone
931 1317 1199 1352 miitterlicher
1235 1318 1332 1352 Seits
1367 1320 1481 1362 (avia)
1514 1332 1601 1354 war.

106 1367 144 1401 S.
171 1368 276 1400 Brut.
299 1379 330 1400 c.
357 1368 478 1410 XLV,
519 1368 547 1410 ἕ.
583 1369 662 1404 168.
700 1368 746 1401 de
784 1368 896 1411 Legg.
924 1367 1002 1408 III,
1043 1367 1103 1402 16.
1139 1386 1181 1391 —
1210 1366 1386 1401 laborare
1417 1368 1460 1401 de
1495 1370 1601 1403 exist.

105 1426 190 1457 sua,
223 1416 308 1448 sicli
341 1416 471 1449 seinen
504 1422 622 1460 guten
656 1416 735 1449 Rus
766 1416 972 1460 angelegen
1007 1414 1087 1447 sein
1121 1414 1265 1458 lassen,
1305 1415 1442 1449 darauf
1472 1416 1603 1463 hinxar-

107 1463 250 1500 beiten.
277 1483 321 1488 —
347 1467 446 1497 certo
472 1464 639 1506 (Med.?)
668 1465 786 1499 Oxon.
816 1466 852 1499 3.
882 1463 1013 1496 Victor
1039 1463 1077 1499 2.
1105 1466 1216 1496 certe.
1245 1482 1288 1487 —
1313 1469 1481 1509 propter,
1515 1467 1602 1500 Me-

108 1512 179 1545 dic.
208 1512 329 1546 Oxon.
356 1513 398 1553 3,
434 1514 537 1548 Crat.
561 1517 765 1556 propterea
788 1512 864 1546 und
890 1511 1063 1545 nachher
1096 1517 1187 1544 statt
1218 1511 1261 1545 de
1285 1516 1412 1547 nostra
1437 1513 1602 1556 (Med.?)

108 1561 215 1593 Oxon
241 1562 275 1595 3.
309 1561 410 1594 Crat.
437 1561 701 1594 demonstrare.

205 1610 261 1643 11.
300 1608 536 1643 Quaestorem
578 1619 719 1642 ...sors
758 1609 869 1642 dedit.
930 1607 1010 1640 Der
1042 1607 1219 1640 Dictator
1251 1609 1353 1642 Sulla
1392 1609 1499 1643 hatte
1539 1610 1603 1643 die

106 1655 365 1702 Einrichtung
389 1657 597 1701 getroffen,
631 1657 713 1690 dass
740 1656 909 1700 zwanzig
935 1657 1143 1701 Qu'zistoren
1178 1655 1267 1689 oder
1292 1658 1603 1698 Schatzmeister,

107 1705 274 1738 niimlich
307 1705 397 1739 zwei
430 1705 566 1739 urbani
608 1705 673 1738 siir
716 1705 778 1738 die
811 1703 1244 1739 staatsschatzkammer
1279 1705 1496 1747 (aerarium)
1530 1707 1602 1740 und

107 1754 290 1787 achtzehn
332 1754 583 1800 provinciales
622 1752 786 1787 ilzihrlich
826 1753 995 1798 gewiihlt
1028 1752 1193 1785 wurden.
1258 1754 1437 1788 Letztere
1470 1755 1602 1787 hatten

105 1809 217 1835 unter
243 1803 330 1835 dem
355 1802 620 1846 iedesmaligen
646 1802 853 1836 Proconsul
880 1801 972 1834 oder
997 1802 1153 1843 Priitor,
1187 1801 1275 1835 dem
1308 1803 1361 1835 sie
1390 1803 1511 1836 durch
1539 1803 1601 1836 das

105 1851 204 1883 Loos
230 1851 435 1895 zugetheilt
469 1851 640 1893 wurden,
676 1851 736 1883 die
774 1850 1025 1884 effentlichen
1052 1850 1266 1883 Einkiinfte
1299 1851 1378 1883 und
1404 1851 1602 1897 Ausgaben

106 1898 170 1931 des
197 1898 320 1932 Staats
346 1899 385 1932 in
415 1899 486 1932 den
514 1899 721 1932 Provinzen
748 1911 796 1933 zu
823 1899 1007 1943 besorgen
1035 1898 1110 1931 und
1141 1910 1190 1932 zu
1225 1900 1471 1933 verrechnen.
1522 1900 1603 1933 Der

105 1945 267 1988 Quiistor
294 1959 369 1980 war
395 1948 460 1981 der
486 1948 647 1981 niichste
674 1948 878 1991 Magistrat
902 1947 1002 1980 nach
1038 1946 1124 1980 dem
1150 1945 1377 1981 Statthalter
1409 1948 1486 1981 und
1520 1959 1603 1981 ver-

106 2000 199 2037 trat,
234 2007 345 2029 wenn
373 1996 494 2029 dieser
527 1997 683 2042 abging,
717 1997 820 2030 seine
853 1996 966 2029 Stelle
999 1995 1057 2027 bis
1091 2007 1157 2028 zur
1181 1996 1352 2029 Ankunft
1385 1996 1447 2030 des
1473 1997 1604 2031 Nach-

104 2043 259 2087 folgers.
287 2063 332 2068 —
358 2044 564 2086 sordidior,
594 2057 642 2078 zu
670 2045 929 2089 schmutziger
955 2043 1150 2086 Denkart‚
1176 2045 1318 2089 geizig,
1354 2043 1600 2088 habsiichtig.

106 2093 323 2135 —ferres,
350 2093 384 2126 ei
412 2093 648 2138 indulgeres,
682 2095 743 2126 Du
777 2094 942 2126 xviirdest
967 2092 1034 2126 ihn
1070 2098 1224 2136 tragen,
1257 2093 1338 2125 ihm
1377 2094 1601 2127 nachsehen.

106 2159 150 2165 -
178 2144 290 2179 esset,
335 2141 451 2175 Codd.
487 2142 625 2187 pleriq.
670 2142 732 2184 (de
764 2142 865 2176 Med.
901 2153 979 2175 non
1013 2142 1175 2182 constat)
1211 2141 1295 2175 edd.
1333 2143 1434 2175 Crat.
1467 2142 1604 2176 Lamb.

105 2191 158 2221 cst
185 2188 392 2223 adstrictus.
424 2191 497 2224 ΟΠ.
523 2209 567 2214 -
595 2190 644 2224 ad
668 2191 893 2233 dignitatem
920 2202 1022 2223 suam
1049 2189 1484 2232 tuendam—uteretur,
1514 2191 1600 2225 car.

104 2237 234 2282 steph.
263 2238 395 2271 Lamb.
423 2239 645 2272 abuteretur.
673 2258 716 2262 —
741 2240 876 2282 placet,
903 2239 1028 2272 meine
1045 2239 1232 2283 Meinuug
1259 2239 1319 2273 ist.
1339 2257 1380 2262 --
1402 2238 1440 2271 ln*
1465 2248 1602 2273 more-5⁸.

105 2284 190 2318 edd.
219 2285 322 2320 Crat.
350 2287 450 2321 Vict.
476 2289 510 2327 l,
537 2287 568 2319 iz·
592 2297 724 2321 mores.
752 2307 796 2312 —
823 2287 922 2320 lenit.
952 2288 1067 2320 Oxon.
1094 2287 1136 2325 2,
1165 2289 1266 2321 Crat.
1292 2288 1441 2321 Manut.
1477 2286 1602 2319 levita«

104 2337 186 2366 tem.
215 2353 259 2358 -—
286 2339 424 2368 tantum
450 2346 519 2369 non
545 2349 596 2366 Ξ
621 2335 793 2369 beinahe.
820 2336 904 2369 Ioh.
932 2335 1032 2370 Frid.
1062 2334 1230 2368 Gronov.
1260 2348 1356 2381 susp.
1384 2336 1458 2369 csr.
1487 2334 1603 2367 Arnt-

105 2392 171 2413 zen
192 2381 239 2414 ad
264 2383 361 2416 Plin.
391 2394 529 2429 paneg.
554 2395 638 2429 pag.
667 2385 756 2427 108,
798 2384 964 2417 Facciol.
992 2383 1090 2416 coni.
1119 2395 1222 2428 quum
1247 2385 1278 2417 ii
1303 2394 1420 2417 mores
1445 2382 1538 2423 sint,
1564 2387 1604 2416 ut

105 2428 178 2462 iam
204 2430 253 2463 ad
277 2438 352 2464 cet.
381 2451 426 2456 -
454 2432 600 2471 ambit„
627 2432 834 2477 liofiiirtige
859 2432 1110 2476 Aumassung.
1137 2451 1180 2456 —
1209 2443 1329 2466 omncs
1354 2433 1460 2473 (ΕΓΗ.
1503 2441 1601 2476 susp.

107 2477 276 2520 omm'um)
311 2481 455 2522 sordes,
490 2480 561 2514 alle
592 2480 958 2525 Schlechtigkeiten.
986 2500 1031 2506 —-
1059 2485 1225 2514 effculere
1252 2481 1432 2524 aliquem,
1466 2478 1602 2512 Einem

107 2524 177 2557 den
203 2526 310 2559 Rock
334 2528 594 2562 ausschiitteln
622 2530 686 2569 (ob
720 2530 826 2562 nicht
860 2530 921 2564 ein
949 2529 1076 2563 Dolch
1103 2529 1207 2562 darin
1236 2528 1424 2561 verstcckt
1449 2527 1514 2560 sei.
1565 2526 1601 2562 S.

105 2572 264 2606 Phaedr.
302 2576 350 2616 V,
387 2578 426 2620 5,
466 2578 527 2619 19)
560 2577 719 2610 bildlich
761 2584 868 2611 statt:
915 2578 1122 2613 lemanden
1163 2577 1294 2610 scharf
1332 2574 1601 2615 untersuchen,

105 2621 288 2655 visitiren.
316 2642 360 2649 —
387 2625 534 2658 comites
561 2630 594 2658 et
621 2626 718 2667 odil,
753 2627 896 2671 legatos
924 2634 961 2660 et
988 2633 1216 2672 quaestores.
1246 2643 1291 2649 —-
1319 2635 1401 2657 eos.
1423 2650 1430 2657 .
1448 2649 1456 2657 .
1491 2623 1600 2656 dumi.

101 2668 241 2709 finibus
266 2670 315 2703 iis
337 2673 564 2715 praestabis,
596 2675 698 2707 wirst
724 2676 785 2708 Du
813 2675 873 2708 die
1000 2687 1068 2707 nur
1094 2672 1295 2706 innerhalb
1323 2673 1388 2705 der
1414 2673 1601 2706 Greuzen-

106 2718 251 2750 welche
277 2719 340 2752 ich
367 2732 406 2754 so
444 2723 537 2757 eben
564 2722 636 2755 Dir
663 2723 948 2763 vorzeiclmete,
975 2723 1038 2756 bei
1064 2722 1167 2755 ihrer
1187 2721 1327 2755 Pflicht
1346 2721 1601 2755 festzuhalten

100 2767 262 2801 ‚strebem
314 2768 451 2815 Einigc
480 2769 594 2803 Codd.
621 2782 659 2803 u.
689 2771 783 2804 Edd.
811 2770 877 2804 Itis.

1072 2825 1097 2865 9
1114 2820 1136 2843 ἠ-
