1742 3006
129 60 190 107 28
405 62 466 103 Μ.
497 61 553 103 Τ.
585 58 931 103 CICERONIS
961 59 1355 107 EPISTOLAE„

129 185 300 213 summa
327 171 604 213 accusatoris
643 172 889 213 voluntate.
949 171 1114 226 Spero,
1163 173 1202 214 si
1241 172 1469 213 absolutus
1506 173 1608 224 erit,

130 229 484 269 coniunctiorem
514 227 642 267 illum
671 228 798 268 nobis
829 228 927 268 fore
958 228 1003 267 in
1035 229 1207 269 ratione
1236 229 1492 283 petitionis:
1537 230 1607 268 sin

130 286 265 325 aliter
293 283 538 334 acciderit,
568 282 823 324 humaniter
851 282 1059 324 feremus.
1118 284 1218 325 Tuo
1256 284 1449 325 adventu
1480 284 1607 323 nobis

127 354 237 394 opus
267 344 336 379 est
363 343 564 387 matur03
593 351 694 379 nam
724 352 904 393 prorsus
933 352 1101 380 summa
1138 339 1366 380 hominum
1405 343 1473 380 est
1510 340 1606 392 opi-

125 399 201 436 nio
232 401 332 436 tuos
363 393 636 446 familiares,
667 395 840 435 nobiles
871 394 1094 447 homines,
1127 395 1410 436 adversarios
1441 394 1604 434 honori

125 457 277 492 nostro
325 449 436 491 sore.
502 450 573 490 Ad
612 463 765 490 eorum
802 450 1079 490 voluntatem
1117 450 1230 490 mihi
1272 450 1603 491 conciliandam

124 508 320 548 maximo
350 511 395 546 te
424 503 538 545 mihi
568 507 668 546 usui
699 505 796 546 sore
825 505 973 546 video.
1016 505 1167 555 Quare
1202 506 1410 548 Ianuario
1440 519 1604 556 mense,

127 569 173 603 ut
201 561 502 609 constituisti,
533 575 662 610 cura,
695 566 740 601 ut
769 560 939 602 Romae
969 561 1045 601 sis.

121 719 317 764 geklagter
341 730 373 751 u.
400 718 537 764 Klager
561 719 727 752 konnten
744 717 902 750 Richter
927 718 1134 751 verwerfen
1161 718 1500 763 (perhorresciren)
1526 719 1607 775 unffi

121 768 188 800 auf
218 769 335 802 selbst
365 767 551 812 gew'ahlte
585 767 669 801 liess
703 765 782 798 sich
818 766 994 798 rechnen.
1049 768 1168 810 Sogar
1203 767 1269 800 der
1291 768 1482 816 Anklagex·
1515 769 1600 800 Clo-

119 816 203 849 dius
229 829 308 850 war
332 818 447 850 sch'on
472 825 687 860 gewonnen,
715 826 784 849 von
813 813 973 846 Catilina
999 814 1214 847 bestochen.
1265 815 1300 849 S.
1328 816 1432 849 Orat.
1458 816 1502 848 de
1528 817 1601 848 Ha-

118 876 219 909 rusp.
254 877 352 910 resp.
386 877 417 898 c.
452 866 508 900 20.
543 877 576 898 u.
608 865 742 897 Ascon.
798 864 906 895 Denn
936 862 1099 895 voluutas
1125 863 1172 894 ist
1196 863 1281 896 hier
1306 878 1355 895 Ξ
1381 864 1600 898 Zufrieden-

119 911 211 946 heit.
238 931 283 939 --
308 914 344 947 in
371 917 441 946 rat.
466 919 554 958 pet,‚
580 913 641 946 bei
666 922 839 944 miserem
864 912 979 943 Plane
1004 922 1067 944 zur
1091 912 1322 956 Bewerbung
1348 917 1440 946 um's
1457 913 1600 947 Consu—

118 961 182 994 lat.
209 980 254 986 —-
279 962 347 995 sin.
375 962 451 995 alit.
478 973 552 995 acc.
581 968 623 994 ut
651 960 814 994 Catilina
841 960 952 1003 opera
978 960 1102 992 nostra
1128 958 1315 993 absolutus
1338 962 1436 995 votis
1464 961 1599 994 nostris

118 1021 192 1042 non
218 1009 459 1056 respondeat3
496 1011 552 1044 sin
579 1011 691 1043 etiam
719 1007 903 1041 absolutus
928 1013 1051 1040 tamen
1077 1006 1185 1041 nobis
1210 1009 1331 1042 minus
1357 1009 1471 1042 fuerit
1508 1019 1599 1042 cou-

118 1061 265 1092 iunctus
291 1059 331 1092 in
357 1060 504 1092 ratione
530 1057 732 1103 petitionis.

215 1109 246 1142 2.
288 1112 368 1140 tuos
391 1107 626 1150 smniliares,
667 1105 914 1139 Hortensium
949 1104 996 1145 (s.
1033 1114 1087 1148 ep.
1116 1103 1175 1137 51.
1212 1102 1257 1135 ad
1283 1104 1487 1138 Attic.111.
1515 1105 1598 1149 25),

117 1156 316 1190 Lucullum
343 1161 380 1187 et
406 1156 597 1196 Crassum,
625 1165 715 1200 quos
742 1153 876 1187 Cicero
902 1153 939 1185 in
965 1152 1051 1194 lege
1076 1150 1243 1184 Manilia
1269 1153 1456 1186 suadenda
1481 1154 1599 1186 offen-

118 1205 242 1245 derat,
283 1210 320 1236 et
354 1205 559 1236 Caesarem.
611 1202 796 1244 Omnino,
822 1207 865 1234 ut
895 1200 1090 1233 Sallustius
1115 1199 1186 1240 ait,
1220 1199 1397 1246 pleraque
1423 1202 1599 1234 nobilitas

114 1253 252 1285 invidia
279 1252 469 1286 aestuabat
493 1258 531 1285 et
555 1251 659 1298 quasi
684 1250 798 1296 pollui
825 1248 1056 1282 consulatum
1083 1247 1274 1288 credebat,
1300 1251 1327 1281 si
1345 1261 1429 1283 eum
1447 1251 1596 1292 Cicero,

115 1299 283 1345 quamvis
325 1301 513 1346 egregius,
561 1310 671 1334 noi-us
703 1299 816 1332 homo
849 1297 1002 1341 adeptus
1033 1297 1143 1330 foret.
1193 1296 1412 1334 SCHUTZ.
1463 1316 1508 1322 —-
1533 1299 1597 1331 Ια-

114 1350 248 1382 nuario
277 1359 392 1382 mense
425 1350 519 1391 (Ιαη.
552 1349 694 1382 ineunte
728 1346 818 1380 Cod.
857 1347 972 1379 Oxou.
1003 1346 1035 1378 1.
1064 1344 1146 1378 edd.
1182 1345 1264 1380 Asc.
1296 1349 1328 1381 l.
1358 1346 1460 1380 Iunt.
1493 1348 1594 1380 Crat.

112 1397 280 1439 Lamb.),
307 1397 385 1430 also
412 1398 434 1431 6
459 1397 515 1430 bis
543 1399 562 1431 7
589 1398 740 1431 Monate
768 1405 835 1427 vor
861 1395 924 1427 der
950 1393 1198 1427 Consulwahl.
1255 1394 1402 1427 Attikus
1428 1396 1506 1428 tras
1530 1407 1596 1429 zur

111 1446 351 1479 bestimmten
380 1445 462 1478 Zeit
495 1445 556 1478 ein
589 1445 661 1478 und
689 1443 791 1477 blieb
819 1441 996 1475 wahrend
1023 1441 1090 1474 der
1116 1441 1227 1474 lahre
1259 1444 1340 1484 690,
1366 1445 1435 1478 691
1461 1455 1497 1477 u.
1526 1446 1597 1480 692

112 1495 151 1526 in
180 1496 297 1535 Rom,
338 1505 394 1526 wo
422 1504 462 1526 er
489 1494 572 1526 dem
600 1494 732 1526 Cicero
757 1491 870 1523 selbst
896 1491 944 1522 im
976 1490 1173 1522 consulate
1207 1490 1267 1522 die
1295 1492 1594 1526 wesentlichsten

113 1542 267 1574 Dienste
300 1542 455 1574 leistete.
513 1543 561 1574 Es
602 1541 711 1574 h‘drte
753 1540 830 1572 also
862 1538 927 1570 der
958 1537 1222 1570 Briefwechsel
1264 1539 1441 1572 wahrend
1475 1541 1595 1574 dieser

114 1591 196 1623 Zeit
228 1589 411 1622 zwischen
444 1589 580 1621 beiden
613 1587 807 1622 Freunden
840 1587 906 1619 auf
938 1586 1012 1618 und
1041 1585 1139 1618 ward
1172 1592 1249 1619 erst
1273 1587 1342 1631 693
1368 1587 1508 1620 wieder
1533 1602 1596 1623 an-

114 1639 314 1682 gekniipft,
342 1638 393 1670 als
421 1638 564 1671 Attikns
589 1638 682 1669 nach
713 1634 986 1668 Griechenland
1013 1633 1250 1678 zuri'ickging.
1290 1634 1393 1667 Uber
1418 1636 1527 1684 obige
1555 1637 1593 1672 in

112 1688 182 1719 den
211 1686 348 1720 Iahreu
375 1686 419 1720 68
446 1686 500 1719 bis
523 1685 570 1721 (35
597 1696 664 1718 vor
691 1684 779 1717 Chr.
806 1693 879 1717 von
908 1681 1042 1716 Cicero
1069 1682 1335 1728 geschriebene
1356 1682 1483 1718 Briefe
1517 1690 1593 1733 vgl,

115 1735 289 1770 Cicero
317 1733 360 1766 in
388 1733 550 1768 seinen
577 1732 774 1767 Briefen
801 1742 872 1765 von
898 1730 1074 1764 Abecken
1101 1729 1200 1764 Seite
1229 1733 1272 1767 19
1298 1730 1352 1764 bis
1378 1733 1433 1768 38.
