1742 3006
188 74 283 123 258
479 73 543 116 Μ.
575 74 631 116 T.
664 55 1009 116 clouuoms
1051 70 1426 116 EPISTOLAE.

188 181 297 225 vare
326 194 397 222 me
427 192 570 236 posse.
630 177 732 221 Non
762 187 878 234 queo
907 178 1040 234 plura
1068 180 1292 221 scribere:
1323 190 1407 220 nec
1436 179 1527 235 est,
1557 181 1675 236 quod

190 235 409 279 scribam:
461 235 614 277 vestra
657 235 803 291 magis
845 238 1073 290 exspecto.
1134 235 1240 278 Dat.
1283 248 1376 278 xvi.
1406 233 1511 276 Kal.
1552 235 1676 279 Sext.

192 292 560 336 Thessalonicae.

467 474 783 533 EPISToLA
813 487 1013 529 van.
1073 488 1179 538 (Λα.
1199 489 1287 533 111.
1317 492 1405 541 14.)

270 566 348 600 Ser.
378 564 670 599 Thessalonicae
695 560 780 596 ΧΠ.
808 561 887 594 Kal.
914 560 1012 594 Sext.
1036 560 1078 595 Α.
1109 564 1154 597 U.
1185 565 1224 598 e.
1249 566 1331 601 696.
1382 566 1430 607 (a.
1458 565 1499 602 c,
1527 567 1602 607 58.)

194 635 370 668 Nondum
398 643 434 666 sc
462 631 731 666 Thessalonica
758 629 984 672 discessisse;
1026 629 1099 663 nisi
1124 636 1251 664 tamen
1285 633 1373 667 novi
1400 633 1543 680 aliquid
1581 633 1681 668 acci-

560 681 672 721 derit,·
699 680 738 713 in
765 678 888 712 Asiam
914 678 1188 723 profecturum.
1219 680 1308 714 1-2.

701 755 888 791 CICERO
915 753 1100 790 ATTICO
1126 755 1159 791 S.

304 826 381 868 Ex
413 825 504 866 tuis
534 823 684 866 literis
714 824 873 878 plenus
904 836 1001 863 sum
1032 823 1375 877 exspectatione
1404 823 1462 865 de
1491 824 1681 879 Pompe-

194 885 256 936 io⁷
285 881 502 939 quidnam
532 880 588 921 de
618 881 747 921 nobis
776 879 891 920 velit
921 882 999 919 aut
1028 878 1250 920 ostendat.
1337 880 1538 921 Comitia
1566 882 1683 921 enim

195 939 331 981 credo
361 951 458 979 esse
487 936 667 978 habita:
717 935 876 989 quibus
915 935 1134 975 absolutis
1166 935 1328 976 scribis
1358 935 1429 976 illi
1457 937 1683 990 placuisse

195 995 270 1050 agi
315 993 371 1035 de
411 993 554 1034 nobis.
623 992 673 1033 Si
710 991 795 1032 tibi
836 991 1000 1031 stultus
1031 1003 1127 1031 esse
1157 990 1340 1043 videor,
1386 993 1464 1046 qui
1494 1005 1682 1046 sperem,

194 1050 318 1092 facio
356 1054 433 1091 tuo
482 1049 631 1096 iussu3
680 1047 767 1088 etsi
804 1047 901 1087 scio
942 1049 985 1087 te
1023 1060 1094 1101 me
1135 1046 1193 1087 iis
1224 1046 1431 1102 epistolis
1461 1049 1610 1103 potius
1640 1053 1684 1089 et

195 1120 317 1148 meas
347 1118 448 1160 spes
478 1104 663 1145 solitum
694 1115 790 1143 esse
821 1103 1054 1143 remorari.
1115 1101 1249 1143 Nunc
1277 1103 1417 1144 velim
1446 1104 1560 1145 mihi
1586 1105 1682 1159 pla-

195 1177 252 1204 ne
281 1161 550 1216 perscribas,
581 1159 691 1213 quid
720 1158 888 1200 videas.
948 1158 1055 1199 Scio
1091 1171 1170 1200 nos
1199 1159 1367 1200 nostris
1396 1160 1552 1201 multis
1582 1173 1685 1215 pec-

196 1219 311 1260 catis
341 1219 389 1258 in
419 1216 536 1256 hanc
565 1226 821 1255 aerumnam
850 1213 1080 1255 incidisse.
1161 1215 1232 1256 Ea
1261 1216 1302 1255 si
1331 1215 1409 1269 qui
1439 1229 1568 1257 casus
1599 1216 1683 1256 ali-

199 1287 289 1330 qua
327 1286 388 1314 ex
429 1274 559 1326 parte
589 1270 860 1324 correxerit,
888 1270 1035 1310 minus
1063 1270 1252 1312 moleste
1282 1270 1477 1312 feremus
1506 1284 1588 1312 nos
1617 1272 1685 1312 vi-

197 1330 322 1372 xisse
359 1330 404 1369 et
443 1325 595 1368 adhuc
639 1326 810 1367 vivere.
878 1325 980 1378 Ego
1022 1330 1207 1379 propter
1242 1326 1345 1368 viae
1375 1327 1687 1368 celebritatem

196 1390 242 1427 et
271 1382 583 1440 quotidianam
612 1381 999 1435 exspectationem
1030 1393 1179 1421 rerum
1205 1393 1421 1424 novarum
1450 1396 1539 1424 non
1568 1396 1687 1424 com-

196 1441 320 1483 movi
346 1442 417 1481 'me
447 1437 596 1480 adhuc
625 1436 969 1480 Thessalonica.
1029 1435 1120 1478 Sed
1149 1438 1240 1478 iam
1270 1437 1570 1491 extrudimur,
1600 1450 1687 1479 non

198 1511 223 1540 a
250 1496 471 1548 Plancio,
509 1517 566 1525 --
594 1506 696 1535 nam
725 1495 765 1534 is
795 1492 977 1547 quidem
1006 1494 1196 1547 retinet,
1226 1515 1281 1523 -
1318 1507 1475 1536 verum
1504 1495 1558 1535 ab
1587 1495 1686 1549 ipso

197 1618 233 1651 le
257 1617 429 1659 intelligo
456 1627 497 1650 re
522 1615 609 1650 istic
634 1617 772 1658 Margo
803 1615 892 1649 1584
919 1615 1026 1648 omis.
1054 1624 1093 1647 re
1117 1613 1195 1648 Md.
1226 1613 1341 1647 Oxon.
1372 1615 1403 1646 l.
1428 1611 1509 1644 Asc.
1526 1614 1557 1645 l.
1585 1613 1687 1646 Crat.

197 1668 295 1699 vict.
324 1667 359 1701 1.
385 1667 418 1700 2.
457 1683 502 1689 —
553 1665 674 1696 lei-are
699 1663 865 1706 aliquem,
893 1662 1025 1695 Einem
1053 1673 1090 1694 es
1117 1672 1178 1695 um
1205 1661 1268 1695 das
1294 1663 1394 1695 Herz
1416 1660 1582 1693 'leichter
1609 1673 1686 1695 inn-

199 1715 312 1751 chen.
338 1731 381 1738 -—
409 1711 518 1747 XVI·
546 1711 638 1749 Kal,
665 1710 778 1753 Sext„
806 1709 880 1743 deu
909 1712 1019 1745 l7ten
1046 1710 1114 1743 Iul.

295 1776 324 1808 1.
377 1773 502 1818 quibus
527 1772 729 1812 absolutis,
765 1770 865 1804 nach
894 1771 1006 1805 deren
1031 1771 1287 1815 Beendiguug.
1318 1792 1360 1797 -—-
1410 1771 1480 1813 agi
1504 1771 1547 1804 de
1571 1771 1685 1813 nobis,

198 1822 290 1857 solle
301 1822 426 1855 meine
436 1820 556 1855 Sache
572 1822 764 1854 betrieben
779 1819 945 1861 »verdum
968 1817 1134 1853 namlich
1147 1820 1312 1855 Cicero's
1326 1819 1630 1864 Riickberufung.
1644 1839 1684 1845 —-

201 1871 450 1916 quizquum
475 1880 542 1914 ego
567 1879 721 1913 sperem,
751 1869 846 1907 weil,
873 1868 954 1901 dass
979 1869 1043 1901 ich
1071 1868 1145 1900 mir
1171 1868 1293 1912 einige
1319 1868 1515 1912 Hoffnung
1539 1867 1686 1902 mache.

200 1919 233 1953 S.
269 1918 424 1952 Ramsh.
463 1920 493 1962 §.
523 1918 608 1958 194,
638 1919 668 1950 1.
720 1916 871 1950 Grotef.
906 1916 942 1959 ς’.
980 1917 1066 1952 431.
1118 1916 1253 1961 Zumpt
1280 1916 1312 1959 §-
1342 1916 1422 1950 555.
1450 1916 1532 1950 564.
1560 1934 1603 1940 —-
1639 1916 1687 1949 iis

202 1967 303 2012 epist.
331 1992 363 2001 ..
391 1966 572 1999 remorari
596 1967 620 1998 i.
648 1976 679 1997 e.
706 1964 906 2009 impedire,
933 1965 1140 2004 retardare,
1169 1965 1250 1997 dass
1266 1965 1326 1997 Du
1352 1963 1535 1996 viclinehr
1562 1963 1686 1997 durch

201 2018 287 2049 ione
313 2015 439 2049 Briefe
465 2014 568 2048 mich
595 2025 628 2046 u.
653 2015 779 2046 meine
794 2013 1035 2056 Hoffnungen
1063 2012 1256 2046 behemnit
1284 2013 1382 2048 hast.
1423 2012 1560 2047 Cicero
1585 2017 1685 2056 sagt:
1707 2027 1716 2032 =

199 2063 350 2097 Attikus
386 2062 482 2095 habe
515 2062 595 2094 ihm
628 2062 665 2093 iu
700 2061 828 2094 seinen
853 2061 1004 2094 Briefen
1037 2061 1237 2106 allerdings
1265 2060 1458 2105 Hoffnung
1490 2061 1684 2104 gemacht3

201 2111 314 2146 allein
346 2110 450 2144 darin
488 2109 589 2143 doch
623 2109 751 2142 solche
777 2109 1012 2142 Thatsachen
1039 2109 1197 2152 erzahlt,
1238 2109 1298 2142 die
1323 2108 1446 2141 seinen
1471 2108 1581 2142 Muth
1608 2107 1685 2142 und

202 2159 304 2194 seiue
329 2160 521 2203 Hoffnung
547 2157 685 2191 wieder
709 2158 875 2202 gelrihmt
901 2158 1042 2189 hatten.
1070 2175 1118 2181 ——
1140 2158 1269 2201 plane,
1301 2156 1415 2201 grade
1441 2168 1495 2198 zu,
1523 2157 1614 2192 klar.
1642 2174 1682 2179 -—

201 2207 423 2241 correxerit.
462 2206 524 2240 Sic
544 2206 689 2246 Lamb„
715 2213 756 2238 ut
780 2205 928 2239 volebat
952 2205 1115 2246 Ernesti,
1140 2205 1293 2239 Schi'ilz,
1319 2205 1543 2250 praesertim
1569 2215 1684 2250 quum

203 2257 338 2292 Cicero
365 2255 469 2287 dicat
493 2255 618 2298 aliqua
644 2265 689 2287 ex
712 2258 829 2298 parte.
859 2255 954 2287 cett.
980 2253 1219 2287 correxerint.
1259 2251 1459 2289 ORELLI.

296 2305 331 2339 2.
356 2306 477 2346 propt.
503 2314 535 2335 v.
562 2302 705 2343 celebr„
733 2303 817 2335 weil
850 2302 944 2335 viele
968 2301 1128 2334 Fremde
1155 2301 1398 2335 durclireisen
1423 2300 1495 2334 und
1521 2312 1607 2333 man
1633 2300 1685 2333 al—

203 2364 243 2386 so
271 2350 518 2396 Gelegenheit
545 2350 636 2389 hat,
669 2351 732 2383 das
756 2351 925 2384 Neneste
949 2362 994 2383 zu
1029 2350 1158 2382 heren.
1202 2370 1244 2375 --
1286 2359 1356 2381 non
1390 2349 1562 2382 commori
1594 2355 1682 2389 cet„

203 2401 266 2433 ich
302 2400 400 2433 habe
436 2397 541 2431 mich
575 2410 648 2431 von
682 2398 949 2432 Thessalonika
981 2398 1083 2431 noch
1115 2396 1225 2430 nicht
1257 2395 1531 2440 fortgemacht.
1567 2414 1612 2421 -—
1662 2407 1685 2429 a

202 2448 371 2483 Plancio.
430 2447 562 2480 Dieser
596 2447 668 2479 Gn.
703 2447 874 2480 Plancius
908 2446 1014 2479 hatte
1046 2446 1097 2478 als
1129 2447 1312 2491 Quaestor
1346 2457 1414 2478 von
1442 2444 1683 2478 Macedonian

204 2497 273 2529 (len
310 2496 448 2528 Cicero
481 2496 518 2527 in
552 2495 691 2527 Schutz
725 2505 960 2538 genommen.
1010 2494 1046 2528 S.
1076 2505 1134 2538 ep.
1163 2493 1367 2531 LXXVIII,
1397 2496 1430 2529 l.
1457 2493 1623 2536 LXXIX,
1650 2494 1682 2526 4.

203 2545 288 2589 Vgl.
318 2544 414 2581 XVI,
444 2544 477 2577 2.
531 2542 635 2576 Orat.
663 2554 731 2586 pro
756 2544 889 2579 Plane.
915 2555 948 2576 e.
978 2546 1007 2577 l.
1035 2542 1156 2575 Datur
1183 2542 1432 2583 verzheidigte
1460 2542 1523 2573 ihu
1551 2541 1682 2581 dieser,

205 2593 257 2625 als
282 2603 322 2625 er
348 2603 417 2624 von
445 2591 588 2623 seinem
606 2592 874 2625 Mitbcwcrber
890 2603 950 2623 um
969 2591 1029 2624 die
1046 2590 1236 2630 Aedificat,
1266 2601 1349 2623 vom
1373 2589 1597 2632 Laterensis,
1616 2588 1681 2620 der

202 2640 598 2684 Amtserschleichung
621 2639 681 2680 (de
704 2639 873 2681 Ambitn)
898 2639 1099 2683 angeklagt
1125 2651 1211 2674 war.
1267 2640 1300 2671 S.
1339 2637 1439 2670 dicse
1470 2637 1574 2671 Rede
1607 2635 1680 2668 und

203 2689 249 2720 ad
281 2688 411 2720 Famil.
453 2688 521 2725 IV,
559 2690 601 2721 14
628 2688 742 2727 (516).
793 2688 901 2720 Doeh
937 2688 1036 2730 ward
1069 2699 1108 2720 er
1141 2689 1347 2722 verbannr„
1392 2688 1524 2719 Cicero
1551 2687 1682 2717 tro'stct

203 2737 265 2768 ibn
294 2737 339 2768 ad
361 2737 440 2768 Div.
470 2734 533 2773 lv,
566 2737 607 2769 15
635 2736 736 2780 (433)
763 2737 831 2769 mit
858 2736 923 2770 der
950 2736 1140 2781 Hoffnung
1161 2736 1330 2781 baldiger
1347 2734 1573 2775 Jzilclzke11r÷
1604 2731 1677 2776 vgl.
