1742 3006
552 79 868 122 EPISTOLA
899 80 1052 125 XLII.
1463 84 1548 132 183

67 204 229 245 escam,
260 189 497 244 permittit,
527 190 605 231 sed
640 189 943 245 reprehendit,
975 193 1080 246 quia
1111 207 1196 235 non
1219 207 1393 248 semper
1422 198 1545 251 quie-

69 249 168 290 rim.
237 247 389 297 Quare
428 247 756 298 incumbamus,
808 261 834 288 o
863 252 1016 288 noster
1044 249 1178 302 Tite,
1220 250 1277 291 ad
1307 252 1391 292 illa
1419 266 1546 306 prae-

66 305 192 344 clara
218 302 369 344 studia
397 306 441 344 et
469 316 538 355 eo,
567 302 685 343 unde
714 302 949 343 discedere
980 316 1067 344 non
1097 307 1311 360 oportuit,
1340 308 1545 362 aliquan—

70 359 125 400 do
158 361 442 401 revertamur.
514 357 650 407 Quod
680 358 735 399 de
767 358 928 407 Quinti
959 356 1116 400 fratris
1147 362 1340 415 epistola
1368 365 1545 417 scribis,

73 415 127 455 ad
167 428 236 455 me
275 427 450 468 quoque
492 412 579 454 fuit
609 412 765 462 πρόσθε
792 415 904 459 λέων,
933 413 1078 453 ὃπιθεν
1106 417 1147 454 δὲ
1176 440 1230 446 —
1259 419 1368 472 quid
1397 420 1545 461 dicam

71 472 233 512 nescio.
303 467 418 510 Nam
461 468 527 510 ita
565 468 774 523 deplorat
813 470 971 523 primis
1019 471 1223 512 versibus
1270 476 1544 517 mansionem

70 540 219 578 suam,
249 527 296 565 ut
324 525 526 579 quemvis
556 538 735 566 movere
765 526 929 578 possit:
976 525 1041 565 ita
1071 539 1223 568 rursus
1255 531 1467 583 remittit,
1497 537 1546 572 ut

69 595 136 621 me
167 584 308 635 roget,
338 584 388 621 ut
417 581 599 635 annales
629 594 732 622 suos
762 581 992 622 emendem
1023 585 1068 621 et
1098 582 1240 624 edam.
1313 585 1437 626 Illud
1478 591 1545 628 ta-

67 651 188 689 men,
218 636 337 690 quod
366 637 551 689 scribit,
578 637 911 679 animadvertas
940 637 1105 690 velim,
1135 639 1191 679 de
1220 642 1424 693 portorio
1456 643 1544 682 cir-

67 692 414 734 cumvectionis:
464 693 528 732 ait
568 705 614 733 se
655 692 711 734 de
742 693 924 733 consilii
954 695 1178 735 sententia
1208 708 1299 735 rem
1330 697 1386 737 ad
1416 710 1545 739 sena-

65 752 156 788 tum
187 748 410 788 reiecisse.
477 747 687 788 Nondum
724 749 943 789 videlicet
983 763 1102 790 meas
1145 751 1302 791 literas
1345 753 1544 806 legerat3

65 804 219 858 quibus
248 803 305 844 ad
335 817 458 854 eum,
491 817 538 843 re
569 804 775 845 consulta
804 809 849 845 et
879 805 1118 858 explorata
1136 837 1147 857 ,
1188 808 1542 862 perscripseram

66 873 153 900 non
181 859 351 901 deberi.
422 859 600 911 Velim,
631 861 670 900 si
701 860 778 914 qui
812 861 976 901 Graeci
1007 861 1094 901 iam
1124 860 1317 902 Romam
1347 878 1404 903 ex
1435 865 1546 905 Asia

63 915 118 955 de
160 928 214 956 ea
243 927 375 955 causa
403 919 645 968 venerunt,
682 914 866 967 videas,
907 920 974 967 et,
1018 918 1057 956 si
1088 917 1171 958 tibi
1202 917 1454 972 videbitur,
1485 921 1543 959 iis

64 971 365 1023 demonstres,
395 970 503 1024 quid
533 984 615 1025 ego
646 970 701 1011 de
732 985 784 1012 ea
815 985 861 1012 re
891 972 1095 1012 sentiam.
1163 971 1212 1013 Si
1243 987 1422 1028 possum
1452 974 1542 1015 dis-

64 1027 250 1080 cedere,
298 1040 353 1068 ne
395 1040 529 1068 causa
567 1028 737 1081 optima
766 1028 810 1067 in
841 1032 998 1068 senatu
1027 1033 1211 1083 pereat,
1251 1043 1334 1084 ego
1364 1029 1541 1071 satisfa-

61 1141 336 1188 Pliilosophen‚
376 1156 479 1178 wozu
514 1143 751 1189 Theophrast
787 1144 936 1190 gehb'rt.
999 1145 1131 1179 Die-ser
1158 1157 1234 1178 war
1267 1145 1418 1178 freilich
1445 1145 1542 1178 auch

14 1230 18 1233 ἱ
62 1192 121 1224 ein
146 1192 438 1236 Peripatetiker‚
464 1193 537 1225 wie
562 1193 772 1234 Diciiarch3
825 1194 914 1226 aber
941 1205 980 1225 er
1007 1193 1139 1227 theilte
1165 1193 1271 1225 nicht
1297 1193 1368 1226 alle
1395 1193 1543 1226 Grund-

61 1240 388 1322 {ztnzdeitdsessslben’
416 1242 589 1285 obgleich
616 1252 657 1275 er
682 1241 790 1275 keine
818 1242 1023 1275 besondere
1043 1242 1153 1276 Sekte
1178 1242 1332 1275 stiftete.
1351 1260 1388 1266 —
1419 1252 1542 1286 repre-

228 1300 262 1321 el
283 1314 290 1321 .
313 1300 383 1323 me.

154 1349 188 1384 4.
218 1350 318 1384 Quod
342 1374 350 1383 .
379 1372 388 1382 .
419 1375 426 1383 .
453 1350 598 1387 scribis.
648 1350 682 1383 S.
709 1350 864 1384 Ramsh.
893 1353 924 1393 §.
955 1352 1033 1386 182.
1059 1352 1107 1386 Ν.
1137 1354 1167 1386 1.
1212 1351 1362 1386 Grotef.
1397 1351 1431 1394 ᾖ.
1458 1353 1539 1387 392.

64 1397 173 1434 Anm.
203 1400 232 1431 1.
272 1397 424 1440 epistola
449 1399 493 1430 ad
520 1405 557 1431 te
585 1398 682 1431 data.
715 1417 759 1422 --
793 1399 843 1431 ad
874 1409 930 1431 me
966 1400 989 1432 i.
1018 1410 1050 1432 e.
1076 1400 1116 1432 in
1143 1399 1299 1444 epistola
1325 1399 1372 1432 ad
1397 1410 1457 1433 me
1482 1401 1540 1445 ip-

62 1457 140 1478 sum
173 1446 328 1489 scripta,
379 1464 423 1470 —
474 1443 656 1490 πρόσθε
688 1445 796 1480 λέων
829 1448 852 1479 i.
887 1456 917 1478 e.
958 1447 1070 1480 initio
1107 1447 1286 1492 epistolae
1330 1447 1406 1481 fuit
1439 1446 1539 1488 λέων,

62 1490 199 1527 ὄπιθεν
234 1490 272 1526 δὲ
297 1493 384 1537 quid
414 1494 533 1527 dicam
564 1494 686 1528 nescio
719 1495 743 1527 i.
771 1507 800 1528 e.
836 1494 874 1527 in
910 1494 1027 1529 altera
1060 1502 1169 1540 parte
1194 1496 1270 1530 fuit
1295 1496 1421 1529 nescio
1448 1495 1541 1540 quid

63 1542 185 1574 dicam
213 1541 328 1586 qualis
353 1542 480 1574 fuerit.
532 1543 627 1576 Tam
653 1543 775 1576 varius
801 1550 839 1576 et
864 1543 1076 1576 inconstans
1102 1544 1191 1587 suit,
1215 1555 1283 1577 nec
1309 1544 1540 1589 principium

60 1589 238 1635 epistolae
263 1589 373 1622 alteri
399 1590 475 1622 eius
499 1591 600 1636 parti
624 1590 830 1635 respondit.
897 1592 1029 1624 Cicero
1064 1591 1128 1625 hat
1156 1593 1226 1625 den
1254 1593 1334 1627 181.
1363 1594 1452 1626 Vers
1478 1603 1541 1627 aus

60 1639 102 1673 11.
136 1639 176 1672 Ζ.
214 1637 300 1671 hier
334 1639 574 1682 angewandt:
620 1636 766 1685 πρόσθε
802 1637 908 1680 λέων,
943 1637 1080 1673 ὄπιθεν
1107 1637 1145 1673 δὲ
1170 1636 1329 1686 δράκων,
1360 1639 1475 1685 μέσση
1503 1638 1541 1674 δὲ

56 1687 217 1732 χίμαιρα.
269 1704 313 1710 -
363 1687 603 1729 mansionem,
630 1688 726 1720 iiber
752 1687 813 1720 die
840 1687 1120 1732 Verlangerung
1144 1689 1266 1722 seiner
1292 1688 1542 1723 Statthalter-

61 1735 185 1768 sebast
208 1734 248 1767 in
273 1733 405 1776 Asien,
451 1746 512 1769 wo
539 1747 579 1768 er
603 1735 705 1768 noch
735 1735 795 1768 ein
823 1735 954 1769 drittes
978 1736 1071 1769 Iahr
1095 1737 1288 1770 auslmlten
1315 1743 1467 1774 musste.
1494 1755 1541 1763 --

61 1783 103 1816 de
125 1786 222 1827 port.
250 1782 436 1825 circnma,
481 1783 577 1816 iiber
601 1783 673 1817 den
709 1784 790 1817 Zoll
816 1783 879 1817 des
905 1784 1037 1817 innern
1062 1784 1415 1820 Handelsverkehrs.
1467 1786 1541 1819 Die

60 1830 342 1876 Staatsp'a'chter
367 1832 582 1876 verlangten
617 1843 685 1865 von
720 1831 790 1865 den
817 1833 967 1865 Asiaten
1001 1833 1110 1866 nicht
1145 1833 1243 1868 bloss
1272 1833 1355 1867 Zoll
1386 1835 1451 1868 fiir
1478 1834 1539 1867 dio

61 1880 222 1912 waaren
248 1879 309 1913 bei
335 1878 449 1912 deren
473 1881 570 1914 Ein-
596 1881 670 1913 und
695 1881 862 1914 Ausfuhr
886 1881 924 1914 in
948 1881 1012 1914 der
1037 1882 1221 1922 vainz,
1250 1882 1410 1916 sondern
1438 1881 1538 1915 auch

61 1928 120 1961 bei
158 1927 262 1961 ieder
296 1927 545 1974 Versendung
579 1928 773 1962 derselben
815 1941 887 1962 von
928 1930 1031 1962 einer
1056 1930 1164 1964 Stadt
1191 1943 1257 1965 zur
1281 1930 1439 1965 andern.
1491 1932 1540 1964 Es

61 1975 235 2009 entstand
252 1976 345 2009 iiber
363 1977 555 2010 Letzteres
572 1978 631 2010 ein
643 1978 771 2019 streit‚
792 1978 866 2011 und
878 1978 1039 2023 Quintus
1053 1978 1157 2013 hatte
1174 1980 1235 2012 die
1249 1978 1370 2023 Frage
1385 1988 1393 2015 ;
1411 1979 1460 2011 ob
1477 1979 1539 2012 die

60 2024 209 2058 Asiaten
235 2025 475 2069 verpssichtet
500 2029 641 2069 waren,
668 2026 727 2059 die
746 2027 907 2060 Waaren
934 2027 1034 2060 heim
1062 2027 1195 2060 innern
1214 2026 1539 2061 Handelsverkehr

61 2084 107 2106 zu
131 2071 328 2114 verzollen,
355 2083 401 2105 an
428 2073 498 2106 den
524 2074 637 2107 Senat
661 2074 700 2108 in
726 2076 824 2108 Rom
851 2086 916 2108 zur
941 2075 1225 2120 Entscheidung
1251 2075 1465 2109 vei-wiesen.
1494 2094 1537 2101 -

62 2120 104 2153 ‹le
137 2119 283 2153 consilii
319 2122 517 2163 sententia,
557 2123 626 2156 auf
664 2123 857 2156 Aurathen
891 2123 1014 2156 seiner
1045 2123 1446 2168 Regirungsbeisitzer.
1498 2127 1535 2161 S.

63 2169 170 2202 Orat.
205 2169 243 2201 in
278 2169 386 2203 Verr.
419 2169 470 2212 11,
497 2171 528 2205 6.
557 2171 652 2204 iiber
678 2171 801 2205 diesen
827 2172 1125 2217 Regirungsrath
1153 2173 1193 2206 in
1220 2173 1289 2205 den
1316 2172 1537 2207 Provinzen.

61 2227 202 2260 perscr.
237 2216 317 2250 Md.
353 2229 373 2249 a
399 2229 455 2262 pr.
478 2230 526 2253 m.
556 2229 668 2253 rescr.
696 2239 738 2244 —-
781 2230 850 2253 non
875 2220 1010 2258 deberi,
1037 2232 1124 2253 man
1153 2220 1206 2253 sei
1233 2220 1359 2253 diesen
1388 2221 1467 2254 Zoll
1494 2232 1538 2254 zu

63 2266 179 2310 geben
206 2264 314 2297 nicht
341 2265 524 2311 schuldig.
552 2286 596 2291 —
622 2268 654 2301 si
680 2265 744 2310 (εἰ)
770 2269 841 2312 qui,
865 2269 913 2301 ob
939 2269 1280 2312 einigeGriechen.
1331 2271 1365 2304 S.
1384 2270 1535 2304 Ramsh.

62 2315 91 2356 ᾗ.
122 2314 209 2355 174,
243 2314 275 2348 2.
304 2314 394 2347 Not.
426 2317 459 2348 1.
489 2318 517 2359 §.
548 2317 636 2356 160,
672 2317 706 2350 2.
735 2318 777 2349 Ν.
805 2319 836 2352 2.
872 2317 1019 2349 Grotef.
1055 2319 1088 2362 ξ.
1115 2318 1195 2353 427.
1229 2318 1336 2350 Anm.
1365 2319 1400 2351 4.
1459 2318 1537 2349 Der

63 2361 221 2394 Iudicat.
248 2362 317 2396 mit
342 2363 376 2395 si
401 2362 496 2395 nach
525 2364 798 2397 Griechischer
824 2366 962 2398 Weise.
1024 2366 1072 2399 So
1109 2367 1160 2399 im
1185 2367 1337 2401 Terent.
1366 2365 1536 2399 Eunuch.

65 2409 108 2448 V,
152 2411 183 2450 1,
218 2411 283 2444 22:
333 2411 435 2452 vide,
484 2411 517 2444 Si
555 2424 627 2446 non
665 2412 858 2458 impudens
890 2414 1048 2447 videtur.
1131 2414 1222 2448 will
1263 2425 1350 2447 man
1398 2413 1536 2446 iedoch

65 2455 98 2487 si
133 2456 190 2500 qui
225 2457 344 2492 durch
371 2471 499 2492 wenn
526 2461 681 2505 einige
709 2474 742 2494 ιι.
772 2474 798 2493 s⁴
827 2473 872 2493 w.
904 2462 1122 2495 iibersetzen
1140 2487 1148 2499 .
1200 2474 1240 2495 so
1268 2464 1314 2495 ist
1340 2461 1460 2495 videas
1486 2476 1534 2493 :-

67 2504 229 2536 besuche
248 2507 313 2550 sie,
340 2508 469 2552 spricli
486 2509 555 2541 init
572 2508 705 2541 ilinen:
734 2510 802 2541 wic
828 2509 873 2541 ad
899 2510 1010 2543 Attio.
1038 2511 1121 2549 Xll,
1148 2512 1193 2544 37
1220 2510 1407 2543 Othonem
1434 2510 1533 2544 vide.

67 2551 128 2591 lv,
146 2554 206 2586 12:
234 2555 376 2588 videbis
394 2568 483 2600 ergo
499 2557 699 2590 hominem.
717 2558 799 2600 XII,
817 2559 856 2591 11
872 2557 1097 2604 Septimium
1115 2559 1208 2591 vide.
1224 2558 1419 2602 Apuleium
1432 2558 1534 2590 vide-

67 2601 136 2631 bis.
165 2600 260 2634 Plin.
287 2604 357 2647 Ep.
377 2606 406 2643 l,
424 2607 464 2639 5:
495 2617 601 2650 rogo,
626 2617 731 2639 manc
750 2607 874 2639 videas
890 2607 1048 2640 Plinium
1066 2607 1179 2639 domi.
1211 2624 1253 2629 -
1280 2606 1328 2638 iis
1344 2606 1533 2644 demonstr,

67 2647 129 2680 Sic
147 2648 227 2680 Asc.
252 2652 280 2683 1.
298 2652 396 2686 Crat.
414 2654 512 2685 Vict.
534 2657 562 2687 l.
583 2656 712 2688 Lamb.
730 2654 786 2687 his
801 2656 898 2689 Cett.
916 2674 957 2680 --
987 2655 1182 2697 Sipossum
1202 2653 1388 2686 discedere
1406 2654 1450 2687 de
1469 2656 1534 2688 illa

70 2698 246 2729 sententia
281 2699 366 2739 (raus
400 2702 572 2738 sentiam.
615 2701 652 2739 S.
677 2704 829 2736 Rannsh.
863 2705 946 2743 206,
972 2702 1014 2744 Α,
1038 2703 1119 2744 LL),
1162 2702 1328 2734 ¹¹5mll'sh
1361 2702 1443 2736 (1³8⁸
1475 2703 1535 2735 di?

68 2746 214 2778 Asiaten
256 2747 327 2779 den
363 2747 440 2781 Zoll
475 2761 519 2783 zu
552 2750 670 2795 geben
705 2751 809 2784 nicht
847 2751 1016 2793 schuldig
1045 2750 1147 2788 sind3
1192 2761 1230 2782 so
1266 2750 1337 2783 will
1370 2752 1431 2784 ich
1467 2751 1534 2784 den
