1742 3006
605 66 924 110 EPISTOLA
964 65 1121 109 XVII.
1564 66 1627 113 45

128 182 282 234 simus,
312 180 370 221 ad
401 183 445 220 te
475 177 859 233 proficisceretur,
890 179 1067 233 aliquid
1097 177 1213 219 mihi
1242 179 1527 221 scribendum
1546 195 1623 236 pu—

129 238 248 286 tavi3
309 236 573 291 praesertim
614 249 748 289 quum
778 236 916 276 alitor
948 236 1032 288 ipsi
1064 235 1320 290 Pomponio
1351 236 1620 278 satisfacere

130 307 216 334 non
246 306 433 347 possem.
492 291 593 344 Ego
623 291 661 331 si
693 292 833 332 abste
854 304 1027 331 summa
1047 290 1206 333 officia
1231 291 1504 345 desiderem,
1536 295 1620 334 mi-

129 363 228 389 rum
257 348 421 389 nemini
453 347 601 388 videri
633 347 807 388 debeat.
866 346 1032 387 Omnia
1062 347 1179 388 enim
1208 360 1235 388 a
1263 362 1334 388 me
1365 349 1409 388 in
1442 352 1488 389 ie
1519 363 1621 403 pro-

130 405 250 445 secta
278 408 394 455 sunt,
425 416 538 457 quae
569 402 627 442 ad
659 408 784 443 tuum
816 402 1123 453 commodum,
1154 416 1266 457 quae
1297 404 1355 444 ad
1384 403 1621 457 honorem,

127 474 242 515 quae
268 460 324 500 ad
355 459 627 512 dignitatem
657 460 948 512 pertinerent.
980 457 1075 498 Pro
1107 458 1165 498 iis
1196 460 1326 500 rebus
1348 461 1519 501 nullam
1537 462 1621 501 mi·

127 516 177 556 hi
207 517 284 556 abs
314 518 359 555 te
390 516 578 555 relatam
610 528 705 555 esse
731 516 939 568 gratiam,
971 518 1017 555 tu
1043 528 1089 554 es
1111 515 1305 568 optimus
1330 516 1484 558 testis:
1515 531 1621 558 con-

127 577 198 612 tra
227 573 363 612 etiam
394 584 490 611 esse
520 571 696 624 aliquid
727 572 805 611 abs
836 576 879 611 te
910 568 1163 625 profectum
1193 584 1251 611 ex
1268 572 1426 612 multis
1450 573 1618 614 audivi.

123 627 239 669 Nam
270 627 553 680 comperisse
580 640 672 679 me,
730 641 818 668 non
875 626 1018 667 audeo
1075 626 1246 678 dicere,
1302 641 1358 668 ne
1416 627 1536 670 sorte
1574 630 1621 669 id

123 685 269 738 ipsum
325 684 509 724 verbum
566 696 742 736 ponam,
800 683 918 737 quod
976 683 1053 722 abs
1109 686 1154 723 te
1212 682 1338 724 aiunt
1395 683 1514 726 salso
1572 686 1618 726 in

124 754 194 780 me
251 739 398 779 solere
464 738 679 780 conferri.
750 738 841 780 Sed
898 751 972 790 ea,
1052 752 1164 792 quae
1221 738 1280 779 ad
1337 753 1407 781 me
1466 741 1620 783 delata

123 799 239 847 sunt,
269 795 388 835 malo
419 798 463 836 te
494 808 552 835 ex
581 794 859 849 Pomponio,
891 795 963 835 cui
993 808 1079 835 non
1110 795 1257 835 minus
1296 797 1490 838 molesta
1520 797 1617 838 fue-

126 857 243 902 runt,
274 864 405 904 quam
436 864 494 891 ex
524 851 635 890 meis
666 851 814 891 literis
844 864 1132 905 cognoscere.
1206 849 1334 891 Meus
1365 853 1412 892 in
1444 856 1488 893 te
1519 855 1615 894 ani-

124 921 221 947 mus
250 920 381 961 quam
410 907 632 960 singulari
662 906 820 947 officio
852 906 1015 959 fuerit,
1062 911 1107 947 et
1136 910 1316 947 senatus
1347 912 1393 948 et
1421 911 1618 963 populus

126 962 355 1005 Romanus
380 964 511 1003 testis
542 967 635 1003 est:
666 967 713 1003 tu
743 976 876 1017 quam
907 968 1061 1014 gratus
1092 976 1202 1017 erga
1229 977 1300 1003 me
1330 962 1488 1016 fueris,
1518 966 1614 1020 ipse

124 1019 388 1060 existimare
418 1023 570 1073 potes:
601 1023 812 1072 quantum
842 1019 957 1059 mihi
974 1019 1150 1071 debeas,
1174 1019 1316 1059 ceteri
1335 1021 1614 1063 existimant.

124 1076 225 1129 Ego
255 1088 368 1129 quae
399 1080 476 1115 tua
508 1088 642 1114 causa
671 1080 804 1116 antea
834 1075 940 1127 feci,
979 1076 1214 1116 voluntate
1255 1088 1350 1116 sum
1390 1077 1614 1119 adductus

125 1135 368 1186 posteaque
399 1131 667 1172 constantia.
728 1131 818 1172 Sed
863 1132 1053 1185 reliqua,
1093 1130 1209 1171 mihi
1252 1131 1411 1185 crede,
1469 1135 1613 1175 multo

122 1188 265 1227 maius
294 1200 438 1227 meum
468 1187 665 1227 studium
704 1188 1007 1242 maioremque
1038 1188 1309 1241 gravitatem
1339 1192 1383 1229 et
1413 1188 1616 1232 laborem

123 1243 398 1284 desiderant.
486 1243 612 1293 Quae
642 1257 725 1297 ego
755 1244 795 1284 si
820 1256 909 1285 non
938 1243 1212 1300 profundere
1241 1256 1296 1284 ac
1324 1244 1517 1298 perdere
1544 1247 1613 1289 vi-

123 1377 253 1412 Lamb.
287 1375 549 1418 cupidissimus.
607 1368 711 1410 Uber
744 1375 803 1408 die
830 1376 1110 1409 Freundschaft
1135 1376 1322 1411 zwischen
1352 1377 1504 1412 Attikus
1538 1381 1615 1414 und

122 1425 304 1458 Antonius
331 1425 442 1468 vergl.
472 1424 619 1456 Cornel.
647 1425 737 1470 Nep.
763 1424 882 1466 XXV,
911 1426 968 1459 20.

216 1476 248 1508 2.
276 1473 411 1505 debeat.
448 1473 544 1504 Vict.
576 1474 601 1505 i.
634 1473 737 1505 (lebet
769 1478 905 1505 contra
931 1472 1069 1506 Medic.
1106 1491 1150 1498 -—
1183 1483 1254 1517 pro
1280 1473 1344 1515 iis,
1396 1475 1500 1509 Med.
1528 1475 1613 1509 edd.

121 1523 217 1554 Vict.
247 1523 278 1556 2.
303 1531 372 1564 pro
399 1519 467 1553 his.
496 1539 540 1544 —
567 1530 589 1552 a
616 1524 650 1552 te
672 1522 879 1564 profectum
913 1519 950 1553 h.
979 1533 1009 1553 e.
1038 1528 1105 1563 „te
1131 1521 1272 1567 aliquid
1299 1522 1432 1556 dixisse
1466 1523 1523 1556 vel
1554 1524 1613 1558 fe-

121 1571 236 1610 cisse,
270 1581 344 1614 quo
378 1569 435 1602 vel
472 1569 663 1612 ingratum
695 1576 733 1602 et
759 1568 986 1602 malevolum
1020 1570 1185 1603 animum
1219 1571 1475 1603 ostenderes.“
1524 1572 1613 1606 Sine

120 1619 234 1651 dubio
267 1617 425 1662 respicit
457 1617 680 1649 calumniam
719 1617 844 1660 illam,
885 1628 999 1663 quam
1035 1620 1168 1651 Cicero
1210 1620 1257 1652 ab
1289 1620 1454 1652 Antonio
1487 1621 1612 1665 spargi

118 1667 309 1700 audiverat
335 1676 518 1711 quamque
551 1665 849 1712 investigandam
882 1667 1007 1699 Attico
1042 1666 1285 1700 mandaverat
1310 1668 1469 1712 epistola
1501 1680 1612 1714 supe-

119 1717 219 1748 riore
253 1715 334 1755 (16,
367 1715 416 1756 2.)
466 1707 683 1747 SCHUTZ.
720 1733 765 1740 -—
798 1714 1040 1758 comperisse,
1082 1715 1164 1748 dass
1189 1715 1255 1749 ich
1281 1726 1319 1748 es
1344 1727 1416 1748 von
1442 1717 1613 1751 sicherer

118 1764 226 1797 Hand
253 1763 429 1796 erfahren
454 1761 564 1794 habe.
627 1761 759 1795 Cicero
794 1763 901 1797 hatte
934 1764 1016 1796 sich
1052 1763 1172 1796 dieses
1203 1764 1417 1798 Ausdrucks
1450 1766 1511 1797 bei
1545 1767 1612 1799 der

120 1812 324 1846 officiellen
361 1811 578 1854 Dat-legung
621 1811 687 1843 der
723 1811 1036 1845 Catilinarischen
1071 1812 1186 1845 Plane
1225 1813 1309 1845 sehr
1351 1815 1409 1846 oft
1443 1813 1610 1850 bedient.

120 1861 218 1894 ohne
245 1859 343 1892 seine
371 1858 542 1900 Quellcn,
577 1859 635 1890 die
662 1870 703 1892 er
734 1860 869 1893 iedoch
902 1860 1052 1904 gelieim
1079 1861 1206 1894 halten
1228 1867 1409 1901 musste‚
1443 1874 1489 1895 zu
1521 1873 1609 1895 nen-

116 1921 203 1942 nen.
235 1908 341 1941 Diess
368 1908 433 1941 fiel
460 1907 521 1939 bei
547 1907 668 1940 einem
695 1908 972 1951 gerichtlichen
999 1909 1206 1942 Verfahren
1239 1910 1292 1942 als
1319 1911 1611 1958 ungew'cihnlich

117 1957 195 1991 und
229 1956 442 2001 gefa'hrlich
479 1956 554 1988 auf.
618 1955 745 1989 Daher
778 1957 877 1990 seine
911 1957 1052 1990 Feinde
1093 1957 1189 1990 diess
1223 1959 1337 1990 Wort
1377 1970 1463 1991 zum
1498 1959 1611 1993 Hohn

116 2005 197 2040 ihm
224 2005 396 2037 nachher
426 2004 483 2037 oft
507 2004 762 2037 nachredeten
795 2005 871 2038 und
905 2017 1014 2048 sogar
1040 2007 1272 2047 vorwarfen3
1305 2018 1338 2039 z.
1373 2007 1415 2042 Β.
1444 2008 1609 2042 Clodius.

114 2055 151 2089 S.
202 2053 249 2087 ad
297 2053 411 2086 Attic.
441 2055 478 2087 1,
531 2052 585 2085 14.
637 2054 711 2098 (ep.
742 2054 812 2092 19.)
846 2073 891 2079 —
933 2055 1056 2095 ιῑΐαίδο,
1107 2054 1277 2088 wiewohl
1316 2054 1387 2087 mit
1426 2057 1609 2090 Unrecht.

115 2105 175 2138 Als
202 2101 497 2145 eingeschaltete
523 2101 757 2144 Bemerkung
791 2102 852 2134 des
881 2103 1014 2135 Cicero
1042 2102 1131 2135 kurz
1162 2109 1291 2148 gesagt
1316 2103 1400 2136 fur:
1438 2105 1609 2139 wiewohl

115 2153 162 2185 du
177 2151 252 2184 mir
262 2149 432 2184 Unrecht
447 2149 564 2181 damit
578 2148 696 2182 thust.
725 2150 920 2195 Umi'othig
937 2151 985 2183 ist
1002 2149 1121 2184 daher
1135 2151 1506 2196 Martyni-Laguna’s
1520 2156 1607 2187 Ver-

113 2202 313 2245 besserung
344 2196 457 2239 salse,
513 2198 645 2230 womit
680 2197 813 2230 Cicero
848 2199 918 2231 den
960 2199 1142 2233 Antonius
1175 2210 1308 2244 wegen
1342 2201 1459 2233 seinos
1492 2213 1608 2246 unge-

114 2249 284 2282 salzenen
319 2247 464 2279 witzes
503 2244 677 2278 ironiseh
711 2245 811 2279 habe
850 2247 1057 2280 bestreifen
1100 2248 1246 2281 wollen.
1299 2249 1456 2281 Lambin
1491 2250 1603 2284 lies't:

115 2298 211 2342 qnod
235 2296 337 2329 aiunt
354 2295 466 2336 falso
493 2304 515 2326 α
540 2304 596 2326 me
621 2294 742 2327 soleo-e
768 2296 955 2337 proferri.
1008 2297 1127 2340 Vergl.
1160 2297 1319 2330 Casaub.
1347 2309 1389 2330 zu
1416 2297 1461 2329 ad
1487 2299 1603 2333 Attio.

116 2349 149 2387 1,
186 2344 236 2379 15.
266 2357 301 2388 p.
335 2344 395 2378 91.
425 2342 561 2375 Graev.
590 2361 633 2366 ——
661 2352 704 2375 ez
729 2343 852 2385 Pomp.
880 2344 989 2376 Denn
1015 2345 1166 2377 Attikus
1192 2345 1313 2378 wollte
1340 2346 1605 2389 eigentlich

114 2394 276 2426 Cicero's
302 2390 435 2424 halber
459 2402 541 2423 zum
567 2390 750 2423 Antonius
776 2391 897 2424 reisen
932 2393 1007 2424 und
1044 2393 1170 2426 diesen
1197 2393 1304 2426 Brief
1339 2393 1602 2440 iiberbriiigeii.

112 2443 163 2474 Er
202 2441 310 2474 sollte
351 2439 413 2472 das
448 2440 534 2472 bose
572 2439 742 2472 Gerticht
775 2439 1102 2485 niederschlagen3
1144 2441 1207 2474 das
1250 2452 1325 2473 war
1365 2442 1443 2473 sein
1487 2454 1603 2487 negot

113 2491 229 2530 tium,
257 2499 331 2521 was
357 2486 439 2520 ihm
466 2487 600 2522 Cicero
627 2487 869 2531 aufgetragen
896 2487 1013 2522 hatte.
1041 2509 1086 2515 —-
1111 2489 1343 2527 eriste'manss
1370 2489 1602 2525 berechnen.

116 2538 319 2570 existiment
346 2535 436 2569 Edd.
466 2536 586 2580 Neap.
623 2538 723 2568 Crat.
755 2536 898 2570 Victor.
935 2539 988 2578 2.,
1024 2538 1154 2570 Lamb.
1191 2538 1273 2570 Bos.
1303 2538 1599 2585 Martyni-Lag.

115 2585 271 2618 Schiitz.
298 2585 387 2616 min.
417 2583 488 2617 Sed
514 2584 616 2625 vide,
645 2595 689 2616 ne
716 2584 892 2616 acerbior
917 2586 965 2617 sit
991 2585 1228 2619 indicativus.
1259 2584 1323 2618 OR

207 2634 242 2666 3.
269 2633 491 2671 constantia,
523 2632 561 2664 in
589 2632 657 2666 der
681 2632 840 2664 Absicht
872 2634 945 2665 mir
972 2633 1100 2677 gleich
1127 2644 1170 2666 211
1197 2632 1360 2665 bleiben.
1387 2650 1431 2659 -—
1457 2635 1599 2679 reliqua

117 2705 124 2713 .
138 2680 268 2714 ,desim
289 2681 367 2714 scil.
388 2680 645 2713 defensionem
663 2680 828 2719 Antonii,
849 2681 878 2712 si
900 2683 1193 2726 repetundarum
1212 2688 1466 2723 accusaretur,
1489 2695 1598 2728 quam

113 2728 263 2772 quidem
291 2729 477 2762 actionem
496 2728 529 2761 ei
557 2728 759 2762 adversarii
797 2734 878 2760 tum
909 2730 1068 2764 maxime
1102 2729 1353 2763 minabantur.
1380 2731 1452 2775 Ep,
1483 2733 1544 2773 16,
1563 2734 1596 2767 2.

108 2770 323 2810 SCHUTZ.
375 2796 418 2802 -
466 2775 623 2810 studium
661 2786 795 2814 meum,
841 2777 1119 2823 VVortstellung
1158 2788 1281 2825 gegen
1321 2779 1417 2816 Cod.
1455 2781 1595 2814 Medic.
