1742 3006
578 74 894 120 EPISTOLA
924 75 1055 117 XIII.
1512 72 1568 120 31

78 194 267 248 aliquam
296 192 341 232 in
371 190 457 232 tuis
487 189 632 230 literis
663 193 707 229 et
736 193 916 229 nostrae
949 185 1289 228 necessitudinis
1328 191 1370 227 et
1403 189 1463 228 rei
1496 202 1571 242 pu-

78 251 219 290 blicae
259 259 391 290 causa
432 245 773 300 gratulationem
812 244 1087 297 exspectavi:
1141 256 1272 297 quam
1313 257 1394 296 ego
1424 245 1499 284 abs
1531 249 1572 284 te

79 305 436 360 praetermissam
481 315 577 342 esse
607 301 823 353 arbitror,
853 301 970 354 quod
999 313 1215 352 vererere,
1246 312 1300 339 ne
1329 300 1452 339 cuius
1483 302 1573 340 ani<

78 376 198 402 mum
228 358 492 401 offenderes.
561 356 652 398 Sed
688 357 828 406 scito,
859 370 935 407 ea,
966 368 1076 410 quae
1106 369 1185 396 nos
1215 368 1297 408 pro
1328 356 1467 396 salute
1497 369 1571 410 pa—

78 418 192 458 triae
220 415 451 470 gessimus,
482 413 603 453 orbis
632 416 779 453 terrae
809 413 978 453 iudicio
1008 425 1062 452 ac
1084 411 1338 453 testimonio
1369 426 1572 466 compro—

78 474 186 514 bari.
245 470 388 523 Quae,
417 483 551 524 quum
579 469 779 518 veneris,
832 471 953 510 tanto
984 467 1171 509 consilio
1200 471 1407 521 tantaque
1437 468 1573 509 animi

78 527 377 582 magnitudine
417 538 444 566 a
482 538 553 565 me
593 528 719 579 gesta
759 537 856 565 esse
906 536 1175 577 cognosces,
1225 528 1271 563 ut
1311 525 1391 564 tibi
1433 525 1571 566 multo

79 583 262 635 maiori,
302 595 434 637 quam
462 580 703 622 Africanus
736 579 845 633 fuit,
874 584 1024 621 tamen
1053 593 1142 620 non
1171 579 1311 620 multo
1340 581 1571 631 minorem,

78 652 208 694 quam
237 639 467 689 Laelium,
520 637 654 677 facile
693 640 737 677 et
764 637 811 677 in
839 650 887 677 re
916 636 1092 691 publica
1122 639 1168 676 et
1196 636 1241 676 in
1271 636 1466 677 amicitia
1495 636 1572 678 ad-

78 696 274 737 iunctum
304 707 400 736 esse
432 693 616 748 patiare.
675 692 803 733 Vale.

351 818 669 862 EPISTOLA
697 818 837 860 XIII.
897 819 974 870 (ad
1005 819 1108 860 Div.
1140 814 1200 860 V.
1233 817 1294 867 1.)

269 896 349 932 Ser.
384 907 427 929 ex
463 895 588 929 Gallia
626 895 810 928 citeriore
844 895 886 928 A.
922 896 967 930 U.
1006 895 1088 930 692.
1140 894 1195 935 (a.
1225 894 1268 930 c,
1293 894 1381 935 62⁴)

79 965 124 1009 Q.
149 963 324 998 Metellus
351 964 477 1003 Celer,
510 963 571 1008 qui
601 962 765 996 Galliam
791 973 833 995 ex
859 968 1035 1007 praetura
1060 961 1263 1007 superioris
1289 961 1377 994 anni
1413 973 1434 994 a
1463 962 1566 996 Cice-

78 1024 168 1045 rone
193 1012 401 1057 depositam
426 1012 652 1056 proconsule
670 1011 844 1056 regebat,
871 1011 943 1043 hac
971 1010 1133 1056 epistola
1161 1009 1333 1055 queritur
1348 1010 1573 1044 Ciceronem

80 1072 117 1093 se
143 1062 335 1094 absentem
362 1060 526 1093 ludibrio
552 1060 702 1092 laesisse
727 1066 764 1092 et
792 1060 949 1092 fratrem
977 1071 1082 1092 suum
1109 1059 1155 1104 Q
1175 1058 1374 1092 Metellum
1387 1060 1573 1104 Nepotem

627 1118 872 1153 oppugnasse.
903 1108 1007 1142 1—2.

105 1176 146 1218 Q.
175 1175 443 1210 METELLUS
496 1175 537 1219 Q.
572 1175 613 1208 F.
651 1172 1057 1257 CEsiiEclssngiffCOS.
1109 1172 1145 1208 S.
1183 1174 1228 1208 D.
1280 1175 1328 1208 M.
1366 1170 1556 1208 TULLIO‘

715 1244 733 1257 „a
835 1229 854 1256 ἰ
947 1249 955 1257 .

191 1289 240 1331 Si
268 1291 401 1341 vales⁷
430 1291 539 1331 bene
570 1294 649 1332 est.
708 1289 1030 1331 Existimaram
1051 1302 1133 1343 pro
1164 1292 1315 1330 mutuo
1346 1291 1465 1330 inter
1495 1303 1574 1331 nos

83 1398 148 1430 auf
178 1398 240 1430 die
269 1397 555 1431 Catilinarische
589 1396 889 1442 Verschworung
923 1397 975 1431 im
1010 1398 1161 1442 vorigen
1188 1398 1309 1431 Iahre.
1338 1417 1378 1422 —
1414 1399 1575 1431 necessit.

83 1456 207 1487 causa,
235 1457 385 1479 unseres
411 1446 625 1490 bisherigen
653 1457 773 1490 engen
804 1446 1030 1484 Verbandes‚
1061 1446 1336 1479 Verha'ltnisses
1363 1458 1505 1491 wegen.
1531 1465 1578 1471 —

81 1495 121 1527 in
146 1494 216 1527 tuis
242 1494 377 1532 literis,
429 1501 466 1526 et
500 1494 545 1526 ad
583 1500 751 1526 senatum
785 1500 822 1526 et
858 1495 903 1527 ad
931 1505 993 1526 me
1020 1505 1111 1539 quas
1137 1495 1284 1528 misisti.
1312 1513 1354 1518 —
1383 1505 1427 1528 ne
1464 1495 1576 1535 cuim,

83 1542 265 1583 Caesaris,
292 1541 427 1576 Crassi.
490 1543 524 1575 S.
551 1541 699 1576 Sallust.
729 1542 768 1580 b.
796 1542 878 1575 Cat.
906 1553 937 1575 c.
964 1541 1009 1578 48
1039 1554 1074 1577 u.
1101 1542 1162 1576 51.
1227 1544 1363 1576 Cicero
1404 1543 1503 1576 trifft
1528 1555 1577 1578 es.

84 1590 167 1622 class
201 1590 312 1633 klnge
351 1589 660 1635 Zuriickhaltung
694 1590 763 1623 den
788 1591 988 1634 Pompeius
1014 1589 1126 1623 mehr
1151 1591 1261 1623 dabei
1285 1591 1439 1635 geleitet
1464 1591 1576 1631 habe,

84 1638 135 1671 als
172 1638 368 1682 ganzliche
398 1639 746 1682 Sinnesandernng.
787 1656 830 1662 —
863 1639 1083 1684 Scipionem
1116 1639 1341 1681 Asrz'canwn
1377 1640 1575 1680 minorem,

82 1687 300 1731 Karthago’s
311 1686 514 1720 Eroberer.
544 1705 584 1711 -—
614 1691 748 1720 tamen.
774 1687 918 1720 Verum
944 1697 999 1719 me
1023 1698 1095 1731 pro
1123 1691 1243 1721 tamen
1270 1699 1313 1721 ex
1337 1688 1488 1733 antiqua
1512 1690 1575 1720 sed

84 1746 351 1779 supervacanea
383 1736 605 1768 coniectura
637 1735 737 1770 Edd.
771 1735 891 1780 Neap.
918 1735 1002 1768 Asc.
1035 1738 1134 1769 Crat.
1163 1737 1262 1771 vict.
1307 1737 1341 1773 1.
1367 1737 1404 1771 2.
1445 1738 1573 1769 Lamb.

84 1783 217 1816 Graev.
242 1782 436 1816 Benedict.
464 1784 744 1828 Martyni—Lag.
772 1783 931 1820 Schntz.
958 1784 1046 1817 min.
1075 1803 1119 1808 —
1150 1784 1315 1818 Laelium
1349 1784 1391 1827 (s.
1423 1786 1502 1819 Cic.
1531 1786 1576 1817 de

83 1831 222 1873 Amic.)
278 1832 369 1864 Man
401 1831 578 1864 bemerke
612 1832 681 1864 den
713 1830 840 1864 {einen
866 1832 1098 1875 Kunstgriff‚
1138 1835 1268 1866 womit
1295 1833 1428 1866 Cicero
1457 1834 1574 1866 durch

85 1880 184 1912 diese
196 1879 371 1912 Parallele
396 1880 651 1920 amSchlusse,
679 1881 768 1913 was
793 1880 873 1913 ihm
899 1881 1138 1925 missffilliges
1164 1882 1318 1914 mochte
1344 1881 1577 1927 entscliliipft

85 1928 177 1969 sein,
205 1928 344 1960 wieder
383 1935 449 1972 gut
485 1940 529 1961 zu
562 1928 724 1961 machen
756 1927 878 1961 sucht.
928 1929 1079 1971 Lfflius,
1115 1930 1186 1962 mit
1219 1930 1404 1963 welchem
1440 1931 1575 1963 Cicero

84 1976 166 2009 sich
192 1976 305 2009 kaum
331 1976 548 2020 vergleicht‚
574 1977 677 2009 hatte
702 1976 811 2009 keine
836 1977 1060 2022 Anspriiche
1094 1979 1159 2011 auf
1190 1978 1454 2012 militairisclie
1483 1977 1573 2011 Vm·-

85 2024 232 2056 dienste
259 2024 457 2067 gemacht,
483 2025 573 2058 aber
599 2025 662 2057 fiir
688 2025 756 2056 den
784 2026 995 2058 'Weisesten
1032 2025 1156 2059 seiner
1181 2027 1262 2060 Zeit
1298 2027 1473 2071 gegolten
1501 2027 1574 2060 und

84 2073 154 2105 mit
179 2072 328 2116 Scipio,
356 2073 440 2106 dem
466 2072 633 2107 damahls
657 2075 824 2118 grossten
848 2074 1077 2112 Feldherrn,
1114 2074 1170 2108 bis
1199 2087 1243 2108 an
1271 2075 1398 2107 dessen
1427 2075 1512 2108 Tod
1540 2075 1574 2107 in

85 2120 152 2153 der
175 2120 362 2164 innigsten
387 2121 666 2154 Freundschast
691 2122 830 2166 gelebt.
868 2141 911 2146 -
943 2122 1071 2164 facile
1119 2123 1250 2157 Lamb.
1269 2123 1396 2164 facile
1422 2124 1500 2158 tibi.
1529 2142 1573 2147 —

85 2169 240 2201 adiuuet.
269 2179 344 2201 esse
365 2173 444 2212 pat.
482 2170 565 2203 dass
597 2170 657 2202 Du
769 2171 955 2217 zuueiner
989 2171 1375 2206 freundschaftlichen
1410 2172 1571 2206 Verbin-

85 2217 183 2261 dung
217 2217 334 2249 leicht
366 2218 536 2251 zulassen
568 2218 745 2251 durftest.
811 2219 914 2253 Uber
948 2218 1006 2252 die
1038 2220 1077 2252 in
1106 2220 1139 2252 d.
1169 2220 1271 2256 lahr.
1308 2221 1465 2254 62-60
1499 2232 1572 2253 von

85 2265 221 2298 Cicero
248 2264 398 2309 geschr.
426 2267 544 2300 Brief.
571 2278 600 2299 s.
629 2266 838 2300 Abecken‘s
865 2267 1037 2303 Cicero
1064 2268 1110 2301 in
1136 2280 1163 2301 s.
1191 2268 1340 2304 Brief.
1367 2268 1402 2302 S.
1430 2269 1475 2303 39
1503 2269 1541 2302 fs.

179 2340 460 2375 METELLUS
487 2340 676 2380 CELER,
710 2342 767 2374 ein
795 2343 912 2375 Mami
938 2354 1007 2376 von
1036 2343 1392 2387 ausgezeichnetem
1418 2344 1571 2386 person-

85 2386 210 2421 lichen
247 2390 426 2431 Wefflm,
471 2401 536 2422 aus
570 2390 693 2422 einem
729 2391 980 2424 Geschlechte
1018 2398 1259 2436 entsprossen
1295 2392 1339 2432 (s.
1370 2391 1475 2426 Orat.
1504 2402 1572 2435 pro

87 2437 194 2472 Coel.
223 2448 258 2473 c.
289 2438 369 2480 1¹¹1),
419 2437 481 2470 das
520 2449 564 2470 an
590 2438 684 2471 Adel
719 2439 795 2471 und
822 2440 957 2485 Menge
994 2439 1295 2473 consularischer
1330 2438 1460 2470 Abnen
1497 2439 1574 2471 und

87 2484 339 2518 Vei-wandten
373 2485 514 2518 damals
548 2486 642 2518 allen
681 2487 824 2519 andern
861 2490 1044 2535 vorging,
1071 2488 1122 2520 im
1149 2489 1258 2521 Iahre
1284 2489 1349 2523 691
1378 2493 1485 2519 unter
1513 2488 1573 2520 ci-

87 2535 204 2564 cero’s
231 2534 427 2567 Consulate
453 2540 568 2566 erster
600 2535 731 2567 Priitor
758 2547 927 2579 gewesen
964 2537 1038 2571 und
1071 2548 1143 2569 nun
1172 2537 1393 2569 Stntthalter
1419 2536 1455 2567 in
1484 2536 1572 2567 Gal-

85 2580 179 2621 lien,
206 2591 290 2613 vom
315 2582 453 2614 Consul
480 2583 612 2615 Cicero
650 2582 764 2616 dahin
792 2586 960 2627 gesandt,
990 2583 1146 2628 beklagt
1171 2585 1263 2625 sich,
1292 2583 1410 2617 durch
1437 2584 1571 2615 eiusci-

84 2628 163 2672 tige
200 2628 274 2660 und
310 2631 491 2663 entstellte
526 2631 700 2663 Berichte
727 2633 987 2675 ausgebracht‚
1023 2634 1059 2666 in
1089 2634 1209 2666 ciuem
1239 2633 1330 2664 eben
1360 2631 1466 2663 nicht
1493 2643 1571 2664 mn-

85 2676 306 2718 sterhaften,
334 2678 423 2710 aber
449 2678 629 2723 hefligm,
657 2691 743 2712 vom
770 2688 892 2714 ersten
916 2682 1096 2716 Unwillen
1123 2681 1318 2720 dictirten‚
1346 2691 1458 2724 sognr
1483 2681 1569 2712 dro-

86 2723 233 2756 houden
259 2725 387 2758 Briefe
413 2726 508 2758 iiber
533 2728 792 2761 vermeintlich
820 2741 893 2762 von
923 2732 1081 2772 Cicero,
1117 2728 1255 2762 diesem
1283 2727 1570 2773 Arpinatisclien

86 2770 202 2805 homo
231 2784 365 2815 novus,
400 2773 542 2808 sowohl
569 2787 613 2809 an
641 2777 760 2809 seiner
787 2777 838 2810 als
865 2772 981 2811 seinos
1010 2778 1167 2812 Brudcrs
1194 2779 1316 2822 Nepos
1346 2779 1484 2809 Person
1511 2789 1568 2808 er-
