1742 3006
202 109 294 158 361
474 79 544 155 Μ,
576 112 633 155 T.
664 107 1005 155 cleunoms
1035 109 1404 155 EPISTOLAE.

203 237 303 267 cum
331 225 377 266 in
406 224 474 265 his
504 223 614 264 locis
645 228 931 275 commentor,
961 227 1009 265 ut
1038 222 1124 264 ista
1151 223 1418 278 improbem3
1457 222 1588 278 idque
1615 229 1675 279 tu,

201 295 334 337 quum
357 293 442 321 una
470 279 647 332 erimus,
677 278 971 321 confirmabis.
1030 278 1069 319 A
1092 283 1136 319 te
1166 280 1318 320 literas
1339 280 1494 320 crebro
1523 280 1580 320 ad
1608 294 1677 322 me

201 338 337 379 scribi
375 335 526 377 video:
575 335 654 375 sed
693 347 844 376 omnes
884 348 969 376 uno
998 338 1196 390 tempore
1227 335 1391 390 accepi.
1450 334 1577 384 Quae
1606 349 1676 379 res

202 394 335 435 etiam
364 391 489 432 auxit
517 390 716 432 dolorem
745 405 903 432 meum.
962 390 1081 430 Casu
1109 391 1223 431 enim
1252 391 1392 432 trinas
1420 395 1521 432 ante
1560 391 1677 445 lege-

201 461 312 499 ram,
341 447 496 502 quibus
525 447 779 488 meliuscule
801 446 992 488 Lentulo
1022 459 1118 488 esse
1148 448 1361 501 scriptum
1391 450 1499 488 erat.
1556 447 1689 490 Ecce'

201 507 383 559 quartae
412 502 590 544 fulmen.
664 501 753 543 Sed
782 504 870 556 ille,
902 506 951 542 ut
977 502 1151 557 scripsi,
1183 517 1271 544 non
1298 503 1456 552 miser3
1496 516 1577 543 nos
1605 516 1676 544 ve-

204 574 254 601 ro
284 559 436 601 ferrei.
495 557 629 608 Quod
657 572 727 600 me
757 558 980 608 admones,
1011 562 1058 599 ut
1086 558 1278 600 scribam
1307 560 1388 600 illa
1416 557 1676 600 Hortensia-
1736 565 1737 568 ’

199 628 278 657 na:
307 615 352 656 in
380 615 467 656 alia
493 614 659 665 incidi,
686 629 775 657 non
805 615 1038 655 immemor
1065 613 1193 655 istius
1221 614 1419 656 mandati
1447 614 1523 655 tui.
1587 614 1677 656 Sed
1737 624 1738 627 ’

197 671 451 713 mehercule
480 670 732 724 incipiendo
762 670 931 723 resugi5
979 683 1058 722 ne,
1107 670 1182 724 qui
1219 671 1372 712 videar
1400 671 1531 712 stulte
1560 670 1677 711 illius

197 727 333 769 amici
363 726 673 781 intemperiem
700 739 788 768 non
817 726 992 777 tulisse,
1038 739 1189 767 rursus
1229 727 1359 768 stulte
1387 727 1594 768 iniuriam
1623 727 1676 767 il·

197 784 284 825 lius
324 782 487 824 faciam
524 782 765 834 illustrem,
817 782 856 822 si
895 781 1000 837 quid
1030 782 1276 836 scripser03
1335 784 1380 824 et
1418 783 1574 834 simul,
1619 796 1676 824 ne

198 835 381 893 5003&an
409 851 530 890 mea,
580 851 691 892 quae
719 840 764 879 in
794 838 965 891 agendo
995 839 1222 891 apparuit,
1275 838 1322 878 in
1361 838 1591 879 scribendo
1621 838 1679 879 sit

198 896 440 947 oculatior,
491 898 535 935 et
563 895 729 948 aliquid
759 894 1011 935 satisfactio
1041 894 1235 935 levitatis
1266 893 1428 934 habere
1457 893 1671 934 videatur.

199 950 291 993 Sed
319 950 570 993 viderimus.
629 951 702 992 Tu
730 950 862 992 modo
891 963 1021 1004 quam
1051 950 1309 1004 saepissime
1330 949 1384 990 ad
1407 963 1477 990 me
1497 949 1674 1004 aliquid.

198 1007 472 1064 Epistolam,
524 1006 719 1048 Lucceio
749 1019 864 1047 nunc
891 1019 1022 1061 quam
1049 1007 1176 1058 misi,
1216 1019 1327 1060 qua,
1367 1019 1487 1047 meas
1525 1019 1594 1048 res
1631 1007 1680 1047 ut

198 1138 255 1173 his
282 1137 383 1181 locis,
410 1137 475 1172 auf
500 1137 586 1173 dem
613 1138 756 1180 Lnnde,
784 1149 840 1172 wo
869 1150 909 1171 er
934 1136 1016 1172 sich
1043 1138 1216 1177 aushielt‚
1244 1139 1296 1173 als
1322 1151 1363 1173 er
1379 1137 1487 1172 Diess
1513 1136 1675 1172 schrieb.

197 1207 233 1214 -
269 1192 306 1222 ut
331 1188 401 1221 ista
427 1187 636 1231 improbem.
677 1188 737 1220 Sic
763 1188 845 1224 Md.
874 1187 966 1223 Cdd.
995 1189 1120 1232 Regii.
1147 1188 1240 1222 Edd.
1265 1194 1414 1233 praeter
1438 1188 1568 1220 Lamb.
1595 1186 1676 1219 Sch.

195 1238 304 1270 Bent.
335 1235 557 1280 „quomodo
583 1236 634 1268 ita
659 1235 876 1281 improbem
903 1237 1131 1280 (potentium
1157 1236 1277 1278 acta),
1303 1242 1346 1270 ut
1371 1247 1416 1268 ne
1442 1235 1557 1268 nimis
1583 1235 1680 1277 (eos)

197 1283 431 1317 offendam.“
461 1283 693 1317 ERNESTI.
727 1287 766 1317 ut
797 1284 870 1317 isla
901 1285 1048 1327 probem
1080 1285 1171 1319 0221.
1205 1284 1364 1329 Malasp.
1390 1284 1523 1318 Lamb.
1558 1282 1597 1314 in
1627 1295 1677 1316 m.

197 1332 304 1369 1584.
331 1333 440 1364 Bent.
468 1335 505 1364 ut
529 1331 633 1365 istam
659 1331 760 1371 (scil.
787 1328 984 1377 Σπάρταν)
1015 1333 1165 1376 probem
1189 1332 1319 1367 Lamb.
1349 1332 1450 1366 1566.
1477 1335 1516 1364 ut
1537 1330 1612 1363 ista
1636 1340 1677 1363 ne

193 1380 393 1423 improbem
424 1379 510 1413 Sch.
547 1391 632 1413 con.
668 1381 767 1415 Liin,
802 1379 999 1413 ORELLI.
1052 1381 1193 1413 Schiitz
1230 1380 1372 1412 erklart
1406 1379 1509 1412 seine
1545 1378 1679 1411 Conie-

195 1436 283 1462 ctur
308 1439 368 1462 so:
416 1428 454 1461 id
479 1429 602 1473 ipsum
628 1428 667 1460 in
694 1428 780 1461 villa
805 1439 874 1472 per
906 1428 1023 1461 otium
1057 1439 1205 1461 mecum
1234 1433 1496 1469 commentor,
1538 1433 1579 1459 ut
1609 1427 1679 1460 ista

195 1489 271 1511 non
297 1476 461 1522 amplius
487 1476 725 1521 improbem,
755 1476 943 1521 quoniam,
971 1477 1070 1510 sieut
1096 1476 1296 1520 Dionysius
1323 1488 1344 1509 a
1370 1474 1573 1508 Philoxeno
1600 1486 1679 1508 ver-

196 1537 256 1560 sus
277 1537 372 1567 suos,
399 1524 452 1557 sic
470 1531 524 1567 tu,
549 1524 687 1566 Attice,
716 1536 735 1557 a
754 1536 813 1557 me
829 1525 979 1558 illorum
1000 1525 1102 1558 facta
1127 1524 1284 1570 probari
1311 1524 1427 1558 iubes.
1449 1541 1495 1547 —
1521 1523 1556 1556 A
1578 1526 1612 1555 te
1632 1523 1678 1555 li-

194 1579 307 1608 teras.
367 1575 493 1607 Novae
527 1573 709 1618 epistolae
743 1571 833 1606 hinc
866 1573 1022 1607 initium
1054 1573 1150 1607 fecit
1182 1573 1399 1607 Lambinus.
1426 1589 1471 1596 ——
1521 1570 1679 1603 dolorem

195 1633 307 1656 meum
340 1622 434 1655 iiber
460 1621 530 1654 den
557 1621 641 1654 Tod
668 1621 730 1653 des
756 1621 948 1654 Lentulus.
974 1640 1021 1646 —
1046 1622 1176 1655 trinas.
1220 1623 1256 1653 S.
1293 1620 1449 1656 Ramsh.
1477 1620 1505 1663 §.
1536 1620 1615 1658 157,
1645 1620 1678 1660 1,

198 1683 232 1705 c.
259 1671 409 1704 Grotef.
436 1672 466 1714 §.
492 1671 575 1711 300,
601 1671 624 1704 2
663 1681 699 1702 u.
725 1670 758 1713 ἕ.
789 1670 868 1712 135,
893 1669 999 1702 Anm.
1026 1688 1070 1695 —
1108 1673 1258 1713 quartae
1274 1668 1441 1710 fulmen,
1469 1666 1537 1700 der
1560 1667 1679 1700 vierte

194 1719 302 1753 Brief
325 1719 404 1752 traf
427 1717 531 1752 mich
558 1718 627 1751 wie
653 1717 711 1749 ein
739 1719 845 1752 Blitz.
871 1736 916 1742 —
941 1718 1018 1760 ille,
1044 1718 1238 1751 Lentulus.
1264 1734 1311 1741 —
1330 1716 1458 1758 ferrei
1482 1714 1507 1747 i.
1537 1725 1568 1748 e.
1595 1714 1679 1758 „ni-

197 1768 267 1801 mis
301 1767 506 1812 patienteS,
553 1761 738 1809 ἆπαθεῒς,
790 1766 852 1811 qui
886 1767 1009 1800 adhuc
1042 1767 1208 1800 vivamus
1234 1776 1302 1799 nec
1327 1762 1533 1797 voluntaria
1559 1769 1679 1796 morte

195 1828 263 1849 nos
289 1816 326 1854 (a
349 1815 545 1855 servitute)
573 1814 819 1849 liberemus.“
871 1816 932 1848 Sic
951 1816 1033 1850 Md.
1060 1827 1081 1848 a
1107 1825 1183 1849 sec,
1211 1825 1260 1847 m.
1289 1815 1370 1846 Asc.
1398 1814 1428 1845 1.
1457 1813 1553 1844 Crat.
1578 1809 1676 1844 Vict.

196 1866 230 1900 2.
269 1864 403 1897 Graev.
437 1863 527 1896 Ern.
554 1863 662 1904 ferri
694 1862 772 1895 Md.
807 1875 827 1896 a
863 1876 916 1909 pr.
954 1876 1004 1899 m.
1042 1862 1151 1897 Amb.
1180 1863 1235 1896 16.
1261 1860 1358 1894 servi
1382 1859 1486 1893 Vict.
1517 1861 1550 1894 l·
1580 1860 1677 1893 coni.

197 1912 331 1946 Lamb.
358 1910 446 1945 Sch.
474 1911 569 1943 Lim.
599 1910 797 1944 ORELLI.

293 1961 326 1995 3.
353 1958 620 1999 Hortensiana,
662 1958 886 1991 Lobschrift
920 1958 987 1991 auf
1020 1956 1258 1998 Hortensius,
1302 1967 1365 1989 um
1404 1955 1477 1988 den
1505 1966 1574 1988 von
1602 1955 1677 1988 ilnn

199 2010 384 2054 gehegten
414 2005 605 2040 Verdacht
642 2008 685 2047 (s.
713 2017 769 2050 ep.
797 2006 998 2044 LXXXIII,
1027 2007 1074 2047 8.)
1102 2005 1239 2038 wieder
1275 2011 1342 2049 gut
1366 2015 1410 2036 zu
1435 2004 1604 2036 macheu.
1634 2023 1677 2028 -

199 2059 350 2099 resugz,
375 2065 418 2088 ne
443 2068 492 2085 z
520 2054 640 2086 damit
664 2054 774 2087 nicht
801 2054 867 2086 od.
894 2054 1012 2098 suppl.
1042 2060 1282 2099 metuens-ne
1299 2078 1308 2093 ,
1350 2063 1413 2085 aus
1448 2052 1677 2095 Besorgniss‚

198 2106 263 2139 ich
292 2103 446 2137 mochte
470 2114 503 2136 ιι.
531 2114 560 2138 s.
586 2113 629 2135 w.
646 2120 690 2126 —-
717 2102 970 2146 intemperiem,
997 2103 1178 2143 Insolenz,
1206 2101 1431 2135 Ubermuth.
1459 2119 1503 2124 —
1532 2100 1678 2141 faciam

198 2154 396 2192 illustrem,
423 2152 461 2183 in
487 2151 588 2184 clara
615 2150 699 2183 luce
725 2163 871 2194 ponam.
918 2151 1028 2183 Siun:
1071 2151 1136 2183 ich
1163 2149 1290 2184 wurde
1318 2149 1446 2187 mich,
1488 2148 1679 2180 siirchtete

199 2201 278 2242 ich,
303 2201 395 2233 ietzt
420 2199 590 2233 vollends
615 2197 823 2232 lacherlich
850 2197 1033 2239 macheu,
1072 2210 1175 2231 wenn
1208 2198 1269 2231 ich
1295 2197 1414 2231 durch
1443 2196 1525 2228 eine
1552 2196 1679 2228 solche

199 2249 349 2284 schrift
382 2248 462 2280 sein
495 2259 541 2280 an
579 2247 652 2280 mir·
690 2248 918 2292 begangenes
953 2247 1122 2280 Unrccht
1165 2247 1206 2278 in
1247 2246 1307 2279 ein
1350 2243 1679 2278 vortlieilhafteres

198 2298 315 2333 Licht
350 2296 501 2336 stellen,
543 2295 621 2328 ihm
648 2295 757 2329 einen
784 2303 895 2340 guten
922 2295 1101 2327 Anstrich
1131 2295 1249 2339 geben
1278 2294 1416 2326 wollte.
1444 2310 1485 2317 ——
1521 2288 1677 2335 βαθύ-

200 2359 296 2388 της,
337 2355 462 2377 sensus
488 2343 646 2376 iniuriae
673 2344 745 2376 alta
773 2350 899 2376 mente
927 2350 1129 2387 conceptus
1155 2349 1193 2375 ot
1218 2343 1314 2375 male
1341 2340 1606 2376 dissimulatus.
1632 2358 1677 2364 —-

199 2395 238 2428 in
264 2394 428 2435 agendo,
471 2390 506 2423 in
545 2392 715 2425 oratione
749 2392 911 2437 quadam
937 2391 1088 2432 habita,
1131 2391 1168 2423 in
1196 2402 1268 2435 qua
1294 2390 1402 2422 ilhun
1427 2389 1582 2421 iniuriae
1607 2388 1679 2421 sibi

200 2443 246 2476 ab
273 2441 476 2475 Hortensio
502 2440 625 2472 sactae
650 2452 796 2474 sensum
822 2441 1053 2485 prodiderat.
1084 2439 1189 2473 SCM.
1218 2457 1258 2462 —
1293 2438 1342 2470 sit
1368 2436 1566 2479 oculatior,
1601 2448 1678 2468 ma-

200 2492 257 2536 gis
285 2490 481 2535 perspicue
508 2500 545 2520 se
577 2488 721 2532 prodat.
756 2507 800 2513 —-
851 2488 937 2532 aliq.
963 2488 1086 2528 salz'sf.
1122 2488 1146 2519 l.
1173 2486 1206 2519 Ιι.
1234 2486 1329 2527 υἱώ,
1369 2484 1466 2517 auch
1503 2485 1679 2530 besorgte

199 2539 284 2579 ich,
325 2549 361 2571 es
397 2535 550 2570 meichte
586 2547 652 2579 gar
686 2537 926 2580 leichtsinnig
961 2535 1139 2568 nussehen
1172 2534 1245 2566 und
1273 2533 1391 2575 wcnig
1415 2532 1589 2576 Achtung
1617 2534 1680 2565 fur

202 2587 303 2620 mich
329 2587 442 2619 selbst
468 2586 685 2626 voi-rathen,
720 2597 825 2618 wenn
854 2585 916 2617 ich
943 2584 1024 2617 ihm
1054 2584 1116 2616 sur
1144 2583 1218 2615 sein
1246 2581 1416 2617 Unrccht
1441 2581 1543 2613 noch
1569 2590 1679 2625 sogor

204 2636 282 2668 cine
310 2634 581 2678 Genugthuung
609 2634 726 2676 geben
755 2633 889 2666 wollte.

297 2685 329 2716 4.
377 2682 527 2715 Lucceio
560 2691 650 2714 nunc
685 2693 787 2724 quam
820 2681 915 2713 mist.
966 2680 1148 2713 Lucceius
1181 2680 1284 2712 hatte
1319 2677 1398 2711 ihm
1433 2677 1522 2710 aber
1563 2677 1678 2709 sehon

204 2731 342 2764 wieder
369 2730 500 2763 darauf
522 2735 778 2773 geantwortet.
837 2729 966 2762 Dieser
1000 2728 1106 2761 Brief
1139 2739 1237 2761 inuss-
1272 2727 1347 2759 also
1375 2725 1474 2759 wohl
1506 2736 1566 2757 nm
1592 2726 1676 2759 3ten

203 2779 284 2815 Mai
310 2777 559 2824 geschrieben
587 2779 674 2812 sein.
729 2776 764 2814 S.
794 2789 838 2811 zu
863 2777 968 2821 epist.
999 2778 1118 2811 CVlll
1146 2777 1186 2811 L.
1215 2775 1386 2812 Lucceio.
1414 2793 1457 2799 —
1485 2783 1581 2806 meas
1607 2783 1677 2812 res,
