1742 3006
188 111 249 159 36
471 110 532 152 Μ.
563 111 616 153 T.
651 110 992 154 CICERONIS
1023 111 1395 156 EPISTULAE.

189 224 486 280 oppugnat-W:
529 224 717 277 primum
761 221 845 262 hoc
885 223 1016 263 velim
1055 224 1304 272 existimes,
1347 221 1541 263 animum
1559 222 1679 263 —mihi

192 284 321 322 istum
361 286 480 321 tuum
512 279 796 320 vehementer
826 279 999 332 probari
1042 283 1083 319 et
1128 279 1367 320 fraternam
1400 279 1571 333 plenam
1601 278 1678 320 ltu—

189 337 412 377 manitatis
443 349 495 376 ac
526 335 700 389 pietatis
730 335 1021 375 voluntalem:
1063 336 1236 386 deinde,
1267 336 1302 375 si
1333 348 1419 389 qua
1446 347 1527 389 ego
1556 334 1602 374 in
1632 348 1680 375 re

189 394 319 433 fratri
350 397 424 432 tuo
456 392 520 432 rei
552 391 753 446 publicae
782 403 913 430 causa
945 391 1208 443 restiterim,
1238 396 1286 431 ut
1315 390 1424 431 mihi
1454 391 1677 445 ignoscas:

188 454 277 488 iam
321 449 434 487 enim
475 461 570 487 sum
612 447 779 487 amicus
821 447 887 485 rei
928 447 1150 500 publicae,
1201 461 1330 501 quam
1360 447 1435 501 qui
1473 447 1676 487 maxime.

189 504 237 545 Si
267 518 370 544 vero
401 516 545 544 meam
575 503 759 543 salutem
789 506 943 542 contra
974 502 1089 543 illius
1119 503 1328 557 impetum
1352 503 1396 542 in
1425 516 1496 543 me
1525 502 1679 542 crude-

187 560 402 600 lissimum
433 559 732 607 defenderi1n3
773 559 880 598 salis
907 558 1068 599 habeas
1105 558 1214 598 nihil
1255 572 1326 599 me
1363 558 1497 599 etiam
1534 561 1678 598 tecum

186 617 241 655 de
272 616 333 655 tui
365 615 518 656 fratris
545 615 708 655 iniuria
735 613 955 668 conqueri.
1023 613 1166 662 Quem
1205 627 1286 669 ego
1324 628 1455 668 quum
1502 626 1679 666 compe-

186 673 343 712 rissem
383 684 560 712 omnem
589 670 657 711 sui
682 670 929 710 tribunatus
960 675 1161 710 conatum
1192 669 1238 710 in
1265 683 1409 710 meam
1439 671 1681 724 perniciem

186 740 343 781 parare
373 731 501 781 atque
529 725 751 776 meditari,
782 726 851 778 egi
881 738 980 765 cum
1002 726 1204 778 Claudia,
1233 739 1370 766 uxore
1397 729 1487 777 tua,
1518 730 1561 766 et
1581 739 1680 766 cum

186 788 336 824 vestra
377 796 532 824 sorore
571 780 750 833 Mucia,
801 782 925 821 cuius
970 795 1076 836 erga
1123 795 1194 822 me
1242 781 1436 822 studium
1474 795 1554 834 pro
1594 781 1676 822 Cn.

188 839 397 893 Pompeii
434 837 762 880 necessitudine
804 837 953 877 multis
993 839 1040 880 in
1079 838 1208 878 rebus
1247 850 1581 891 perspexeram,
1630 840 1679 876 ut

190 909 287 935 eum
318 896 372 935 ab
402 895 478 935 illa
508 894 670 934 iniuria
699 893 989 934 deterrerent.
1060 894 1203 948 Atque
1242 894 1341 945 ille,
1381 893 1497 947 quod
1527 897 1571 933 te
1600 905 1677 932 au-

190 951 312 991 disse
343 954 465 991 cei-to
495 950 609 1006 scio,
640 948 786 1003 pridie
816 948 918 989 Kal.
950 950 1202 1001 Ianuarias⁷
1243 962 1328 1003 qua
1356 948 1519 988 iniuria
1547 962 1677 988 nemo

186 1019 374 1061 unquam
418 1007 463 1046 in
492 1005 646 1045 infimo
675 1006 934 1058 magistratu
967 1004 1320 1059 improbissimus
1350 1005 1461 1045 civis
1491 1005 1677 1046 affectus

194 1068 288 1114 est,
328 1075 382 1103 ea
409 1076 481 1102 me
510 1061 732 1102 consulem
762 1061 937 1112 affecit,
968 1075 1100 1114 quum
1132 1075 1222 1101 rem
1252 1060 1470 1113 publicam
1500 1073 1675 1100 conser-

188 1131 388 1170 vassem,
446 1121 576 1171 atque
620 1118 848 1157 abeuntem
889 1118 1150 1169 magistratu
1187 1115 1412 1157 concionis
1452 1115 1677 1156 habendae

187 1178 404 1229 potestate
433 1173 647 1227 privavit:
699 1173 822 1212 cuius
862 1172 1021 1212 iniuria
1060 1173 1168 1213 mihi
1197 1176 1344 1213 {amen
1373 1171 1531 1212 honori
1559 1185 1676 1211 sum-

189 1244 261 1271 mo
292 1231 387 1271 fuit.
442 1228 575 1280 Nam,
604 1242 736 1282 quum
766 1228 840 1268 ille
870 1227 981 1268 mihi
1011 1228 1134 1280 nihil,
1164 1229 1248 1268 nisi
1269 1233 1317 1268 ut
1338 1228 1547 1278 iurarem,
1577 1241 1675 1282 per-

190 1287 410 1336 mitteret,
441 1297 601 1338 magna
628 1297 737 1325 voce
766 1284 909 1324 iuravi
938 1284 1219 1325 verissimum
1249 1283 1678 1337 pulcherrimumque

187 1342 257 1384 ius
294 1340 551 1390 iurandum3
597 1340 716 1393 quod
754 1340 939 1394 populus
979 1340 1083 1380 item
1121 1353 1279 1392 magna
1317 1353 1427 1381 voce
1467 1353 1538 1380 me
1575 1352 1678 1381 vere

183 1519 291 1559 peto,
336 1518 385 1548 ut.
421 1514 504 1547 edd.
536 1516 634 1548 Crat.
667 1514 973 1560 Martyni-Lag.
1011 1515 1160 1550 Schiitz.
1187 1515 1275 1548 min.
1303 1513 1403 1548 ohne
1427 1518 1478 1551 ut.
1505 1531 1550 1541 —-
1575 1524 1680 1558 quam
1741 1524 1742 1544 ι

188 1564 249 1607 qui
274 1563 432 1596 maxime
456 1563 536 1596 scil.
566 1563 709 1596 amicus
735 1569 803 1600 est.
862 1564 898 1597 S.
925 1564 1082 1600 Ramsh.
1117 1563 1149 1606 ἕ.
1178 1564 1255 1598 156.
1294 1565 1325 1597 l.
1355 1562 1390 1595 d.
1422 1579 1469 1587 -·
1511 1562 1677 1605 salutem,
1738 1546 1742 1580 l

187 1612 390 1657 politische
416 1611 753 1654 Selbsterhaltung.
788 1629 834 1636 -
881 1612 974 1644 satis
999 1610 1152 1652 habeas,
1196 1623 1235 1644 so
1260 1610 1435 1643 kbnntest
1460 1610 1532 1652 Du,
1560 1610 1678 1644 dscht
1737 1581 1742 1689 1

187 1659 275 1702 ich,
317 1670 444 1704 genug
482 1659 596 1692 daran
624 1658 762 1696 haben,
808 1659 927 1692 damit
961 1659 1154 1692 zufrieden
1181 1660 1277 1700 sein,
1329 1658 1421 1692 dass.
1471 1660 1507 1692 S.
1542 1659 1677 1703 Zumpt

187 1708 222 1751 §-
251 1708 333 1742 590.
367 1724 413 1733 -
450 1706 624 1749 Claudia,
661 1708 815 1740 Metells
848 1707 1070 1750 Gemahlin,
1115 1707 1178 1739 die
1203 1707 1334 1740 &ueste
1359 1706 1569 1739 Schwester
1606 1718 1678 1740 von
1735 1693 1740 1777 ¹

188 1755 363 1794 Clodius,
417 1754 476 1788 die
502 1755 741 1799 beriichtigte
768 1754 1050 1796 Quadi-amaria.
1100 1755 1381 1801 Martyni-Lag.
1410 1754 1563 1788 Schiitz.
1588 1755 1675 1788 min.

189 1803 322 1837 Clodia
349 1810 479 1836 contra
505 1803 609 1837 Med.
639 1822 683 1828 -—
712 1803 853 1844 Mucia,
881 1804 1019 1836 damals
1045 1803 1144 1837 noch
1171 1804 1231 1836 die
1259 1803 1459 1836 Gemahlin
1484 1803 1548 1836 des
1566 1805 1677 1837 Pom-

186 1851 307 1897 peius,
334 1851 402 1884 der
427 1851 510 1884 sich
536 1851 708 1884 nachher
734 1862 803 1884 von
830 1852 890 1885 ihr
909 1851 1086 1884 scheiden
1112 1852 1210 1891 hess,
1237 1863 1312 1884 war
1329 1852 1412 1884 eine
1428 1851 1674 1885 Halbschwe-

189 1906 265 1933 ster
302 1900 368 1932 der
403 1899 539 1932 beiden
567 1899 743 1932 Meteller
776 1911 837 1932 aus
873 1901 978 1932 einer
1004 1900 1158 1933 zweiten
1184 1900 1265 1934 Ehe
1296 1900 1401 1933 ihrer
1426 1900 1572 1932 Mutter
1603 1900 1675 1933 mit

189 1949 313 1981 einem
346 1948 495 1980 Mucius
533 1947 718 1981 Scaevola.
769 1947 806 1980 S.
835 1948 881 1980 ad
908 1948 1022 1984 Attic.
1055 1951 1087 1990 l,
1116 1950 1159 1983 12
1184 1949 1273 1991 (16).
1321 1949 1397 1981 Dio
1418 1948 1474 1982 87.
1523 1948 1674 1981 Sueten.

187 1996 260 2031 Iul.
296 1998 354 2030 50.
393 2006 429 2028 u.
457 2007 484 2029 s.
513 1996 541 2030 f.
570 2014 615 2022 -
658 1996 918 2028 necessitudine
953 2007 1085 2041 nempe
1112 2008 1205 2029 mea.
1233 2014 1278 2022 --
1311 2006 1387 2029 eum
1412 1995 1457 2028 ab
1482 1995 1562 2032 illa.
1613 1996 1678 2029 Sic

188 2045 282 2078 cod.
317 2044 417 2077 Med.
455 2044 555 2077 illum
582 2045 626 2077 ab
652 2043 719 2076 illa
746 2043 791 2074 ed
819 2045 880 2078 Cr.
910 2045 1016 2077 illum
1050 2045 1093 2077 ab
1127 2055 1171 2077 ea
1195 2044 1494 2090 Martyni-Lag.
1522 2043 1675 2078 Schiitz.

184 2103 276 2125 211112.

282 2143 314 2174 7.
349 2140 424 2174 scio
451 2150 493 2172 ex
520 2139 683 2184 antiquo
710 2140 836 2183 suppl.
863 2140 946 2173 edd.
976 2141 1071 2177 Vict.
1102 2142 1133 2176 2.
1159 2141 1292 2174 Lamb.
1327 2141 1460 2174 Graev.
1490 2140 1672 2174 omissum

191 2188 230 2220 in
244 2187 350 2224 Med.
380 2205 425 2214 --
448 2188 550 2230 prid,
577 2188 662 2221 Kal.
688 2187 782 2229 lan„
812 2199 871 2220 am
897 2190 1074 2231 31.Dec.,
1102 2190 1188 2222 dem
1213 2189 1351 2222 letzten
1379 2188 1667 2233 Consulatstage.

187 2254 231 2261 —
259 2234 401 2276 infimo.
455 2235 515 2269 Sic
542 2235 677 2280 scripsi
703 2236 922 2269 coniectura
951 2240 1044 2271 mesi.
1104 2239 1162 2272 Cf.
1189 2238 1276 2273 Lib.
1305 2236 1391 2270 XII.
1417 2237 1485 2281 Ep.
1512 2237 1544 2270 4.
1572 2238 1671 2277 (793)

184 2283 380 2323 sedinfimo
394 2283 714 2328 quemquehonore.
742 2284 812 2316 Lib
840 2286 884 2323 X,
901 2286 944 2320 26
957 2286 1057 2327 (836)
1082 2284 1545 2327 magistratuslevissimiee
1557 2284 1670 2318 (lirul.

181 2332 377 2371 gatissz‘mi.
427 2332 467 2365 in
493 2332 614 2364 animo
631 2331 734 2366 Med.
753 2332 791 2365 in
811 2343 929 2366 annno
950 2333 1006 2366 ed.
1040 2336 1140 2369 Crat.
1155 2334 1251 2366 Vict.
1267 2335 1300 2368 l.
1335 2333 1372 2365 in
1408 2333 1557 2365 minimo
1580 2333 1608 2365 Ι.
1628 2334 1668 2370 F.

183 2380 347 2413 Gronov.
374 2391 468 2425 susp.
496 2380 630 2423 probb.
656 2381 769 2424 Beng.
806 2387 843 2413 et
869 2381 957 2414 Lan.
986 2382 1022 2413 in
1048 2382 1168 2424 aliquo
1196 2392 1239 2413 ex
1264 2380 1416 2424 antiqua
1442 2380 1544 2414 coni.
1571 2381 1669 2417 Edd.

182 2428 299 2473 Neap.
339 2430 422 2464 Asc.
451 2427 503 2467 (in
530 2429 668 2473 marg.)
705 2427 801 2460 Vict.
838 2430 873 2465 2,
915 2429 1007 2468 (hic
1044 2430 1233 2473 sapienter
1260 2430 1391 2465 cum*‚
1432 2429 1668 2473 corruptelae
1720 2444 1722 2465 y

185 2476 318 2520 signo)
354 2477 485 2512 Lamb.
512 2475 620 2520 Seqq.
682 2476 847 2509 Doberet
884 2488 961 2509 esse
995 2477 1031 2509 in
1057 2478 1146 2510 ullo.
1199 2476 1394 2511 ORELLI.
1423 2494 1467 2500 —-·
1502 2487 1665 2509 consero.
1720 2471 1721 2474 ¹

182 2524 302 2557 Nicht
328 2523 496 2569 Sprache
524 2525 590 2556 der
615 2524 818 2566 Eitelkeit3
861 2525 1017 2558 sondern
1045 2525 1385 2572 nothgedrungene
1411 2524 1664 2572 Erinnmung,
1718 2538 1719 2543 ¹

183 2573 251 2604 wie
277 2573 345 2604 oft.
381 2592 423 2597 —
451 2583 587 2614 magna
610 2583 707 2614 ¹soce,
733 2573 802 2605 mit
829 2574 917 2605 weit
942 2573 1322 2614 umherschallender,
1356 2573 1473 2606 lauter
1497 2573 1666 2610 stimme,
1718 2572 1719 2577 ¹

180 2620 348 2653 erinnert
382 2632 426 2653 an
460 2622 631 2654 Homer‘s
665 2618 759 2664 μέγα
791 2616 939 2664 βοήσας.
975 2639 1019 2645 —-
1046 2621 1102 2654 ius
1129 2622 1195 2653 iur.
1245 2622 1299 2654 Er
1325 2621 1472 2654 schwur
1497 2621 1666 2654 nzimlich
1716 2621 1718 2641 ⁸

176 2678 258 2700 rem
292 2669 484 2712 publicum
520 2675 632 2713 atque
666 2668 766 2701 hanc
804 2670 934 2701 urbem
960 2680 1024 2701 sua
1052 2669 1157 2702 unius
1183 2680 1296 2715 opera
1323 2680 1401 2701 esse
1426 2670 1574 2702 salvam.
1623 2668 1660 2701 S.
1714 2685 1716 2699 ι

175 2715 279 2749 Orat.
309 2717 347 2748 in
374 2717 500 2753 Pison.
528 2729 560 2749 c.
586 2719 622 2750 3.
655 2735 693 2740 -
724 2717 808 2748 item
834 2718 927 2749 nach
963 2717 1048 2749 edd.
1078 2719 1190 2761 Noap.
1218 2717 1319 2750 Vict.
1346 2718 1378 2752 2.
1405 2718 1535 2750 Lamb.
1562 2717 1660 2749 Mar>
1713 2719 1716 2730 ¹

172 2765 366 2808 tyni-Lag.
395 2772 484 2798 statt
508 2765 603 2798 idem
628 2764 662 2797 d.
689 2765 775 2796 edd.
807 2768 904 2800 Crat.
934 2767 1029 2800 Vict.
1063 2768 1090 2799 1.
1133 2765 1267 2798 Graev.
1295 2766 1441 2799 Ernest.
1470 2764 1662 2798 Benedici..
1711 2763 1714 2795 ὁ

173 2811 326 2845 schum.
355 2814 441 2847 min.
472 2825 555 2846 cnm
582 2812 672 2846 Cod.
701 2813 802 2846 Med.

1723 2292 1726 2333 ἓ
