1742 3006
494 89 806 135 EPISTOLA
841 93 1069 138 XXXIV.
1434 98 1520 145 163

56 205 125 246 De
153 217 303 257 muro,
333 202 437 259 quid
464 216 571 258 opus
599 203 682 256 sit,
720 202 905 245 videbis.
965 205 1283 248 Castricianum
1316 209 1517 251 mendum
1556 250 1563 261 .

54 274 135 302 nos
163 261 458 314 corrigemus:
497 262 541 300 et
565 262 710 300 tamen
739 259 797 300 ad
817 273 889 301 me
910 259 1101 309 Quintus
1134 262 1235 315 [cm]
1266 274 1391 306 ccmo
1421 276 1517 304 100.)

53 317 316 371 scripserat,
367 326 479 356 nunc
526 315 582 355 ad
634 327 831 356 sororem
881 319 999 356 tuam
1045 316 1223 362 HSxxx.
1308 320 1518 362 Terentia

52 373 134 412 tibi
173 372 355 413 salutem
392 369 514 410 dicit.
590 369 747 412 Cicero
783 371 865 411 tibi
911 372 1109 425 mandat,
1156 380 1203 416 ut
1238 377 1518 418 Aristodemo

54 428 170 469 idem
200 427 254 467 de
282 440 328 466 se
359 425 649 478 respondeas,
678 426 795 480 quod
825 426 880 468 de
909 426 1051 469 fratre
1079 442 1182 480 suo,
1222 433 1389 474 sororis
1418 437 1519 474 tuae

53 484 170 535 filio,
209 481 487 535 respondisti.
554 482 626 522 De
656 481 866 535 Ἀμαλθείᾳ
904 483 1020 537 quod
1058 498 1127 526 me
1163 485 1394 539 admones,
1435 502 1519 530 non

52 540 330 594 negligemus.
388 537 532 589 Cura,
562 541 608 578 ut
639 538 797 579 valeas.

326 709 643 752 EPISTULA
674 707 906 750 XXXIV.
966 710 1080 759 (ΛΗ,
1105 709 1164 752 11.
1188 712 1248 758 8.)

50 786 126 820 Ser¹
154 787 192 819 in
218 786 309 821 villa
334 795 452 831 prope
479 783 630 817 Antium
656 784 697 818 A.
724 784 766 817 υ.
795 784 836 820 c.
861 783 941 819 695.
968 794 1093 818 mense
1118 785 1253 831 Aprili.
1306 789 1353 830 (a.
1380 788 1420 823 c.
1447 790 1523 825 59.)

51 853 230 887 Amissam
263 852 377 886 Anici
411 850 608 896 epistolam
641 850 835 894 queritur,
880 861 1037 894 eamque
1069 858 1110 886 ut
1141 851 1210 885 sibi
1243 853 1305 886 ille
1340 854 1523 892 restituat,

50 902 168 946 petit3
203 901 332 940 simul,
366 899 456 945 quid
482 898 594 932 Curio
621 898 854 940 narraverit,
886 899 1016 933 refert.
1045 902 1075 934 l.
1125 901 1266 933 Itinera
1300 912 1370 946 per
1403 903 1523 940 viilas,

313 953 350 981 et
377 947 512 991 quibus
538 945 666 980 diebus
691 946 754 979 ubi
780 947 928 979 futurus
954 947 1019 990 sit,
1053 947 1201 981 indicat.
1229 950 1262 984 2.

558 1012 744 1048 CICERO
768 1012 948 1063 ATTICO
974 1012 1009 1047 S.

162 1084 412 1138 Epistolam
443 1096 574 1136 quum
603 1095 630 1122 a
658 1084 701 1123 te
731 1080 860 1123 avide
884 1086 1182 1137 exspectarem
1203 1082 1260 1124 ad
1280 1097 1525 1139 vesperum,

53 1143 101 1181 ut
126 1141 270 1190 sole03
299 1153 402 1181 ecce
430 1138 511 1179 tibi
540 1137 717 1178 nuntius
747 1151 903 1192 pueros
942 1139 1116 1180 venisse
1159 1139 1315 1182 Roma.
1383 1140 1524 1191 Voco,

52 1209 242 1250 quaero,
286 1194 445 1250 ecquid
485 1192 741 1235 literarum?
781 1193 966 1247 Negant.
1032 1194 1153 1244 Quid
1193 1194 1285 1247 ais,
1334 1195 1526 1250 inquam,

54 1251 220 1292 nihilne
249 1264 276 1292 a
303 1250 579 1305 Pomponio?
617 1249 859 1290 Fen-territi
881 1263 990 1292 voce
1010 1254 1055 1291 et
1070 1252 1193 1292 vultu
1213 1250 1405 1292 confessi
1427 1258 1527 1292 sunt

55 1320 101 1347 se
130 1307 378 1361 accepisse,
419 1306 497 1346 sed
528 1304 750 1346 excidisse
787 1306 831 1345 in
871 1306 955 1347 via.
1014 1306 1137 1355 Quid
1176 1307 1375 1360 quaeris?
1419 1307 1526 1348 Per‹

56 1364 242 1403 moleste
271 1363 364 1404 tuli.
423 1361 559 1402 Nulla
588 1360 703 1400 enim
733 1361 808 1401 abs
838 1364 882 1401 {e
911 1374 989 1414 per
1017 1361 1096 1402 hos
1116 1361 1210 1403 (lies
1235 1361 1420 1414 epistola
1438 1363 1528 1403 ina=

55 1419 122 1458 nis
150 1419 297 1472 aliqua
326 1431 373 1458 re
403 1417 501 1458 utili
532 1421 574 1457 et
604 1415 727 1456 suavi
757 1421 946 1457 venerat.
1005 1417 1158 1469 Nunc,
1199 1417 1237 1457 si
1266 1419 1370 1470 quid
1402 1419 1446 1459 in
1478 1432 1529 1459 ea

55 1475 265 1527 epistola,
309 1486 440 1527 quam
481 1476 579 1513 ante
618 1471 735 1511 diem
777 1472 909 1512 XVI.
940 1471 1038 1514 Kal.
1070 1473 1176 1514 Mai.
1217 1472 1405 1526 dedisti,
1446 1474 1530 1514 fuit

55 1529 243 1570 historia
272 1529 474 1582 dignum,
505 1526 648 1568 scribe
678 1528 1028 1582 quamprimum,
1068 1542 1121 1570 ne
1148 1530 1422 1583 ignoremus:
1463 1531 1530 1571 sin

147 1647 180 1681 5.
207 1646 251 1679 de
274 1656 388 1679 muro.
417 1646 451 1679 S.
471 1656 529 1691 ep.
549 1646 606 1686 29,
627 1646 658 1678 7.
679 1645 737 1683 32,
765 1644 787 1678 2
814 1655 899 1691 geg.
922 1645 1020 1678 End.
1046 1664 1093 1670 —
1120 1644 1387 1681 Castricianum
1412 1650 1529 1683 mend.

54 1694 108 1729 M.
140 1694 341 1727 Castricius
367 1704 447 1726 wax·
483 1693 543 1726 ein
578 1690 801 1727 Rssmischex·
831 1694 955 1726 Ritter
990 1693 1067 1726 und
1099 1693 1378 1735 Goldh'zindler,
1416 1697 1531 1730 Geld-

54 1741 265 1784 verleiher‚
292 1743 331 1774 in
356 1740 488 1781 Asien,
515 1740 583 1774 mit
610 1739 794 1773 welchem
821 1739 860 1780 Q.
889 1741 1022 1775 Cicero
1041 1751 1177 1788 wegen
1231 1741 1405 1777 ekaufter
1426 1745 1530 1777 Skla—

55 1801 120 1822 ven
154 1790 192 1823 in
224 1789 436 1837 Rechnung
472 1788 589 1822 stand.
627 1787 663 1823 S.
701 1787 746 1821 ad
771 1787 887 1823 Attio.
912 1788 993 1831 XII,
1017 1790 1075 1830 28,
1100 1790 1160 1825 30.
1231 1796 1297 1823 rat.
1324 1793 1430 1825 Verr.
1459 1792 1530 1827 111,

57 1839 100 1873 78
127 1838 202 1871 und
230 1838 332 1871 Orat.
359 1848 430 1881 pro
456 1837 578 1870 Flacc.
604 1846 639 1872 c.
666 1835 723 1870 25.
750 1837 810 1870 30.
859 1836 902 1869 In
928 1836 1055 1870 dessen
1079 1835 1340 1885 Rechnungen
1365 1851 1443 1872 war
1468 1841 1529 1873 ein

55 1886 205 1920 Fehler.
243 1904 284 1910 -—
322 1885 408 1930 [cm]
447 1886 558 1918 Hunc
599 1893 801 1916 numerum
840 1884 994 1920 inclusit
1035 1885 1184 1918 Ernest.
1220 1886 1340 1920 delev.
1373 1886 1526 1921 Sch‘utz.

57 1943 151 1966 ccmo
177 1943 233 1965 mo
269 1947 316 1964 z
355 1932 569 1976 quindecim
607 1931 749 1970 millia,
786 1932 928 1971 35.000,
959 1931 1057 1965 nach
1092 1932 1213 1966 Orelli
1251 1944 1458 1968 commune.
1484 1954 1531 1960 —

57 1982 253 2025 scripserat
279 1992 324 2014 ex
349 1981 434 2013 Asia
459 1979 670 2025 provincia.
704 1978 884 2013 HSXXX
914 1994 964 2011 z
994 1981 1126 2022 30,000
1151 1980 1366 2016 Sestertien.
1393 2001 1440 2008 —
1473 1984 1532 2018 Gi-

57 2040 162 2070 cero,
188 2029 288 2062 filius
315 2039 419 2062 meus
445 2027 539 2069 (sein
566 2027 735 2073 einnger
761 2026 882 2069 Sohn,
909 2027 1051 2061 damals
1067 2029 1128 2061 ein
1147 2029 1275 2062 Knabe
1302 2040 1374 2063 von
1398 2032 1421 2066 6
1445 2030 1533 2064 Iah-

57 2087 132 2110 ren.
158 2076 196 2112 S,
221 2087 283 2120 ep.
310 2077 374 2111 XI.
408 2076 458 2108 im
491 2076 607 2117 ΑΜ.)
635 2094 679 2099 -
713 2076 945 2118 respondeas,
978 2077 1186 2121 promittas.
1216 2096 1256 2102 -—-
1289 2078 1444 2119 fratre,
1469 2090 1534 2124 pa-

56 2125 196 2164 truele,
222 2123 349 2165 Quinti
375 2124 567 2158 Ciceronis
594 2122 688 2158 filio.
740 2124 809 2157 Die
831 2123 934 2156 Rede
954 2123 999 2157 ist
1018 2134 1092 2157 von
1118 2123 1240 2157 einem
1261 2125 1532 2160 Griechischen

56 2171 350 2217 Sprachlehrer,
392 2171 451 2205 bei
491 2170 676 2205 welchem
716 2171 776 2204 die
823 2171 955 2204 beiden
997 2170 1149 2205 kleinen
1183 2172 1367 2206 Cicerone
1401 2174 1438 2207 in
1474 2175 1533 2207 die

56 2219 194 2253 Schule
222 2218 344 2267 gehen
373 2220 518 2253 sollten.
546 2238 589 2243 —
612 2217 819 2264 Ἀμαλθείᾳ.
847 2219 990 2253 Graece
1018 2219 1170 2265 scripsi,
1198 2221 1282 2265 quia
1311 2222 1388 2255 Md.
1416 2223 1532 2257 Oxon.

57 2269 90 2302 2.
119 2266 330 2301 Amaltheia
355 2266 442 2301 hab.
470 2265 667 2301 Amalthea
696 2269 789 2301 Cett.
820 2266 1015 2301 ORELLI.
1057 2259 1157 2301 Uber
1175 2268 1270 2303 diess
1287 2270 1536 2315 Gymnasium

59 2315 119 2349 des
146 2314 278 2349 Cicero
305 2328 330 2349 s.
359 2325 414 2360 ep.
443 2315 574 2354 XXVI,
603 2317 657 2349 10.

151 2385 182 2418 1.
209 2394 288 2417 ecce
321 2383 400 2418 tihi.
453 2375 554 2417 Uber
586 2383 649 2417 das
683 2385 867 2428 pleonast.
896 2383 962 2416 tibi
987 2383 1053 2416 der
1085 2382 1334 2418 Theilnahme
1366 2384 1441 2417 und
1477 2384 1534 2417 bei

60 2439 139 2462 ecce
164 2443 190 2464 s.
215 2432 362 2466 Ramsh.
391 2432 424 2475 ὓ.
454 2432 531 2465 119.
561 2432 641 2473 125,
668 2433 699 2467 2.
727 2433 884 2478 „Gn-oter.
917 2432 954 2475 ὃ.
982 2433 1060 2467 252.
1088 2450 1129 2457 --
1165 2434 1308 2466 nuntius
1342 2431 1437 2465 mihi
1473 2432 1536 2465 ad-

59 2477 204 2517 fertur,
236 2479 332 2513 wird
358 2480 433 2513 mir
461 2479 658 2525 gemeldet.
718 2480 822 2513 Uber
847 2480 919 2512 den
950 2490 1070 2513 accus.
1103 2491 1135 2514 c.
1173 2480 1280 2515 infin.
1320 2492 1348 2512 s.
1386 2479 1535 2512 Ramsh,

60 2524 92 2566 §.
122 2526 203 2561 160.
229 2526 264 2567 3,
291 2527 325 2561 4.
355 2528 504 2562 Grotef.
533 2526 565 2568 ἓ.
590 2528 671 2562 308.
699 2546 743 2553 -
772 2537 920 2570 pueros,
957 2527 995 2560 in
1031 2527 1171 2561 seinem
1205 2528 1323 2561 Hause
1350 2527 1537 2571 geborene

58 2571 233 2605 Sklaven.
261 2592 304 2598 —
329 2574 465 2608 nihilne
492 2575 705 2617 literarum,
732 2576 819 2609 kein
847 2575 981 2610 Brief?
1010 2593 1053 2600 ——
1078 2585 1165 2607 voce
1191 2578 1222 2606 el
1250 2574 1346 2607 vultu
1371 2585 1465 2608 meo.
1494 2593 1532 2600 —-

60 2619 240 2662 accepisse
274 2622 420 2664 literas,
454 2623 518 2656 sed
550 2633 607 2656 eas
645 2624 761 2656 ewcz'sl.
793 2630 863 2656 cet.
897 2641 944 2648 ——-
983 2623 1076 2658 Quid
1112 2621 1282 2665 quaeris?
1320 2622 1370 2655 Es
1407 2622 1540 2656 bedarf

61 2665 190 2700 keiner
215 2669 357 2715 Frage3
383 2670 481 2703 ohne
508 2673 648 2716 Frage,
685 2671 863 2712 Z=veif013
899 2671 1042 2716 gewiss.
1071 2689 1113 2694 -
1142 2674 1222 2702 ame
1249 2670 1282 2705 d.
1312 2669 1420 2703 XVI.
1451 2670 1536 2703 Kal.

0 2721 2 2763 ss
61 2714 173 2756 Mai„
201 2727 286 2749 vom
318 2717 423 2751 15ten
450 2711 639 2761 April.'-—
667 2718 822 2752 historia
849 2720 999 2760 (lignum
1026 2731 1074 2747 z
1102 2716 1256 2762 cognitu
1283 2717 1459 2763 dig-num,
1486 2730 1539 2750 se-

0 2783 2 2786 ·
60 2761 176 2802 rium,
205 2775 344 2808 grave.
383 2766 434 2798 im
471 2767 633 2812 GegenS.
672 2777 745 2800 von
778 2768 966 2806 iocosum,
1005 2765 1098 2797 leve.
1134 2783 1178 2787 —-
1212 2765 1266 2797 sin
1303 2765 1396 2798 m'ltz'l
1428 2766 1464 2797 in
1498 2777 1537 2797 ea

1050 2814 1143 2856 21*
