1742 3006
87 41 117 86 6
352 28 426 87 Μ.
457 44 513 89 Τ.
546 45 887 91 ciCERONis
918 47 1292 92 EPISTOLAE.

85 156 218 208 capta
245 159 375 196 esset.
435 156 491 197 Id
519 156 793 199 mirabamur
822 161 865 199 te
908 160 1138 215 ignorare,
1177 161 1235 201 de
1275 160 1419 202 tutela
1457 161 1568 217 legi-

88 211 222 263 tima,
261 211 307 250 in
346 224 435 265 qua
478 212 651 254 dicitur
679 227 775 255 esse
815 216 997 268 puella,
1041 215 1154 257 nihil
1199 217 1383 270 usucapi
1421 229 1566 271 posse.

88 267 370 320 Epiroticam
408 269 677 322 emptionem
717 269 891 325 gaudeo
931 272 1014 312 tibi
1054 273 1249 326 placere.
1316 271 1444 322 Quae
1485 274 1568 315 tibi

87 321 294 363 mandavi
324 326 370 362 et
398 336 512 376 quae
533 329 582 365 tu
603 325 831 380 intelliges
852 327 1091 368 convenire
1115 332 1269 369 nostro
1293 328 1568 380 Tusculano,

86 378 249 429 velim,
280 382 328 418 ut
357 379 541 432 scribis,
581 393 735 431 cures,
774 382 892 436 quod
921 383 1019 424 sine
1058 384 1266 424 molestia
1305 388 1381 424 tua
1419 383 1568 425 facere

88 433 269 486 poteris.
328 431 443 474 Nam
472 447 552 476 nos
581 449 639 476 ex
669 438 872 479 omnibus
900 439 1121 480 molestiis
1151 443 1198 480 et
1226 439 1452 480 laboribus
1482 454 1568 481 uno

88 489 170 529 illo
202 489 246 527 in
278 489 379 529 loco
409 492 778 545 conquiescimus.
837 493 894 543 Q.
935 493 1122 535 fratrem
1162 495 1366 549 quotidie
1406 509 1566 550 exspe-

86 549 272 584 ctamus.
331 544 551 588 Terentia
579 561 763 602 magnos
792 550 1089 591 articulorum
1119 550 1301 591 dolores
1331 550 1490 603 habet,
1520 556 1566 592 et

88 605 130 639 te
161 604 206 639 ot
234 612 432 640 sororem
464 606 584 643 tuam
614 609 658 644 et
686 609 874 646 matrem
894 606 1090 647 maxime
1112 606 1268 659 diligit
1286 607 1565 661 salutemque

87 655 169 694 tibi
210 655 446 708 plurimam
493 658 715 700 adscribit
755 665 800 702 et
839 661 1071 713 Tulliola,
1127 661 1322 702 deliciae
1371 667 1563 703 nostrae.

86 710 228 762 Cura,
258 716 306 752 ut
335 712 486 753 valeas
515 718 561 755 et
590 728 671 757 nos
702 728 848 767 ames;
877 721 923 758 et
951 718 1035 758 tibi
1067 716 1337 772 persuadeas
1365 722 1410 759 te
1440 731 1467 759 a
1495 733 1564 759 me

86 765 282 808 fraterne
311 769 467 811 amari.

443 886 764 930 EPISTOLA
793 888 855 930 11.
925 888 1040 939 (Att.
1074 888 1107 928 1.
1139 889 1202 939 6.)

551 961 630 996 Ser.
660 963 803 995 Romae
829 961 959 995 eodem
986 973 1093 995 anno.

86 1025 338 1070 Epistolarum
357 1026 587 1074 diligentiam
605 1029 795 1074 promittit
828 1036 867 1063 et
900 1029 1039 1075 poscit.
1085 1028 1133 1062 de
1167 1028 1279 1062 domo
1314 1029 1518 1063 Rabiriaua
1545 1041 1565 1063 a

84 1074 242 1107 Fonteio
277 1082 415 1120 empta.
452 1080 485 1113 1.
525 1079 571 1123 Q
613 1079 742 1111 fratris
787 1078 955 1111 animum
991 1077 1101 1111 uxori
1146 1078 1431 1111 reconciliatum
1467 1089 1564 1118 esse,

84 1127 228 1166 patrem
255 1123 453 1158 decessisse
478 1133 631 1165 narrat3
666 1132 887 1160 ornamenta
913 1125 1125 1159 Tusculano
1150 1132 1191 1158 ut
1219 1132 1340 1167 curet,
1367 1132 1502 1170 rogat,
1529 1133 1565 1159 et

392 1178 453 1216 ut,
497 1174 586 1220 quid
615 1180 721 1219 agat,
763 1185 801 1207 se
835 1174 1037 1208 certiorem
1084 1174 1216 1207 faciat.
1243 1176 1277 1210 2.

592 1242 780 1277 CICERO
805 1241 986 1277 ATTICO
1011 1240 1048 1276 S.

189 1284 290 1326 Non
322 1288 600 1330 committam
630 1289 845 1345 posthac,
892 1293 940 1336 ut
968 1303 1039 1331 me
1069 1303 1281 1341 accusare
1312 1290 1369 1331 de
1398 1290 1564 1345 episto-

83 1340 224 1381 larum
254 1342 530 1397 negligentia
559 1347 717 1400 possis.
777 1347 849 1388 Tu
879 1345 1013 1386 modo
1042 1345 1212 1398 videto,
1241 1346 1288 1387 in
1315 1350 1440 1388 tanto
1470 1347 1565 1388 otio

78 1498 162 1530 Asc.
193 1498 223 1531 1.
252 1499 350 1534 crat.
378 1499 450 1534 und
474 1501 605 1535 Lamb.
633 1513 667 1535 v.
694 1499 804 1535 Iahre
831 1500 924 1536 1566
948 1499 1138 1534 laboraret
1162 1497 1325 1533 namlich
1352 1497 1503 1533 Tadius.
1520 1519 1561 1525 —

79 1549 271 1589 asumma,
298 1548 387 1582 weil
413 1548 509 1582 diess
535 1549 630 1582 Erbe
657 1549 721 1581 des
755 1549 961 1582 bewussten
987 1547 1198 1581 Msdchens
1233 1545 1418 1589 verifihrt,
1452 1547 1488 1580 d.
1523 1549 1562 1582 h.

80 1592 202 1626 durch
228 1594 385 1639 langern
419 1596 497 1630 und
531 1600 772 1641 nngestorten
799 1596 922 1629 Besitz
948 1606 1030 1628 zum
1056 1594 1308 1640 Eigentbume
1335 1594 1398 1627 des
1418 1595 1563 1630 Tadius

78 1641 280 1684 geworden
307 1646 418 1677 ware.
465 1643 502 1678 S.
529 1646 676 1691 Ulpian.
703 1645 740 1678 in
766 1646 915 1688 Fragm.
941 1644 1002 1676 tit.
1029 1645 1094 1678 19:
1136 1642 1354 1688 „Usucapio
1373 1649 1430 1676 est
1447 1643 1562 1689 adep-

78 1690 135 1722 tio
162 1689 321 1724 dominii
349 1703 415 1737 per
441 1693 762 1726 continuationem
794 1691 1037 1738 possessionis
1062 1691 1150 1725 anni
1184 1690 1243 1724 vel
1282 1690 1422 1724 biennii
1459 1693 1563 1726 etc.“

79 1739 259 1782 temporis
294 1739 439 1773 definiti
472 1740 648 1774 Pandect.
683 1741 765 1780 XL,
792 1742 834 1779 3,
867 1741 899 1775 3.
936 1741 1042 1782 XLI,
1080 1741 1117 1781 9,
1148 1740 1177 1774 1.
1208 1740 1285 1772 Cic.
1313 1738 1359 1772 de
1384 1740 1499 1784 Legg.
1528 1741 1561 1782 I,

78 1787 134 1819 21.
166 1805 207 1810 ——
234 1787 276 1820 de
300 1790 365 1824 lul.
393 1789 466 1830 leg.
486 1812 517 1822 ..
556 1789 653 1823 m'lzil
688 1800 751 1822 usu
779 1788 861 1833 capi
890 1798 1020 1831 posse,
1066 1787 1146 1821 dass
1187 1787 1336 1820 Rechte
1370 1788 1446 1821 und
1485 1791 1560 1822 An-

75 1834 240 1876 spriiche
281 1836 383 1869 einer
415 1843 522 1870 unter
555 1837 804 1882 gesetzlicher
841 1834 1164 1870 Vormundschaft
1189 1835 1395 1869 stehender.
1422 1836 1558 1870 Person

77 1880 215 1916 Nichts
253 1884 450 1917 veriiihren
494 1885 640 1926 Minue,
674 1884 831 1918 sondern
864 1885 930 1917 der
961 1883 1150 1917 verizihrte
1182 1883 1415 1917 Besitzstand
1449 1883 1561 1918 dabei

78 1929 175 1962 ohne
201 1931 446 1966 Rechtskraft
473 1933 535 1966 sei.
586 1934 657 1966 Die
684 1934 834 1978 Prfipos.
870 1932 912 1965 de
949 1932 1088 1965 druckt
1122 1931 1204 1964 eine
1243 1931 1558 1976 Vei-minderung,

74 1977 339 2025 Sclimiilerung
363 1993 437 2016 ans.
488 1981 651 2023 Attilam,
678 1982 745 2014 der
770 1980 922 2021 eiusab,
957 1981 1039 2013 dass
1067 1980 1202 2013 Cicero
1229 1979 1314 2013 sich
1340 1980 1411 2014 mit
1435 1981 1561 2015 Reeht

75 2027 309 2061 verwundert
349 2029 469 2073 hatte,
509 2030 641 2074 schlug
668 2029 862 2074 spaterhin
898 2028 1003 2061 einen
1029 2027 1219 2072 giitlichen
1248 2028 1451 2073 Vergleicli
1477 2039 1560 2070 vor,

74 2072 143 2107 deu
172 2075 310 2110 Tadius
336 2078 403 2110 mit
429 2078 594 2111 Freudeu
622 2077 795 2111 annahm.
845 2078 881 2110 S.
907 2076 977 2122 Ep.
1006 2077 1052 2108 ud
1076 2075 1192 2108 Attic.
1223 2077 1257 2118 I,
1292 2077 1335 2118 8,
1368 2077 1392 2111 3
1426 2077 1476 2119 (4,
1507 2077 1557 2117 3).

169 2124 204 2158 7·
233 2135 269 2160 u.
296 2126 331 2160 8.
382 2125 607 2169 Epiroticam
633 2129 738 2168 empt.
778 2124 936 2164 Attikus,
963 2124 1029 2157 der
1054 2133 1182 2167 grosse
1206 2123 1278 2156 und
1304 2124 1559 2169 eintri-igliche

73 2169 199 2204 Giiter
239 2173 298 2205 bei
333 2172 399 2207 der
439 2185 511 2208 von
546 2174 613 2207 den
644 2175 808 2206 R‘csmern
840 2173 1018 2206 erbauten
1051 2171 1157 2205 stadt
1190 2172 1419 2207 Buthrotum
1451 2173 1559 2213 (ietzt

71 2219 261 2263 Butrinto)
308 2220 345 2254 in
379 2222 512 2269 Epirus
551 2221 765 2263 (Paschalik
799 2221 941 2261 lanina)
982 2220 1124 2259 besass,
1167 2219 1294 2252 kaufte
1334 2221 1414 2254 also
1455 2219 1558 2254 noch

71 2266 208 2300 immer
233 2269 409 2303 mehrere
434 2271 541 2304 dazu.
592 2270 626 2304 S.
655 2270 799 2302 Coi-uel¹
835 2269 872 2302 in
905 2268 1019 2301 Attio.
1047 2269 1122 2301 vita
1157 2280 1188 2300 c.
1220 2269 1282 2310 14,
1317 2270 1350 2305 3.
1399 2270 1443 2304 T.
1477 2269 1557 2302 Cic.

71 2315 118 2347 de
143 2316 254 2364 Legg.
283 2318 342 2359 11,
375 2320 418 2360 3,
454 2322 487 2354 7.
515 2337 558 2344 —
593 2319 685 2362 quod
718 2331 766 2348 :z
804 2329 844 2350 so
871 2316 957 2352 viel.
1010 2320 1166 2359 ezspect.
1194 2316 1324 2350 Lamb.
1365 2315 1453 2352 Sch.
1489 2326 1556 2359 quo

62 2364 228 2403 fratrem
254 2376 284 2409 q.
334 2371 580 2410 exspectamus
628 2366 786 2399 iunctim
837 2375 924 2398 cum
963 2364 1162 2409 prioribus.
1193 2364 1308 2398 ERN.
1338 2383 1380 2390 —-
1408 2363 1554 2407 conqui-

71 2412 244 2455 escimus,
281 2414 370 2447 Cod.
406 2414 508 2448 Med.
543 2426 564 2447 a
590 2426 638 2448 m.
671 2426 724 2459 pr.
758 2413 1060 2456 conquiescemus.
1089 2430 1130 2436 —
1157 2411 1357 2455 adscribit,
1391 2411 1554 2446 adscribi

70 2458 192 2501 iubet,
226 2460 338 2495 addit.
366 2480 408 2486 ——
438 2467 470 2495 ιἸ
497 2476 545 2493 z
571 2462 688 2503 anch,
723 2461 945 2505 gleichfalls.
1001 2459 1050 2493 So
1076 2471 1133 2506 ep.
1167 2460 1213 2492 ad
1240 2460 1352 2493 Attic.
1382 2459 1472 2501 V11,
1509 2461 1556 2494 26

69 2508 138 2539 sub
165 2509 247 2541 sinn:
286 2511 443 2552 „Nunc‚
480 2517 521 2544 ut
546 2511 672 2548 video,
706 2510 810 2554 pueri
841 2515 942 2542 certe
975 2509 1012 2542 in
1042 2507 1245 2542 Formiano
1271 2508 1448 2540 videntur
1474 2507 1556 2541 hie-

71 2558 226 2588 maturi:
263 2569 349 2590 num
383 2563 416 2592 ee
454 2568 542 2603 ego,
577 2559 748 2591 nescio.“
805 2558 850 2590 de
885 2558 969 2590 Nat.
1004 2558 1117 2590 Deor.
1159 2556 1238 2598 111,
1275 2557 1336 2590 11:
1370 2556 1450 2600 „1:51
1484 2565 1552 2599 ego

69 2614 227 2647 quaero,
256 2607 353 2638 unde
381 2607 588 2641 orationem
613 2606 711 2640 etc.“

169 2688 194 2718 1,
226 2686 304 2719 Non
331 2686 567 2729 committam,
594 2689 630 2718 ul
657 2691 745 2726 cet„
774 2686 836 2719 ich
864 2685 987 2718 werde
1015 2696 1050 2717 es
1078 2684 1183 2716 nicht
1198 2682 1340 2715 wieder
1360 2680 1552 2718 ven-sehon,

71 2732 185 2766 <lubin
215 2734 388 2768 lmmmen
415 2735 547 2775 lassam,
575 2733 654 2767 dass
676 2745 708 2767 ιι.
731 2745 757 2768 s,
777 2735 802 2767 f.
855 2734 925 2767 Dic
945 2733 1054 2770 Coni.
1074 2733 1143 2766 mit
1159 2730 1276 2765 ihrem
1293 2729 1400 2763 Satze
1418 2729 1550 2764 druclat
