1742 3006
129 61 192 110 SC»
415 62 479 106 M.
509 63 564 104 T.
598 60 938 104 CICERONIS
969 60 1345 104 EPISTOLAE.

128 187 255 228 sens,
285 179 431 216 tamen
465 174 671 215 voluntas
709 172 844 214 etiam
873 178 1006 228 atque
1039 175 1176 214 etiam
1205 174 1304 228 ipsa
1332 186 1402 214 me
1434 172 1608 216 deficit.

131 231 263 284 Nam,
292 236 341 272 ut
370 244 422 273 ea
452 229 664 281 breviter,
694 241 806 283 quae
825 234 926 283 post
955 236 1076 269 tuum
1096 229 1341 270 discessum
1370 234 1474 270 acta
1494 234 1612 282 sunt,

134 287 364 341 colligam,
402 287 489 326 iam
519 285 745 326 exclames
776 298 956 326 necesse
987 288 1055 325 est
1084 299 1153 325 res
1184 285 1412 326 Romanas
1443 285 1612 326 diutius

135 348 255 384 stare
285 354 372 382 non
402 354 546 395 posse.
604 340 809 392 Etenim,
853 345 954 394 post
992 339 1315 394 profectionem
1347 345 1492 393 tuam,
1522 342 1614 396 pri-

138 412 248 450 mus,
278 402 328 437 ut
358 397 543 451 opinor,
574 397 787 437 introitus
817 394 903 436 suit
933 396 978 435 in
1009 409 1186 436 eausam
1217 397 1397 437 fabulae
1426 396 1614 438 Clodia-

137 467 234 502 nae3
265 453 309 492 in
341 466 427 506 qua
457 466 541 507 ego
569 455 741 502 nactus,
775 455 822 492 ut
850 450 964 492 mihi
994 451 1193 505 videbar,
1231 453 1380 493 locum
1410 465 1616 493 resecan-

138 509 222 549 dae
254 507 460 548 libidinis
500 513 543 548 et
585 506 860 548 coercendae
890 508 1156 558 iuventutis,
1197 507 1437 550 vehemens
1477 507 1543 549 fui
1573 513 1620 550 et

140 577 292 605 omnes
322 563 505 617 profudi
534 563 654 603 vires
700 562 838 603 animi
869 567 1002 616 atque
1031 564 1201 616 ingenii
1232 565 1344 613 mei,
1384 577 1470 604 non
1511 563 1619 605 odio

141 619 362 661 adductus
392 619 598 670 alicuius,
629 618 707 659 sed
737 632 814 672 spe
845 618 1120 672 reipublicae
1152 619 1445 673 corrigendae
1475 624 1521 660 et
1550 633 1620 662 sa-

142 675 313 716 nandae
353 674 569 716 civitatis.
629 673 817 716 Afflicta
858 674 1113 728 respublica
1141 678 1210 715 est
1248 679 1396 730 empto
1440 680 1620 716 constu-

142 736 360 786 pratoque
411 730 596 770 iudicio.
666 729 810 781 Vide,
862 743 975 783 quae
1023 730 1114 771 sint
1162 733 1319 784 postea
1366 735 1619 772 consecuta.

142 787 312 827 Consul
350 790 418 826 est
446 785 683 839 impositus
721 786 761 826 is
801 786 952 838 nobis,
991 798 1122 840 quem
1161 799 1291 827 nemo
1320 791 1501 840 praeter
1540 801 1622 829 nos

143 840 439 896 philosophos
488 841 721 896 adspicere
771 840 868 882 sine
917 841 1132 895 suspiritu
1171 842 1328 895 possit.
1397 842 1626 892 Quantum

145 896 235 939 hoc
262 897 454 939 vulnus?
493 896 616 938 facto
656 899 836 938 senatus
876 897 1082 938 consulto
1113 896 1169 938 de
1206 897 1390 951 ambitu,
1420 898 1476 940 de
1504 899 1624 940 iudi-

148 1018 179 1050 1.
206 1015 290 1059 ipsa
315 1014 533 1048 medicinam
558 1013 708 1057 effugit,
746 1020 788 1048 ut
824 1014 899 1048 iam
925 1015 1077 1060 Malasp.
1112 1026 1156 1049 ex
1181 1021 1291 1060 parte
1313 1014 1506 1058 voluerat,
1542 1016 1627 1049 Bos.

148 1063 284 1098 Graev.
319 1062 471 1097 Ernest.
500 1063 666 1105 effugere
692 1069 815 1096 autem
840 1062 914 1097 hoc
939 1063 1155 1112 significatu
1179 1063 1245 1096 vix
1270 1069 1440 1097 rectum:
1474 1063 1630 1097 deberet

149 1122 227 1146 esse
260 1110 449 1152 defugere.
484 1131 526 1137 -—
564 1114 680 1142 tamen
709 1114 743 1143 et
769 1111 846 1144 iarn
872 1115 976 1154 atque
1009 1112 1116 1144 eliam
1140 1111 1221 1154 ipsa
1254 1111 1468 1144 medicinam
1494 1112 1630 1154 effugit

150 1159 232 1193 scil.
260 1169 319 1191 res
345 1157 506 1203 publica,
532 1157 688 1191 Graevii
701 1170 799 1204 susp.
827 1163 943 1192 tamen
970 1169 998 1196 e,
1026 1169 1060 1192 a.
1089 1170 1118 1193 e.
1146 1160 1262 1202 ipsam
1282 1159 1498 1193 medicinam
1523 1160 1630 1201 resu-

149 1207 209 1250 git
240 1205 323 1240 scil.
349 1205 494 1240 animus
520 1205 669 1239 Ernest.
705 1218 802 1252 susp.
828 1217 1004 1250 praesens
1039 1211 1074 1240 et
1101 1208 1286 1249 voluntas,
1321 1211 1439 1240 tamen
1476 1218 1519 1240 ea
1554 1208 1631 1250 (res

150 1254 320 1300 publica)
342 1253 416 1287 iam
441 1254 520 1297 ipsa
545 1253 756 1287 medicinam
781 1255 926 1297 effugit,
953 1254 1107 1288 Schiitz.
1136 1255 1191 1289 etl.
1220 1255 1310 1288 min.
1363 1255 1558 1288 ORELLI.
1584 1272 1632 1279 -—·

151 1302 325 1336 introitus
350 1301 384 1342 f.
421 1301 459 1335 in
491 1311 639 1335 causam
655 1301 742 1342 sab.
783 1302 888 1336 clod.
945 1303 1047 1336 Mein
1081 1309 1195 1336 erstes
1221 1302 1419 1347 Vorspiel,
1454 1314 1531 1336 was
1565 1302 1634 1336 ich

151 1349 313 1390 machte‚
339 1359 422 1383 war
445 1349 522 1389 das,
550 1348 630 1382 dass
662 1348 726 1382 ich
753 1351 819 1382 auf
841 1350 912 1384 den
937 1351 1098 1384 Process
1123 1350 1186 1384 (ies
1212 1350 1370 1383 saubern
1397 1349 1634 1384 Stiickchens

152 1397 326 1445 cing-ing,
352 1408 429 1432 was
446 1396 600 1431 Clodius
628 1397 792 1445 gespielt
808 1396 926 1432 hatte.
970 1398 1095 1431 Prima
1121 1410 1230 1431 causa
1249 1398 1493 1442 reipublicae,
1520 1409 1633 1442 quam

154 1457 223 1494 ego
257 1456 449 1491 ingressus
488 1455 570 1477 sum
610 1451 647 1479 et
685 1445 857 1490 suscepi,
885 1446 959 1479 fuit
986 1446 1170 1480 incestum
1197 1445 1335 1479 Clodii.
1385 1445 1566 1480 Schiitz.
1595 1445 1634 1480 S.

153 1493 264 1539 epist.
294 1492 389 1527 XXI.
407 1492 549 1536 sabula
575 1491 757 1526 Clodiana
783 1493 829 1526 (le
855 1493 1040 1528 Gronovii
1067 1493 1204 1538 suspic.
1233 1494 1396 1527 Lallem.
1422 1495 1460 1528 in
1488 1504 1638 1528 causam

155 1541 223 1578 Cd.
251 1540 361 1575 Amb.
391 1543 432 1576 17
459 1540 608 1582 omisit3
635 1547 739 1575 certe
763 1542 1000 1586 exspectabas
1027 1541 1172 1586 potius3
1199 1541 1237 1574 in
1261 1552 1414 1576 scenam.
1440 1542 1637 1576 ORELLI.

159 1607 200 1615 -
229 1599 338 1622 resec.
373 1589 462 1637 vgl.
489 1588 597 1622 Catil.
624 1589 676 1628 11,
704 1589 744 1623 5:
780 1600 875 1633 quae
901 1589 1062 1623 sananda
1088 1595 1209 1630 erunt,
1236 1589 1391 1623 sanabo:
1419 1601 1514 1635 quae
1537 1601 1638 1624 rese-

157 1636 274 1670 canda
310 1644 434 1678 erunt,
470 1647 546 1670 non
581 1635 702 1680 patiar
734 1635 779 1669 ad
812 1636 1024 1681 perniciem
1060 1636 1225 1670 civitatis
1250 1648 1413 1671 manere.
1465 1637 1637 1672 Iuvenal.

157 1685 260 1725 VIII,
287 1685 376 1719 166:
403 1683 587 1726 Quaedam
614 1694 698 1717 cum
715 1684 839 1730 prima
864 1690 1081 1718 resecentur
1104 1684 1265 1718 crimina
1289 1685 1411 1719 barba.
1449 1685 1640 1729 Bildlich3

158 1732 211 1765 im
235 1731 393 1779 eigentl.
418 1731 535 1765 Sinne
566 1741 639 1764 von
666 1731 927 1766 Geschwiiren
965 1731 1243 1780 gebrauchlich
1259 1757 1270 1775 ,
1306 1733 1382 1767 wie
1409 1733 1640 1767 rescindere.

160 1780 198 1815 S.
225 1780 330 1827 Virg.
357 1779 459 1813 Geor
491 1805 498 1813 .
525 1779 597 1821 ΙΙΙ,
625 1779 712 1814 452ε
748 1781 834 1813 Non
868 1786 992 1814 tamen
1018 1780 1098 1813 ulla
1131 1780 1250 1823 magis
1284 1791 1461 1826 praesens
1487 1782 1642 1815 fortuna

161 1828 332 1862 laborum
359 1833 426 1867 est,
461 1791 579 1870 {uam
605 1826 634 1859 si
663 1827 745 1870 quis
772 1828 875 1861 ferro
902 1828 1027 1872 potuit
1053 1829 1260 1862 rescindere
1281 1840 1467 1862 summum
1494 1829 1641 1863 Ulceris

161 1887 213 1922 os.
256 1874 387 1909 Alitur
425 1875 560 1908 vitium
595 1874 768 1919 vivitque
803 1875 976 1924 tegendo.
1029 1897 1069 1901 —
1108 1877 1226 1908 locum
1271 1877 1293 1910 i.
1321 1887 1353 1911 e.
1390 1877 1640 1914 occasionem.

164 1923 268 1958 Uber
306 1922 369 1956 das
403 1922 665 1957 Gerundivum
706 1934 816 1958 resec
923 1927 1037 1958 coie‘rc.
1074 1935 1101 1957 s,
1131 1923 1280 1958 Grotef.
1315 1923 1347 1966 §.
1373 1926 1454 1960 318.
1491 1924 1643 1959 Ramsh.

165 1972 194 2015 ἓ.
223 1971 304 2012 169,
330 1972 363 2006 2.
390 1991 432 1997 -
460 1971 544 2004 odio
568 1971 754 2004 adductus.
782 1971 817 2006 S.
847 1971 994 2005 Grotef.
1020 1971 1049 2014 δ.
1077 1972 1158 2006 265.

259 2020 295 2053 3.
323 2022 622 2062 constupratoque
648 2018 672 2052 i.
701 2030 731 2052 e.
764 2019 994 2061 mulierum,
1027 2019 1159 2063 quibus
1188 2025 1315 2064 stupra
1342 2019 1552 2063 inferrent,
1585 2020 1646 2052 in-

166 2065 466 2100 troductionibus
494 2066 694 2107 conducto,
722 2077 914 2112 corrupto,
941 2068 1099 2112 polluto.
1125 2066 1207 2099 Vid.
1236 2067 1344 2112 epist.
1372 2068 1468 2109 XXI,
1494 2069 1527 2103 5.
1557 2067 1646 2110 „Sic

167 2113 250 2148 edd.
278 2113 360 2147 Asc.
391 2117 421 2148 1.
449 2114 547 2147 Crat.
577 2114 705 2148 Lamb.
733 2115 884 2148 Ernest.
906 2115 1049 2149 Schiitz
1076 2115 1166 2149 min.
1193 2119 1425 2158 stupratoque
1451 2116 1532 2149 edd.
1548 2117 1645 2149 vict.

175 2163 247 2197 l.2.
263 2162 343 2195 Bos.
356 2162 490 2196 Graev.
511 2162 705 2195 ORELLJ.
721 2184 760 2189 —
785 2164 969 2206 quaesint.
991 2163 1104 2198 Oxou,
1123 2165 1152 2196 1.
1179 2167 1272 2196 sunt.
1292 2164 1495 2202 —Gonsul‚
1511 2163 1649 2208 Pupius

169 2210 252 2243 Piso
268 2210 399 2243 consul
417 2210 624 2255 superioris
641 2210 740 2243 anni.
760 2210 842 2247 Vid.
857 2211 993 2252 XVIII,
1021 2213 1051 2246 2.
1080 2211 1173 2249 XXI,
1200 2212 1234 2245 8.
1263 2231 1304 2237 -
1326 2211 1451 2254 impos.
1476 2211 1508 2245 is
1534 2212 1648 2253 nobis,

169 2257 266 2291 Vict.
289 2259 318 2292 l.
340 2257 426 2300 imp.
441 2257 545 2290 nobis
567 2258 610 2290 is.
629 2258 777 2302 imponi,
802 2259 1087 2305 aufgedrungen
1105 2258 1275 2298 werden,
1302 2258 1350 2292 ist
1371 2259 1581 2307 eigentlich
1604 2259 1650 2293 de

171 2315 285 2339 onere
311 2304 594 2353 gebrauchlich.
611 2324 651 2329 -—
668 2306 854 2350 suspiritu.
872 2307 935 2340 Sic
956 2305 1231 2340 Cod.Tornaes.
1250 2307 1333 2340 Bos.
1357 2307 1544 2350 suspirata
1562 2306 1649 2341 Cod.

171 2354 314 2387 decurt.
325 2352 498 2397 Bos.Sqq.
513 2352 594 2386 Vid.
604 2354 718 2387 Drak.
731 2354 776 2387 atl
790 2355 1016 2396 Liv.30,15.,
1027 2354 1123 2387 undo
1135 2355 1337 2388 certiorem
1349 2355 1509 2388 formam
1522 2365 1651 2399 prosae

173 2401 355 2435 orationis
387 2399 564 2446 praetuli.
596 2401 754 2444 suspirio
789 2403 881 2436 Cett.
921 2402 1118 2436 ORELLI.
1165 2420 1207 2426 —-
1252 2402 1377 2446 possit.
1414 2401 1477 2436 Sic
1517 2403 1651 2436 Faern.

174 2449 278 2493 prob.
313 2449 439 2483 Ursin.
472 2452 591 2492 posset
627 2449 722 2482 Edd.
763 2450 958 2483 ORELLI.
1016 2449 1220 2498 Richtiger
1252 2449 1328 2482 und
1362 2450 1569 2484 treffender
1604 2451 1654 2484 ist

176 2504 319 2541 crstero
347 2497 498 2537 Lcsart,
535 2495 580 2528 ‹la
612 2508 683 2529 von
718 2497 845 2531 Etwas
881 2497 980 2531 noch
1013 2497 1318 2531 fortduuerndem
1353 2498 1508 2545 gcrcdet
1541 2497 1653 2531 wird.

175 2538 277 2578 Uber
311 2544 381 2578 den
414 2543 519 2578 Coui.
555 2555 673 2588 praes.
710 2544 807 2578 nach
828 2555 1205 2593 vorangegangenem
1233 2546 1330 2579 Pers.
1357 2557 1384 2583 s.
1412 2547 1474 2579 Fr.
1504 2546 1653 2580 Grotcf.

180 2595 265 2633 160,
292 2594 325 2626 3.
368 2592 453 2639 Vgl.
479 2591 632 2625 Cornel.
658 2593 716 2633 11,
746 2595 787 2626 l:
825 2599 911 2626 sunt
946 2593 1158 2634 emendata,
1200 2593 1290 2627 adeo
1323 2599 1363 2626 ut
1401 2595 1654 2635 anteferatur3

178 2639 347 2673 obeundas.
375 2640 419 2679 X,
450 2642 481 2678 l,
509 2638 596 2674 adeo
622 2640 790 2673 eruditus
819 2646 886 2680 est,
912 2647 951 2673 ut
978 2641 1134 2674 dicatur.
1163 2642 1240 2681 XV,
1266 2643 1302 2684 3,
1329 2642 1369 2675 ¹1:
1397 2641 1450 2675 sic
1478 2653 1562 2675 usus
1589 2647 1657 2682 est,

179 2695 220 2721 ut
251 2687 382 2732 [ὠκείῃ
426 2687 561 2729 XXIII,
587 2690 622 2730 2,
649 2689 681 2724 5.
719 2689 848 2728 XXIV,
875 2690 910 2729 3,
936 2689 968 2724 2.
1011 2690 1120 2729 XXV,
1150 2692 1205 2729 16,
1236 2692 1261 2723 l.
1294 2690 1347 2728 18,
1374 2691 1406 2724 2.
1452 2689 1598 2723 Grotcf.
1626 2688 1655 2729 ἕ.

181 2738 263 2771 427.
293 2736 436 2779 Zumpt
461 2734 491 2776 ξ.
515 2736 595 2771 514.
626 2755 665 2760 -
694 2736 737 2770 de
753 2737 904 2779 ambitu,
929 2737 971 2770 de
990 2737 1147 2780 iudiciis,
1175 2748 1298 2786 gcgen
1325 2737 1387 2771 dic
1405 2735 1658 2772 Missbr'ziuche
