1742 3006
200 100 295 148 422
481 103 544 145 Μ.
576 103 631 145 Τ.
663 99 1001 144 CICERONIS
1032 99 1404 143 EPISTOLAE.

204 214 383 270 fugerat
411 226 480 254 me
510 213 567 254 ad
597 216 642 254 te
672 214 883 255 scribere.
953 211 1104 254 Video
1134 212 1276 264 enim,
1307 224 1417 266 quas
1448 214 1493 252 tu
1526 212 1679 256 literas

206 270 498 325 exspectaris.
571 268 660 311 Sed
699 270 780 310 ille
809 270 994 323 scripsit
1023 268 1081 308 ad
1111 267 1300 310 Balbum
1330 267 1594 309 fasciculum
1622 270 1692 310 il-‘

206 328 300 368 lum
331 325 638 379 epistolarum,
682 325 730 365 in
759 339 847 379 quo
877 324 1026 364 fuerat
1055 326 1101 364 et
1129 337 1229 365 mea
1257 327 1301 364 et
1330 322 1489 375 Balbi,
1539 327 1682 365 totum

207 383 294 423 sibi
334 392 450 434 aqua
491 380 721 421 madidum
752 380 978 421 redditum
1009 392 1127 420 esse:
1176 384 1227 420 ut
1265 392 1320 419 ne
1350 379 1471 419 illud
1499 380 1682 433 quidem

205 437 346 488 sciat,
384 447 528 477 meam
569 435 708 477 fuisse
750 436 948 490 aliquam
988 435 1236 489 epistolam.
1323 434 1414 476 Sed
1452 447 1511 475 ex
1549 435 1681 476 Balbi

206 491 400 546 epistola
437 505 578 546 pauca
615 493 753 533 verba
782 491 1088 543 intellexerat,
1118 491 1175 531 ad
1205 504 1317 544 quae
1347 491 1582 544 rescripsit
1610 490 1683 532 his

205 548 378 588 verbis:
439 547 534 588 »De
565 548 786 588 Cicerone
816 550 861 588 te
891 546 1025 588 video
1047 547 1262 601 quiddam
1281 547 1535 600 scripsisse,
1563 548 1684 602 quod

206 616 289 657 ego
319 616 406 643 non
436 603 672 643 intellexi:
724 607 938 658 quantum
969 606 1114 643 autem
1143 602 1405 643 coniectura
1444 615 1684 657 conseque-

207 659 312 710 bar,
352 659 402 699 id
432 662 530 698 erat
557 657 844 710 huiusmodi,
901 661 951 698 ut
979 658 1123 712 magis
1153 658 1395 711 optandum
1425 671 1557 712 quam
1587 672 1685 713 spe-

209 713 396 755 randum
434 718 676 769 putarem.«
746 714 905 768 Itaque
943 718 1098 768 postea
1125 713 1230 753 misi
1260 713 1317 753 ad
1347 714 1583 754 Caesarem
1613 728 1687 755 eo-

207 769 310 810 dem
347 769 431 810 illo
473 770 681 824 exemplo
720 770 893 810 literas.
963 770 1118 810 Iocum
1158 771 1307 809 autem
1346 768 1473 809 illius
1513 769 1569 810 de
1607 783 1688 812 sua
1740 795 1742 799 ·

207 827 407 880 egestate
437 839 492 866 ne
522 826 584 866 sis
614 829 888 879 aspernatus.
948 824 1018 866 Ad
1049 837 1181 879 quem
1210 837 1293 878 ego
1325 825 1538 878 rescripsi
1568 825 1686 867 nihil

207 894 329 933 esse,
387 881 507 935 quod
544 880 735 935 posthac
771 893 904 922 arcae
946 884 1127 921 nostrae
1165 879 1335 920 fiducia
1378 881 1687 923 conturbaret:

207 937 386 990 lusique
426 937 474 976 in
513 950 566 977 eo
605 949 767 991 genere
807 940 852 976 et
893 934 1186 976 familiariter
1223 938 1268 976 et
1309 948 1410 976 cum
1450 935 1684 990 dignitate.

207 993 348 1032 Amor
376 996 523 1033 autem
553 993 648 1032 eius
678 1004 785 1046 erga
813 1005 893 1031 nos
922 990 1151 1046 perfertur
1179 992 1375 1032 omnium
1403 993 1571 1032 nuntiis
1600 993 1689 1034 sin-

208 1047 392 1102 gularis.
459 1047 522 1089 Et
552 1048 712 1088 literae
743 1047 925 1101 quidem
955 1046 1012 1089 ad
1041 1046 1105 1098 id,
1136 1046 1257 1101 quod
1289 1051 1552 1101 exspectas,
1591 1047 1688 1090 fere

208 1114 311 1143 cum
349 1108 428 1146 tuo
470 1102 622 1144 reditu
660 1103 928 1156 iungentum
986 1102 1164 1156 reliqua
1202 1103 1482 1157 singulorum
1512 1103 1687 1146 dierum

208 1159 455 1199 scribemus
484 1158 543 1199 ad
572 1162 631 1209 te,
660 1159 700 1198 si
720 1159 853 1199 modo
877 1158 1140 1200 tabellarios
1163 1161 1211 1199 tu
1231 1159 1477 1212 praebebis.
1523 1159 1691 1208 Quam-

209 1226 342 1268 quam
372 1212 595 1254 eiusmodi
625 1212 770 1267 frigus
801 1214 1101 1267 impendebat,
1130 1217 1180 1254 ut
1201 1227 1418 1255 summum
1442 1215 1691 1267 periculum
1722 1257 1727 1261 1

208 1272 341 1322 esset,
370 1282 426 1310 ne
455 1269 603 1324 Appio
633 1282 739 1310 suae
769 1269 903 1310 aedes
933 1273 1184 1310 urerentur.

208 1470 286 1493 ears
319 1459 539 1496 veru-auter
571 1462 611 1495 in
648 1473 706 1508 ep.
743 1462 947 1504 CXCVIII,
994 1462 1195 1496 vielleicht
1228 1462 1415 1503 dersdbe,
1450 1462 1619 1498 welchen
1649 1468 1687 1500 C.

207 1508 423 1542 Trebonius
458 1522 521 1543 aus
557 1511 668 1544 Asien
705 1511 772 1544 soll
804 1511 1017 1544 vertrieben
1053 1510 1189 1544 haben.
1246 1510 1281 1545 S.
1311 1510 1468 1556 Philipp.
1492 1511 1596 1552 XIII,
1635 1516 1689 1550 16.

212 1573 260 1580 -—
286 1567 373 1600 qua-s·
399 1561 436 1590 tu
461 1558 604 1601 literas,
631 1559 796 1592 n'amlich
823 1559 932 1591 einen
959 1559 1078 1601 Brief,
1105 1557 1276 1592 welcben
1297 1569 1336 1591 er
1355 1559 1439 1592 dem
1466 1559 1580 1593 Casar
1606 1573 1691 1596 vor—

212 1604 346 1648 zeigen
380 1605 536 1643 k‘csnnte.
587 1625 631 1632 —-
681 1606 849 1640 Balbum.
898 1606 1036 1640 Lucius
1069 1606 1261 1642 Cornelius
1294 1607 1431 1640 Balbus
1464 1608 1586 1641 maior
1619 1610 1693 1644 fuit

215 1652 381 1686 Caesaris
406 1654 618 1698 familiaris,
644 1661 835 1700 postremo
860 1655 1095 1688 consulatum
1115 1654 1279 1700 adeptus.
1309 1666 1340 1687 v.
1367 1666 1422 1699 ep.
1449 1656 1627 1698 XXVIII,
1655 1660 1690 1696 3.

211 1711 248 1732 u.
282 1700 477 1738 CXXXVI.
512 1703 603 1736 Plin.
640 1702 730 1743 VII,
758 1703 815 1737 43.
851 1720 898 1727 -
932 1703 974 1736 de
1001 1702 1194 1742 Cicerone,
1232 1714 1368 1748 nempe
1395 1703 1440 1735 de
1468 1703 1619 1748 Quinto.
1649 1725 1691 1731 —

210 1757 281 1780 non
320 1748 507 1788 intellexi,
559 1751 686 1795 legere
728 1762 801 1785 non
847 1750 963 1795 potui.
1013 1768 1061 1775 —-
1111 1761 1212 1794 quam
1254 1751 1469 1795 sperandum
1516 1756 1691 1797 putarem,

210 1795 522 1878 ffiithQJtiintuin
567 1800 613 1832 ad
662 1810 747 1832 eum
797 1799 958 1841 iturum,
1008 1805 1049 1832 ut
1099 1809 1254 1844 operam
1302 1799 1343 1832 in
1384 1799 1483 1833 bello
1527 1811 1692 1839 navaret.

307 1921 341 1954 5.
368 1921 443 1955 eod.
472 1921 527 1954 ill.
556 1922 738 1964 exemplo,
765 1922 937 1965 gleichen
966 1921 1132 1963 Inhalts,
1159 1921 1211 1953 als
1239 1920 1306 1954 der
1334 1921 1598 1963 durchniisste,
1626 1936 1692 1959 un-

211 1967 423 2001 leserliche.
461 1987 505 1994 —-
555 1979 598 2001 ne
622 1970 675 2002 sz‘s
700 1974 930 2012 aspernatus,
958 1970 1078 2002 nimm
1105 1970 1173 2001 den
1199 1969 1339 2003 Scherz
1365 1971 1470 2003 nicht
1496 1983 1542 2005 zu
1566 1973 1691 2007 leicht.

215 2017 324 2049 C’a'sar
349 2015 456 2049 hatte
481 2017 652 2050 namlich
677 2018 941 2061 geschrieben:
971 2017 1067 2051 Geld
1095 2018 1178 2051 hab’
1206 2029 1245 2049 er
1272 2018 1391 2057 nicht,
1418 2030 1478 2051 um
1497 2020 1566 2052 den
1583 2020 1693 2062 Quin-

211 2070 269 2097 tus
296 2065 414 2097 demit
439 2076 487 2098 zu
516 2065 760 2106 bereichern3
787 2066 875 2098 aber
901 2077 946 2097 an
974 2065 1089 2097 Liebe
1114 2065 1193 2098 und
1211 2066 1546 2111 Dienstfertigkeit
1570 2080 1691 2117 geg-en

211 2111 280 2144 ihn
308 2113 423 2146 wolle
451 2124 491 2145 er
517 2125 554 2146 es
580 2113 685 2147 nicht
711 2113 837 2146 fehlen
866 2114 993 2145 lassen.
1029 2131 1075 2136 —
1109 2124 1221 2146 arcae
1247 2118 1406 2147 nostrae.
1465 2115 1573 2150 locus
1606 2118 1692 2150 ioco

210 2160 362 2196 relatus,
412 2161 450 2193 Si
475 2168 527 2202 tu,
554 2161 688 2206 inquit,
715 2172 814 2204 eges,
840 2172 905 2194 nos
930 2173 1004 2193 non
1035 2161 1276 2194 abundamus,
1333 2163 1464 2207 Itaque
1490 2175 1600 2197 arcae
1626 2176 1692 2198 no-

212 2214 309 2241 strae
344 2209 422 2241 noli
456 2210 660 2242 confidere.
724 2210 822 2244 Nam
857 2210 885 2241 si
922 2208 1131 2248 decoxeris,
1166 2220 1232 2253 ego
1260 2216 1297 2242 te
1323 2211 1416 2243 meis
1443 2214 1601 2246 nummis
1626 2220 1692 2246 tuo

213 2266 299 2289 aere
333 2257 455 2289 alieno
493 2268 566 2289 non
600 2257 807 2301 expediam.
867 2257 918 2290 Et
951 2263 1005 2289 est
1038 2256 1102 2291 hic
1136 2258 1354 2290 conturbare
1388 2270 1458 2303 pro
1484 2260 1692 2304 decoquere,

212 2311 255 2337 ut
281 2305 450 2337 Martial.
480 2306 607 2350 Epigr.
636 2306 702 2344 lx,
734 2309 765 2339 I.
795 2304 1003 2340 MANUT.
1036 2322 1084 2329 —-
1123 2307 1215 2347 sere
1241 2316 1270 2339 c.
1300 2310 1359 2339 tuo
1386 2307 1458 2340 red.
1485 2308 1585 2351 iung.
1612 2310 1635 2342 i.
1663 2320 1691 2342 e.

212 2363 258 2385 eo
285 2353 365 2386 sere
389 2359 565 2397 tempore
592 2355 833 2398 perferentur
859 2353 905 2385 ad
932 2359 989 2390 te,
1020 2364 1091 2397 quo
1117 2360 1157 2386 tu
1184 2354 1344 2386 reditum
1372 2355 1419 2387 ad
1445 2366 1512 2388 nos
1538 2356 1692 2390 adorna.

210 2401 279 2433 bis.
308 2401 437 2435 MAN.
465 2401 585 2434 sollen
612 2403 681 2435 mit
711 2401 854 2434 Deiner
879 2401 1102 2434 Ruekkunft
1130 2402 1316 2444 ungeffihr
1333 2405 1691 2438 zusammentreffen.

211 2450 293 2493 Vgl.
328 2461 385 2493 ep.
423 2449 548 2482 CXXX
581 2449 632 2481 im
664 2450 750 2483 Ans.
789 2468 836 2474 —-
884 2450 1022 2492 reliqna
1047 2450 1142 2491 sing.
1172 2449 1286 2488 dier.‚
1332 2449 1394 2482 das
1418 2444 1580 2494 Ubrige‚
1622 2464 1693 2486 was

210 2508 286 2530 von
315 2498 419 2542 Tage
446 2509 490 2529 zu
516 2498 619 2539 Tage
647 2498 820 2542 vorgeht.
848 2515 895 2521 —
925 2498 1143 2541 Quamquam
1169 2511 1217 2528 :-
1242 2497 1484 2541 gleichwohl‚
1510 2499 1620 2533 doch.
1656 2500 1691 2533 S.

213 2545 363 2578 Grotef.
393 2548 419 2588 §.
447 2545 526 2580 408.
554 2545 659 2577 Anm.
690 2549 720 2579 l.
749 2565 793 2570 ——
819 2545 1052 2587 impendebat,
1080 2551 1119 2577 nt
1145 2545 1182 2577 in
1210 2546 1399 2589 epistolis,
1427 2558 1494 2590 pro
1522 2559 1693 2592 praesen-

210 2594 239 2625 ti
274 2594 466 2635 impendet,
518 2593 688 2625 schwebt
722 2594 815 2626 iiber
840 2604 922 2633 uns,
975 2593 1134 2625 bedroht
1172 2604 1238 2625 uns
1271 2594 1369 2626 noch
1395 2595 1530 2628 immer
1557 2597 1598 2637 (s.
1625 2596 1692 2629 den

211 2642 294 2674 Anf.
323 2643 443 2674 dieses
471 2640 625 2681 Briefs.)
652 2659 696 2665 —
730 2645 940 2681 urerentur,
975 2642 1061 2673 weil
1089 2641 1125 2672 in
1156 2640 1241 2673 dem
1269 2643 1450 2674 Vorsaale
1476 2655 1600 2688 wegen
1627 2644 1692 2676 der

210 2690 352 2735 Menge
380 2691 519 2726 Det-er,
555 2689 613 2721 die
639 2688 708 2721 den
736 2689 871 2722 Consul
897 2689 1040 2732 taglich
1069 2689 1271 2731 begrussen
1299 2689 1387 2723 oder
1413 2691 1494 2723 ihm
1531 2692 1593 2724 das
1619 2692 1693 2724 Ge·
1723 2706 1726 2709 ⁴

211 2739 298 2772 leite
326 2738 445 2781 geben
474 2737 628 2775 wellen,
673 2737 773 2770 stnrk
800 2736 1025 2782 eingeheitzt
1053 2736 1202 2770 werden
1231 2748 1339 2770 muss.
1400 2739 1473 2771 Das
1507 2742 1604 2773 Hans
1632 2740 1693 2773 des
