1742 3006
210 64 306 112 272
501 66 565 111 M.
597 67 653 111 T.
685 63 1026 129 CICERONIS
1057 68 1430 116 EPISTOLAE.

209 191 324 277 guae
365 180 566 235 putabis,
619 180 685 222 ita
713 180 909 233 scribaS,
958 184 1008 224 ut
1035 183 1225 237 putabis.
1312 184 1417 227 Dat.
1463 198 1545 229 ΧΠ.
1587 187 1693 232 Kal.

244 249 297 291 ep
321 266 332 278 .

465 359 786 426 EPISToLA
815 382 1044 426 LXX11.·
1080 384 1195 437 (Λα.
1229 385 1313 427 111.
1349 385 1434 436 17.)

250 457 333 494 Ser.
367 456 659 492 Thessalonicae
693 457 792 504 prid.
826 458 928 492 Non.
954 455 1058 503 Sept.
1084 457 1130 496 Α.
1157 459 1201 493 U.
1229 459 1271 493 C.
1297 460 1378 496 696.
1431 460 1478 503 (a.
1506 461 1546 495 C.
1571 462 1647 503 58.)

203 523 508 558 Sollicitudinem
533 537 638 559 suam
665 525 712 559 de
737 526 780 571 Q.
806 524 949 559 Fratris
973 525 1146 571 periculo
1181 520 1332 560 fatetur.
1362 530 1392 562 l.
1438 529 1495 560 De
1528 527 1603 562 suis
1633 539 1691 562 re-

202 573 269 618 bus
296 574 461 608 certiora
485 584 522 607 se
548 581 767 620 exspectare
793 573 971 607 ostendit.
1000 575 1034 609 2.
1060 574 1178 608 Attici
1205 575 1330 609 officia
1363 577 1401 609 in
1430 577 1586 611 fratrem
1611 576 1692 610 lau-

440 622 523 664 dat,
551 623 704 668 eiusque
730 634 768 656 se
793 622 920 655 literas
945 629 1162 668 exspectare
1188 623 1391 668 significat.
1418 625 1450 660 3.

709 709 893 743 CICERO
926 709 1113 745 ATTICO
1150 709 1189 746 S.

311 778 384 820 De
414 776 587 828 Quinto
627 776 769 818 fratre
810 777 958 817 nuntii
1000 778 1155 818 tristes
1195 778 1324 819 nobis
1354 791 1438 820 nec
1467 781 1584 821 varii
1614 795 1686 824 ve-

199 838 358 876 nerant
387 848 447 875 ex
476 838 580 876 ante
611 833 731 874 diem
759 832 877 875 Non.
907 833 1002 874 Iun.
1032 846 1172 888 usque
1202 833 1258 874 ad
1287 834 1405 888 prid.
1425 834 1530 877 Kal.
1563 836 1685 892 Sept.

198 891 268 933 Eo
298 893 446 932 autem
476 890 553 931 die
581 888 843 941 Livineius,
899 888 964 930 M.
995 888 1164 944 Reguli
1195 890 1409 943 libertus,
1455 890 1512 931 ad
1550 905 1622 933 me
1661 906 1688 935 a

197 946 376 1001 Regulo
405 946 566 987 missus
595 946 734 987 venit.
805 945 849 985 Is
890 946 1071 986 omnino
1109 946 1381 986 mentionem
1419 947 1592 989 nullam
1619 947 1687 990 fa-

197 1006 315 1043 ctam
355 1015 451 1043 esse
491 999 738 1043 nuntiavit:
791 1000 872 1041 sed
913 1000 1054 1042 fuisse
1091 1004 1240 1041 tamen
1270 1014 1518 1043 sermonem
1548 1003 1605 1044 de
1634 1004 1684 1045 C.

196 1057 354 1099 Clodii
384 1057 510 1107 filio3
541 1057 668 1112 isque
699 1055 814 1097 mihi
844 1060 940 1097 tum
970 1070 996 1097 a
1024 1056 1167 1097 fratre
1198 1057 1356 1098 literas
1378 1058 1544 1099 attulit.
1595 1059 1685 1101 Sed

196 1114 419 1169 postridie
449 1113 588 1154 Sestii
618 1113 748 1167 pueri
778 1116 1022 1165 venerunt,
1075 1113 1152 1167 qui
1193 1125 1219 1154 a
1259 1116 1302 1154 te
1333 1113 1492 1154 literas
1522 1116 1684 1156 attule-

196 1173 315 1222 runt,
345 1183 434 1210 non
464 1174 556 1210 tam
586 1169 846 1223 exploratas
879 1181 905 1210 a
935 1169 1112 1220 timore,
1143 1181 1276 1223 quam
1305 1181 1450 1210 sermo
1480 1169 1682 1212 Livineii

195 1225 356 1266 suerat.
416 1224 532 1266 Sane
573 1238 668 1265 sum
708 1225 753 1263 in
794 1237 894 1264 meo
934 1223 1116 1265 infinito
1146 1237 1349 1265 maerore
1379 1225 1607 1267 sollicitus
1638 1231 1684 1268 et

195 1295 249 1323 eo
277 1281 439 1335 magis,
471 1280 590 1334 quod
620 1280 756 1334 Appii
787 1281 994 1332 quaestio
1024 1284 1106 1321 est.
1167 1280 1353 1332 Cetera,
1383 1294 1496 1334 quae
1515 1282 1583 1322 vad
1611 1296 1682 1322 me

194 1337 366 1379 eisdem
397 1337 544 1377 literis
576 1337 738 1377 scribis
769 1335 825 1375 de
854 1339 1010 1376 nostra
1037 1348 1143 1388 spe,
1194 1335 1407 1389 intelligo
1448 1349 1545 1377 esse
1586 1337 1680 1378 lan-

193 1392 417 1449 guidiora,
446 1405 580 1447 quam
610 1392 693 1433 alii
723 1390 977 1433 ostendunt.
1035 1392 1137 1445 Ego
1168 1394 1332 1444 autem,
1362 1392 1572 1445 quoniam
1592 1406 1681 1434 non

193 1451 324 1503 longe
362 1449 417 1490 ab
459 1462 511 1490 eo
541 1450 742 1503 tempore
773 1448 1004 1498 absumus,
1044 1447 1091 1487 in
1121 1460 1208 1501 quo
1238 1460 1309 1487 res
1340 1445 1681 1500 ‹liiudicabitur,

193 1509 271 1548 aut
300 1504 358 1546 ad
387 1509 432 1546 te
462 1504 694 1546 conferam
723 1517 792 1544 me
822 1507 899 1544 aut
928 1504 1183 1545 etiamnunc
1227 1504 1399 1544 circum
1437 1502 1550 1544 haec
1579 1504 1680 1545 loca

191 1658 230 1686 et
263 1653 349 1686 Ern.
396 1652 503 1697 idque
537 1653 634 1686 cett.
670 1651 867 1686 ORELLI.
922 1651 1051 1694 Itaque
1093 1649 1262 1695 richtig3
1303 1650 1398 1683 denn
1431 1651 1567 1685 Cicero
1602 1652 1678 1687 will

189 1700 314 1743 nicht,
342 1700 424 1734 dass
450 1701 598 1734 Attikus
627 1700 690 1733 der
716 1699 917 1733 Wahrheit
944 1711 987 1732 zu
1013 1698 1108 1732 nahe
1135 1705 1245 1740 trete,
1273 1710 1335 1732 um
1360 1699 1443 1733 ihm
1459 1700 1572 1734 Trost
1597 1701 1676 1735 eiu-

190 1749 439 1795 zusprechen.
468 1768 511 1773 —
538 1748 631 1784 XII.
659 1747 749 1785 Kal.
776 1747 887 1792 Sept„
916 1747 988 1781 den
1015 1749 1127 1782 19ten
1153 1749 1305 1792 August.

287 1818 318 1851 1.
345 1815 476 1850 tristes.
525 1814 786 1850 Nuntiabatur
811 1815 911 1848 enim
936 1826 1126 1848 reversum
1160 1826 1202 1847 ex
1235 1814 1320 1849 Asia
1345 1816 1543 1861 provincia
1567 1827 1674 1862 repe-

186 1863 383 1898 tundarum
409 1870 625 1898 accusatum
650 1863 709 1896 iri.
737 1863 940 1898 MANUT.
966 1882 1014 1888 -
1038 1874 1101 1896 nec
1128 1877 1176 1894 :-
1203 1870 1240 1896 et
1267 1875 1339 1896 nou
1366 1864 1474 1897 varii.
1511 1864 1548 1902 S.
1577 1866 1673 1899 Gro-

186 1913 252 1947 tef.
279 1912 312 1956 §.
341 1914 425 1948 339.
453 1931 500 1937 —·
525 1923 569 1945 ex
594 1916 676 1945 (mle
702 1918 795 1953 cet.,
830 1924 914 1945 vom
940 1913 1027 1946 5ten
1054 1913 1132 1945 Iun.
1160 1912 1218 1944 bis
1246 1923 1330 1945 zum
1356 1912 1495 1945 letzten
1521 1913 1671 1958 August.

185 1971 232 1994 ex
264 1972 299 1994 a.
335 1961 367 1994 d.
404 1961 485 1994 ΙΙΙ.
504 1961 601 1995 Non.
635 1960 843 2005 probabilis
887 1960 1026 1993 Handii
1059 1960 1195 2005 suspic.
1241 1960 1398 1993 Turselt.
1441 1963 1474 1994 1.
1515 1973 1551 2006 p.
1585 1963 1668 1998 383.

189 2008 385 2043 ORELLI.
410 2026 458 2034 —-
489 2008 687 2042 Livineius.
736 2008 797 2041 Sic
835 2008 929 2041 vict.
957 2009 990 2042 2.
1025 2008 1157 2042 Graev.
1194 2009 1288 2044 Ern.
1316 2008 1402 2042 Sch.
1430 2009 1499 2042 cfr.
1528 2010 1577 2042 ad
1598 2010 1671 2043 Fa-

184 2057 260 2090 mil.
290 2059 351 2098 13,
386 2058 442 2092 60.
481 2056 682 2092 ORELLI.
709 2075 756 2080 —
802 2056 1011 2089 mentionem
1047 2056 1119 2089 mei
1153 2056 1281 2089 fratris
1314 2057 1352 2089 in
1387 2064 1524 2091 senatu.
1551 2076 1598 2082 —
1627 2057 1669 2094 C.

187 2105 310 2139 Clodii
327 2104 435 2145 filio,
463 2106 565 2139 eines
590 2105 709 2138 &ltern
735 2105 896 2138 Bruders
921 2104 983 2137 des
1013 2105 1204 2138 Tribunus
1231 2106 1269 2138 P.
1298 2104 1462 2140 Clodius.
1537 2106 1670 2139 Dieser

185 2153 292 2186 hatte
315 2153 483 2187 niimlich
509 2155 531 2189 2
556 2153 715 2196 Brfider,
742 2153 810 2186 den
839 2152 978 2197 Appius
1004 2164 1038 2185 u.
1068 2153 1187 2192 Caius,
1216 2153 1378 2186 welcher
1402 2154 1556 2186 letztere
1590 2165 1669 2187 um-

184 2201 405 2246 gekommen
439 2213 532 2239 war.
589 2202 662 2234 Die
693 2201 828 2235 beiden
863 2200 984 2235 Sohne
1019 2201 1204 2235 desselben
1237 2202 1388 2245 klagten
1422 2205 1547 2247 spiiter
1570 2203 1668 2236 Milo

186 2261 318 2295 wegen
346 2251 411 2283 der
435 2250 680 2294 Ermordung
711 2251 773 2283 des
798 2250 837 2285 P.
866 2249 1018 2284 Clodius
1045 2261 1105 2284 an.
1173 2250 1264 2283 Hier
1289 2251 1401 2283 heisst
1427 2262 1485 2289 es,
1525 2250 1592 2283 wie
1631 2261 1669 2283 es

185 2300 370 2340 verlaute,
396 2310 436 2331 so
465 2298 593 2332 werde
619 2298 684 2331 der
710 2299 805 2332 Eine
831 2298 951 2331 dieser
976 2298 1112 2331 Neffen
1140 2298 1202 2331 des
1228 2299 1419 2331 'I'ribunen
1447 2299 1498 2332 als
1532 2297 1667 2331 Auklii—

184 2358 253 2393 ger
287 2347 350 2380 des
383 2345 536 2388 Quintus
570 2347 770 2380 austreten.
796 2365 843 2371 —
880 2346 1013 2388 Semi,
1053 2347 1092 2379 P.
1125 2345 1252 2380 Sextii.
1311 2346 1347 2379 S.
1379 2358 1436 2391 ep.
1472 2346 1548 2388 XV,
1580 2345 1666 2379 Anf.

184 2395 316 2436 LXIX,
346 2398 380 2431 3.
407 2413 456 2419 —
488 2405 558 2427 non
585 2399 659 2427 tam
685 2396 777 2439 expl.
805 2406 827 2428 α
853 2395 999 2435 timore,
1032 2405 1136 2438 quam
1161 2396 1184 2428 i.
1212 2406 1245 2430 e.
1281 2405 1372 2439 quae
1398 2405 1459 2427 me
1484 2406 1561 2427 non
1587 2401 1665 2427 tam

184 2444 326 2477 timore
351 2443 529 2489 periculi,
558 2443 656 2488 quod
682 2443 795 2477 fratri
820 2455 905 2477 meo
928 2443 1152 2484 intenditur,
1191 2443 1398 2476 liberarent
1426 2453 1537 2487 quam
1562 2442 1666 2475 Livi·-

181 2493 258 2525 neii
283 2503 418 2528 sermo,
444 2491 650 2526 MANUT.
696 2503 718 2525 a
744 2506 793 2523 z
825 2492 866 2524 in
900 2491 1107 2534 Ansehung.
1135 2510 1181 2515 —-
1228 2491 1322 2535 quod
1352 2490 1468 2534 Appii
1502 2491 1664 2534 quaestio

182 2544 248 2583 est,
276 2541 359 2574 weil
386 2540 455 2573 der
482 2539 686 2583 designirte
724 2542 859 2573 Priitor
889 2539 1028 2585 Appius
1060 2539 1238 2579 Clodius,
1265 2539 1328 2572 der
1353 2539 1493 2572 audere
1520 2538 1663 2572 Bruder

182 2589 327 2621 meinos
366 2588 521 2622 Feindes
555 2587 728 2630 Clodius,
771 2587 868 2622 nach
907 2593 1188 2632 angetretenem
1219 2587 1330 2621 Amte
1371 2587 1423 2620 als
1463 2587 1662 2633 Quaesitor

181 2635 241 2668 die
268 2637 560 2682 Untersuchung
584 2637 680 2670 iiber
704 2635 772 2669 ihu
799 2637 921 2669 haben
946 2635 1057 2669 wird.
1107 2636 1142 2671 S.
1170 2636 1254 2670 Dio.
1280 2636 1302 2670 1.
1330 2635 1355 2672 l.

279 2686 310 2719 2.
339 2685 597 2728 languidiora,
643 2685 724 2718 dass
750 2697 793 2718 au
821 2686 966 2718 meiner
991 2684 1142 2728 eigenen
1168 2683 1463 2729 Angelegeuheit
1487 2681 1595 2726 nich-t
1620 2692 1659 2714 so

183 2731 327 2766 lebhaft
352 2734 559 2778 gearbeitet
585 2733 689 2778 wird,
717 2734 768 2767 als
795 2735 940 2768 Andere
965 2733 1037 2766 mir
1061 2732 1308 2781 vorspiegeln.
