1742 3006
560 63 878 105 EPISTULA
910 63 1088 105 CXIII.
1481 64 1573 113 373

39 178 42 181 “
92 174 308 228 oportere.
381 172 513 222 Quod
553 173 663 217 mihi
701 172 756 214 (le
795 177 947 213 nostro
978 177 1120 225 statu,
1151 175 1206 216 dc
1233 173 1415 217 Milonis
1446 177 1573 220 sami-

36 250 39 262 <
91 231 300 282 navitate,
330 229 385 271 de
415 229 591 270 levitate
619 234 662 271 et.
691 229 991 270 imbecillitate
1022 231 1165 271 Clodii
1195 232 1460 285 gratularis:
1490 235 1568 274 mi-

36 292 39 300 '
89 287 206 327 nime
244 286 456 326 miramur
491 289 536 326 te
570 287 660 326 tuis
701 289 748 325 ut
797 285 1023 338 egregium
1063 286 1278 328 artificem
1329 288 1571 342 praeclaris

36 352 37 355 ’
88 343 292 396 operibus
321 340 500 383 laetari:
530 354 792 394 quamquam
821 345 888 381 est
916 341 1188 383 incredibilis
1217 343 1442 384 hominum
1468 358 1569 398 per-

33 426 37 457 2
89 398 290 449 versitas,
320 419 373 426 -
401 396 605 450 graviore
635 397 751 437 enim
781 397 914 438 verbo
944 397 1008 436 uti
1036 410 1123 438 non
1142 399 1263 451 libet,
1294 423 1346 431 —
1377 401 1567 454 quinos,

87 468 196 508 quos
228 451 413 494 favendo
443 453 487 492 in
515 453 737 494 communi
776 466 907 493 causa
936 453 1129 495 retinere
1159 459 1418 507 potuerunt,
1457 456 1566 498 invi-

33 496 37 522 ξ
86 509 233 550 dendo
271 509 597 550 abalienarunt:
650 522 834 563 quorum
879 509 1308 551 malevolentissimis
1347 512 1565 553 obtrecta—

32 569 35 599 ἰ
86 566 277 607 tionibus
317 577 396 605 nos
435 564 550 606 scito
590 564 647 605 de
677 568 828 606 vetere
858 564 935 605 illa
963 568 1117 606 nostra
1145 565 1435 621 diuturnaque
1465 581 1564 610 sen-

31 625 33 633 '
85 622 221 662 tentia
241 634 377 675 prope
399 620 488 660 iam
511 634 605 661 esse
636 620 855 674 depulsos,
885 634 972 661 non
1001 634 1083 661 nos
1113 621 1287 676 quidem
1311 627 1358 663 ut
1387 628 1564 665 nostrae

30 675 32 712 Ῐ
83 677 313 731 dignitatis
342 676 478 717 simus
508 677 648 727 obliti,
678 677 756 717 sed
787 681 835 717 ut
863 675 1097 717 habeamus
1128 678 1344 719 rationem
1365 679 1564 734 aliquan-

82 733 142 773 do
173 733 307 774 etiam
335 733 501 773 salutis.
583 733 770 773 Poterat
812 736 1044 786 utrumque
1073 735 1325 787 praeclare,
1376 736 1415 775 si
1446 739 1563 777 esset

28 780 31 830 s
82 787 210 841 fides,
234 789 272 828 si
301 789 497 841 gravitas
527 787 571 828 in
600 788 846 829 hominibus
877 789 1201 830 consularibus:
1232 791 1309 831 sed
1339 793 1463 831 tanta
1491 795 1559 832 est

28 867 29 872 =
79 845 127 884 in
155 845 374 898 plerisque
403 845 581 895 levitas,
631 848 679 885 ut
716 858 791 885 eos
821 857 906 884 non
931 847 1022 885 tam
1052 847 1299 887 constantia
1325 846 1371 886 in
1401 860 1449 886 re
1479 860 1557 900 pu-

26 922 27 926 =
77 901 195 941 blica
232 905 383 941 nostra
410 900 621 950 delectet,
666 913 796 953 quam
825 899 1033 952 splendor
1061 901 1270 943 offendat.
1345 902 1476 950 Quod
1506 916 1558 943 eo

77 957 259 998 liberius
288 955 345 996 ad
375 958 418 996 te
448 955 608 1005 scribo,
637 956 714 1009 qui
744 968 830 995 non
860 955 1000 995 solum
1028 957 1300 1010 temporibus
1331 956 1415 1008 his,
1445 970 1556 1011 quae

76 1026 159 1067 pei·
195 1016 239 1053 te
277 1025 373 1052 sum
410 1011 620 1064 adeptus,
665 1010 744 1051 sed
780 1011 911 1051 etiam
950 1011 1057 1052 olim
1085 1013 1280 1053 nascenti
1309 1025 1448 1066 prope
1479 1027 1556 1053 no-

74 1072 195 1110 strae
233 1068 377 1119 laudi,
420 1067 709 1121 dignitatique
749 1066 924 1113 favisti3
985 1067 1200 1121 simulque
1250 1068 1368 1122 quod
1405 1068 1555 1120 video,

71 1138 175 1176 non,
205 1129 252 1164 ut
279 1122 465 1164 antehac
494 1123 712 1177 putabam,
742 1122 928 1163 novitati
958 1135 1053 1163 esse
1082 1124 1272 1164 invisum
1301 1136 1453 1164 meae:
1508 1124 1554 1165 in

70 1185 116 1222 te
147 1180 287 1231 enim,
333 1178 510 1220 homine
540 1179 734 1219 omnium
763 1178 1060 1229 nobilissimo,
1103 1179 1269 1220 similia
1296 1179 1552 1221 invidorum

71 1236 179 1279 vitia
206 1235 431 1290 perspexi:
485 1248 614 1288 quem
644 1238 789 1274 tamen
816 1234 884 1274 illi
915 1247 1010 1274 esse
1039 1235 1085 1274 in
1115 1235 1388 1289 principibus
1418 1234 1551 1277 facile

70 1296 171 1333 sunt
200 1292 341 1346 passi,
384 1291 562 1331 evolare
591 1290 721 1330 altius
751 1294 873 1331 certe
902 1290 1145 1331 noluerunt.
1214 1290 1399 1332 Gaudeo
1428 1294 1549 1332 tuam

69 1348 332 1388 dissimilem
361 1347 498 1387 fuisse
528 1345 774 1395 fortunam5
804 1345 987 1385 multum
1016 1346 1133 1386 enim
1163 1346 1372 1398 interest,
1402 1350 1548 1387 utrum

66 1404 163 1444 laus
192 1403 499 1453 imminuatur,
530 1414 584 1441 an
614 1402 731 1441 salus
762 1401 1003 1442 deseratur.
1062 1401 1137 1442 Me
1165 1415 1288 1442 meae
1316 1408 1462 1443 tamen
1492 1416 1547 1444 ne

68 1459 199 1500 nimis
228 1459 484 1512 poeniteret,
515 1461 590 1497 tua
618 1458 781 1497 virtute
810 1456 1053 1511 perfectum
1076 1462 1153 1498 est.
1214 1458 1393 1499 Curasti
1414 1458 1545 1510 enim,

65 1519 114 1555 ut
142 1516 240 1568 plus
270 1514 468 1554 additum
498 1513 553 1553 ad
583 1513 840 1553 memoriam
869 1513 1058 1553 nominis
1086 1514 1243 1564 nostri,
1273 1527 1402 1568 quam
1425 1513 1544 1554 dem-

65 1575 188 1626 ptum
217 1570 271 1611 de
300 1569 479 1613 fortuna
506 1568 745 1610 videretur.
803 1569 873 1610 Te
901 1582 1006 1610 vero
1045 1582 1227 1611 emoneo
1258 1584 1388 1624 quum
1417 1570 1540 1611 bene-

159 1691 192 1725 7.
222 1689 352 1723 Quod.
380 1713 387 1720 .
412 1686 640 1729 gratularis,
688 1687 778 1719 XVas
814 1687 935 1720 Deine
971 1686 1275 1721 Gluckwunsche
1309 1700 1354 1722 zu
1394 1689 1542 1724 meiner

63 1737 321 1781 dermahligen
347 1743 460 1781 guten
486 1737 585 1780 Lago
612 1759 620 1768 .
648 1760 655 1767 .
682 1735 843 1768 betrifft.
876 1753 923 1759 —
957 1735 1181 1776 graviore
1208 1760 1217 1769 .
1244 1762 1252 1770 .
1281 1761 1288 1769 .
1317 1737 1444 1778 verbe,
1479 1738 1540 1770 ein

63 1785 230 1818 lffirteres
257 1787 377 1819 wort.
427 1785 489 1817 Sic
523 1783 605 1818 Md.
643 1783 740 1816 Vict.
768 1785 801 1818 2.
834 1783 1022 1817 Matthiae
1054 1783 1091 1815 in
1126 1783 1220 1827 Epp.
1247 1784 1310 1818 sel.
1338 1797 1374 1828 p,
1401 1786 1461 1821 96.
1489 1800 1539 1817 Ξ

61 1834 234 1875 graviori
261 1834 398 1867 Ceteri.
428 1831 627 1867 ORELIJ.
647 1851 688 1856 —
717 1832 778 1875 qui
802 1842 877 1870 nos,
907 1832 978 1864 del.
1004 1842 1067 1864 nos
1082 1832 1306 1876 Mart-Lag.
1330 1832 1418 1867 Sch.
1445 1844 1537 1866 con-

60 1889 118 1914 tra
145 1882 226 1916 Md.
276 1901 319 1906 -
360 1880 545 1924 sarmada,
589 1880 688 1916 Vict.
718 1880 931 1921 Lsoremlo
956 1886 1089 1913 contra
1114 1880 1195 1913 Md.
1246 1899 1291 1905 -—
1340 1882 1534 1922 sententia,

60 1930 295 1969 Grundsatz,
324 1929 384 1962 die
410 1927 593 1972 Republik
619 1940 665 1961 zu
690 1928 874 1961 erhalten.
924 1947 971 1952 —
1019 1938 1089 1960 mm
1115 1939 1180 1961 uos
1204 1928 1343 1971 quidem
1371 1929 1444 1968 ita,
1484 1934 1535 1968 ut,

60 1979 212 2011 sreilich
239 1977 347 2010 nicht
372 1989 424 2018 so,
453 1978 546 2010 dass.
581 1995 623 2000 ——
665 1976 729 2009 sed
755 2001 763 2010 .
790 1998 799 2007 .
826 2001 834 2008 .
862 1976 1011 2014 saluti-³,
1037 1976 1128 2009 aber
1154 1976 1250 2009 doch
1278 1988 1331 2014 so,
1360 1975 1442 2009 dass
1467 1976 1534 2009 ich

59 2027 211 2059 endlich
239 2026 374 2058 cinmal
399 2025 506 2058 mehr
532 2025 596 2056 auf
619 2026 744 2057 meine
769 2025 897 2067 eigene
922 2024 1243 2071 Selbsterlialtung·
1267 2024 1430 2057 bedaclit
1456 2025 1529 2058 bin.

58 2075 182 2118 ven-gl.
209 2085 265 2118 ep.
293 2074 387 2113 cv1‚
419 2076 448 2105 l.
479 2073 570 2113 (LIX,
596 2074 630 2106 2,
681 2092 725 2096 —
775 2073 923 2106 Poterat
952 2077 1132 2115 utrumque
1155 2073 1373 2115 praeclare,
1397 2073 1531 2107 Bcides

10 2147 13 2154 ,
55 2122 162 2155 hatte
187 2123 271 2155 sehr
298 2122 411 2154 sciron
438 2121 560 2154 neben
589 2121 763 2154 einander
787 2121 906 2166 gehen
933 2120 1091 2154 kiinnem

149 2186 181 2219 8.
232 2183 400 2224 liberius,
439 2195 500 2216 uni
534 2194 573 2215 so
600 2182 874 2227 freimuthiger.
924 2181 985 2215 Sic
1018 2182 1101 2216 Md.
1137 2187 1208 2215 etc.
1243 2181 1412 2215 libentius
1460 2182 1529 2216 Ed.

9 2234 11 2243 '
56 2233 153 2266 nob.
180 2233 366 2276 Stephani,
395 2232 531 2263 (ἆται-ν.
558 2232 667 2275 Being.
695 2232 783 2264 ΕΗ).
813 2250 853 2254 -
898 2231 958 2272 qui
984 2241 1050 2263 non
1076 2230 1191 2262 sulum
1219 2235 1308 2263 statt
1335 2231 1415 2274 quia
1444 2241 1474 2261 71.
1501 2241 1528 2263 s.

7 2284 9 2307 ἶ
54 2283 152 2314 Vict.
182 2283 215 2315 2.
243 2280 300 2313 od.
330 2280 420 2323 quod
445 2284 481 2312 tu
508 2289 586 2312 non.
613 2279 745 2312 Lamb.
783 2297 829 2303 —
863 2278 930 2311 his.
970 2277 1032 2312 Sic
1059 2278 1139 2311 Md.
1171 2276 1267 2311 vict.
1296 2280 1328 2313 2.
1356 2279 1405 2311 z'is
1430 2281 1526 2310 Vict.

56 2332 87 2364 l.
121 2333 267 2372 [eumer.
300 2327 377 2366 fiis,
422 2327 546 2360 meino
579 2326 987 2371 W'iederlierstellung‚
1029 2326 1330 2368 Riickberufung
1362 2327 1528 2370 gepflegt

6 2393 9 2404 ι
52 2376 149 2410 hest.
185 2396 228 2401 ——
278 2376 340 2409 sed
364 2376 486 2418 elium,
510 2376 641 2408 Lami).
668 2375 730 2407 sed
754 2379 785 2408 el
811 2376 899 2410 iam.
925 2394 968 2399 —
1018 2376 1174 2416 novitas,
1200 2375 1264 2408 der
1286 2375 1439 2417 Mangel
1464 2373 1528 2406 des

7 2427 9 2440 '
53 2424 346 2463 Geburtsadels,
388 2423 470 2456 dass
504 2435 544 2456 er
570 2424 628 2456 ein
654 2424 769 2457 homo
796 2434 931 2463 novus,
958 2434 1004 2455 ex
1029 2434 1068 2456 se
1095 2430 1219 2464 natus,
1245 2434 1338 2458 war.
1374 2421 1530 2454 noo-itata·

6 2496 8 2506 l
55 2484 152 2506 meae
184 2480 226 2506 st.
252 2473 366 2513 mihi,
407 2483 503 2506 novo
529 2472 688 2505 homini.
746 2471 782 2504 S.
808 2471 963 2507 Ramsh.
990 2473 1020 2515 ς’.
1047 2473 1128 2508 203,
1157 2474 1190 2513 7,
1217 2473 1250 2511 2,
1278 2482 1308 2502 a.
1343 2489 1384 2495 ·-
1427 2479 1528 2511 quem

56 2526 186 2553 tamen.
213 2521 306 2552 Cdd.
334 2522 370 2552 in
398 2534 445 2553 m.
478 2521 578 2554 1584.
607 2521 832 2564 Mart.-Lag.
861 2519 945 2552 sch.
969 2519 1164 2561 tamenetsi,
1191 2516 1367 2558 (twnctsi)
1393 2522 1526 2550 contra

52 2568 136 2603 Md.
168 2586 208 2591 —
228 2570 436 2610 fortunam,
463 2568 559 2600 Dein
587 2567 784 2602 Schicksal
809 2569 847 2600 in
874 2567 1054 2600 Hinsicht
1081 2567 1146 2599 der
1171 2565 1529 2605 Gliicksumstande,

52 2616 118 2648 des
144 2615 427 2656 wohlstandcs,
467 2617 705 2661 Vei-mogens.
741 2634 782 2640 --
825 2626 871 2648 an
895 2616 996 2648 salus
1020 2615 1153 2656 deser„
1181 2613 1271 2646 oder
1298 2613 1346 2645 ob
1371 2624 1436 2646 uns
1462 2612 1529 2647 der

3 2665 6 2710 f
50 2663 272 2698 Wohlstand
297 2673 390 2707 ganz
417 2664 586 2698 verlasse.
612 2683 656 2689 —
684 2669 747 2697 tua
773 2663 873 2704 virt„
899 2663 1016 2696 durch
1042 2662 1141 2695 Dein
1165 2660 1382 2694 Vei-dienst.

88 2768 93 2769 ⁷
143 2726 179 2761 9.
206 2734 352 2759 emoneo
378 2739 426 2757 z
451 2726 515 2760 ich
541 2724 723 2760 ennahue
748 2724 849 2760 Dich
875 2723 1125 2770 dringcnd.
1174 2722 1246 2757 Ein
1278 2718 1375 2762 ἅπαξ
1399 2719 1526 2768 λεγόμ,
