1742 3006
211 73 296 121 176
469 74 528 115 M.
562 74 617 116 T.
646 67 981 116 CICERONts
1016 32 1381 116 EPISTULAE.

206 200 336 242 (pium
375 186 455 228 has
494 186 690 227 actiones
727 182 1034 234 εὖανατρέπτους
1062 183 1257 235 videbit,
1298 196 1423 225 ruere
1455 185 1652 240 incipiat.

208 245 304 298 Ego
343 247 485 283 autem
524 253 661 294 usquc
698 252 750 280 co
778 252 873 280 sum
901 243 1157 291 enervatus,
1206 243 1254 279 ut
1284 237 1370 279 hoc
1397 239 1517 292 otio,
1565 255 1650 295 quo

206 312 318 340 nunc
347 296 625 346 tabescimus,
654 295 804 336 malim
832 297 1175 343 ἑντυραιννεῖσθαι,
1203 306 1331 348 quam
1360 307 1459 334 cum
1488 296 1655 349 optima

206 369 281 409 ¹spe
311 352 536 393 dimicare.
595 351 664 392 De
722 349 923 402 augendo
953 348 1070 403 quod
1099 362 1167 389 me
1197 350 1353 389 crebro
1382 350 1652 401 adhortaris,

206 409 304 450 fieri
334 407 450 448 nihil
470 410 629 460 potest.
730 405 930 446 asilicam
953 404 1108 457 habeo,
1138 418 1223 445 non
1245 405 1414 457 villam,
1445 405 1651 459 frequen-

207 467 271 505 tia
296 463 644 504 Formianorum.
692 464 751 501 At
780 472 909 514 quam
939 472 1086 514 parom
1115 460 1343 511 basilicae,
1374 461 1537 501 tribum
1565 462 1651 501 Ae.-

204 519 393 559 minam!
437 517 526 559 Sed
555 541 607 546 —
635 517 793 557 omitto
823 515 981 569 vulgus
1010 537 1061 543 -
1091 520 1189 568 post
1212 514 1366 556 horam
1396 530 1451 557 1v.
1477 516 1654 557 molesti

205 575 343 615 ceteri
373 587 458 614 non
486 576 600 614 sunt.
659 572 710 613 C.
742 570 897 611 Arrius
927 570 1155 623 proximus
1184 575 1250 611 est
1277 572 1475 612 vicinus:
1516 572 1651 612 immo

203 631 283 671 ille
321 630 498 683 quidem
547 629 635 668 iam
674 625 1024 674 contubernalis3
1077 625 1155 679 qui
1203 626 1336 666 etiam
1382 640 1428 667 se
1479 626 1653 667 idcirco

203 685 387 727 Romam
417 685 483 724 ire
512 687 666 735 negat,
710 686 758 722 ut
787 681 863 721 hic
891 694 1061 721 mecum
1091 684 1209 721 totos
1238 681 1332 722 dies
1363 681 1649 735 philosophen
1708 703 1712 706 ·

202 747 286 782 tur.
354 740 475 780 Ecce
513 751 571 778 ex
610 739 753 778 altera
780 739 904 791 parte
934 736 1139 788 Sebosus,
1169 736 1245 775 ille
1277 730 1428 777 Catu‘li
1457 736 1649 778 familia-

203 798 280 838 ris.
337 794 438 844 Quo
467 806 536 834 me
565 797 733 834 vertam
745 794 758 833 ’ἕ
807 792 969 833 Statim
997 790 1251 832 mehercule
1281 792 1496 844 Arpinum
1526 793 1650 844 irem,

203 853 248 892 ni
286 854 329 892 te
372 851 418 890 in
465 849 700 889 Formiano
744 847 1096 888 commodissime
1144 846 1396 900 exspectari
1438 846 1650 899 viderem,

204 908 436 948 dumtaxat
473 904 530 945 ad
569 903 682 958 prid.
712 903 822 945 Non.
854 901 960 944 Mai.
1036 901 1177 943 Vides
1208 902 1347 953 enim,
1385 902 1543 956 quibus
1571 902 1646 944 ho-

204 1047 374 1086 werden,
410 1046 538 1080 bildl.
565 1044 772 1090 gestriegelt
797 1042 960 1079 werden.
1021 1043 1094 1076 Ein
1121 1041 1361 1089 passivisches
1386 1042 1494 1079 Verb.
1521 1043 1649 1077 Neutr.

197 1097 239 1133 ,5.
268 1094 415 1130 Grotef.
442 1095 475 1139 ᾖ.
502 1095 560 1129 51.
589 1112 634 1118 -
659 1089 875 1138 minorata,
908 1090 1037 1124 faciles
1064 1091 1111 1124 ad
1137 1090 1397 1129 evertendum,
1438 1089 1557 1124 leicht
1589 1103 1650 1125 um

203 1155 245 1177 zu
269 1151 419 1177 stossen.
473 1143 601 1184 Denn‚
633 1142 721 1175 Was
752 1151 791 1173 er
831 1138 968 1184 gethan
994 1139 1114 1178 hatte,
1156 1139 1220 1171 das
1250 1137 1356 1171 hatte
1381 1149 1421 1171 er
1446 1149 1564 1183 gegen
1590 1139 1650 1172 die

201 1191 400 1236 Auspicien
433 1189 581 1235 gethan.
629 1188 663 1222 S.
697 1200 754 1233 ep.
787 1187 846 1226 35.
874 1198 906 1220 u.
932 1198 991 1232 ep.
1020 1187 1078 1228 41,
1103 1188 1134 1221 2.
1162 1205 1205 1212 -
1255 1196 1357 1220 ruere
1388 1186 1504 1219 instar
1534 1188 1649 1230 ferae,

200 1239 436 1278 losstiirmen,
467 1237 573 1270 einen
598 1237 881 1270 unbesonnenen
907 1234 1052 1268 Schritt
1084 1234 1197 1276 thim,
1245 1233 1419 1267 wodurch
1452 1234 1518 1267 der
1548 1237 1650 1268 Staat

202 1288 238 1319 in
271 1286 373 1319 noch
406 1287 571 1328 grossere
606 1284 840 1327 Verwirrung
877 1281 1059 1328 gerathen
1094 1282 1229 1314 wiirde.
1300 1281 1347 1314 So
1380 1281 1467 1318 sind.
1489 1281 1571 1315 sich
1595 1284 1650 1316 im

202 1335 294 1381 folg.
322 1333 446 1368 Briete
473 1342 575 1366 ruere
599 1342 632 1365 u.
659 1330 799 1372 erigere
823 1340 934 1372 remp.
967 1335 1148 1373 entgegen
1171 1334 1320 1374 gesetzt.
1347 1346 1390 1353 —-
1430 1329 1649 1376 ἑντυραν-

202 1381 413 1424 νεῖσθαι,
438 1380 503 1414 sub
529 1386 688 1424 tyranno
713 1388 800 1417 esse,
825 1388 847 1410 a
870 1383 1029 1422 tyranno
1054 1376 1147 1421 regi.
1207 1376 1291 1423 Vgl.
1307 1385 1364 1420 ep.
1390 1377 1449 1419 35,
1473 1377 1507 1412 3.

295 1450 327 1484 2.
354 1447 411 1482 De
432 1447 645 1491 pangendo,
679 1446 763 1478 eine
788 1442 1027 1478 schristliche
1051 1443 1182 1476 Arbeit
1206 1454 1252 1477 zu
1283 1444 1425 1478 liefern.
1459 1444 1493 1478 S.
1521 1456 1564 1479 zu
1590 1438 1647 1491 ἔῃ).

201 1498 358 1538 XXXII,
390 1497 413 1531 2
435 1498 647 1539 pangentur.
701 1511 741 1517 -
791 1492 988 1526 basilicam.
1037 1491 1144 1524 Diess
1178 1491 1352 1525 bedentet
1384 1492 1645 1538 urspriinglich

204 1548 287 1579 eine
304 1541 636 1588 K'onigswohnung,
660 1542 698 1574 in
723 1540 820 1574 Rom
846 1540 936 1573 aber
951 1539 1010 1572 ein
1035 1540 1101 1573 auf
1112 1539 1242 1572 saulen
1269 1539 1460 1582 ruhendes,
1487 1541 1555 1574 mit
1572 1542 1644 1574 Ga-

199 1595 316 1628 lerien
344 1592 577 1636 umgebenes,
604 1589 832 1633 ger-{iumiges
857 1599 891 1619 n.
921 1587 1152 1621 &ffentliches
1178 1587 1378 1629 Gebaude3
1405 1589 1645 1632 dergleicheu

200 1643 264 1675 auf
300 1641 393 1674 allen
441 1637 735 1682 Marktplssitzen,
787 1635 983 1668 besonders
1033 1635 1098 1667 auf
1138 1634 1222 1667 dem
1262 1636 1360 1668 Foro
1397 1637 1565 1670 Romano
1607 1637 1648 1670 iu

199 1693 336 1733 Menge
361 1698 486 1720 waren
513 1697 546 1717 u.
573 1696 616 1717 zu
633 1683 1010 1726 Gerichtssitzungen,
1038 1682 1415 1717 Zusammenkiinften
1442 1684 1508 1716 der
1532 1685 1644 1717 Kaul'-

199 1739 295 1771 leute
319 1735 393 1768 und
418 1733 715 1777 Staatspiichter,
748 1731 953 1775 uberhaupt
977 1742 1024 1763 zu
1049 1731 1463 1775 Versammlungsorten
1489 1731 1553 1765 des
1577 1733 1646 1773 Pu-

199 1786 355 1818 blikums
380 1782 543 1814 dienten.
600 1779 683 1813 Wir
708 1778 858 1825 wiirden
885 1778 997 1810 dafiir
1021 1777 1095 1810 ein
1120 1777 1419 1813 VVirthshaus
1442 1790 1562 1825 sagen.
1599 1798 1645 1804 —-

191 1835 291 1876 freq.
324 1831 443 1865 For-m.
479 1838 607 1871 wegen
634 1827 697 1860 des
721 1826 921 1861 Uberlaufs
947 1825 1014 1858 der
1038 1826 1278 1871 Formianer,
1324 1826 1384 1860 die
1416 1827 1485 1860 den
1513 1828 1646 1861 Cicero

198 1881 266 1913 alle
301 1878 482 1924 sprechen
514 1876 671 1909 wollten.
711 1893 751 1901 -
796 1874 847 1907 At
871 1884 902 1916 q.
926 1883 1081 1917 parem.
1108 1896 1116 1907 .
1142 1874 1361 1907 Aemiliam!
1408 1875 1432 1907 i.
1468 1886 1499 1909 e.
1534 1886 1646 1920 quam

198 1939 326 1974 parem
352 1926 527 1959 basilicae
558 1922 803 1967 frequentiam
839 1921 956 1954 habeo
989 1919 1027 1954 h.
1053 1932 1085 1954 e.
1111 1932 1219 1965 quam
1245 1922 1366 1966 impar
1391 1921 1483 1955 haec
1509 1923 1592 1956 villa
1618 1935 1644 1957 s.

198 1976 354 2009 basilica
387 1973 475 2006 huic
508 1970 740 2016 frequentiae
775 1969 847 2002 est!
889 1967 1077 2013 quomodo
1104 1968 1199 2002 hanc
1231 1969 1481 2014 frequentiam
1508 1971 1643 2016 capiat,

199 2034 333 2068 nempe
359 2027 477 2054 totam
502 2020 643 2052 tribum
667 2015 889 2051 Aemiliam?
939 2015 1009 2051 Die
1035 2016 1258 2050 Einwohner
1281 2027 1353 2050 von
1379 2019 1547 2052 Formiae
1572 2030 1645 2051 wa-

139 2073 143 2077 *
197 2083 263 2104 ren
296 2071 332 2104 in
359 2069 459 2102 diese
492 2068 602 2100 Zunft
634 2064 951 2111 eingeschrieben.
1001 2063 1143 2096 Schmz
1169 2065 1434 2110 interpungirt:
1460 2067 1513 2099 At
1539 2077 1645 2111 quam

192 2130 230 2162 p.
258 2119 289 2154 b.
315 2118 395 2151 trib.
423 2114 556 2149 Aem..⁷
595 2114 632 2147 h.
660 2125 690 2146 e.
719 2111 908 2158 quomodo
941 2116 1060 2144 totam
1092 2112 1174 2145 fere
1198 2113 1340 2146 tribum
1365 2113 1555 2148 Aemiliam
1579 2126 1643 2159 pa-

196 2178 277 2200 rem
309 2165 431 2198 dicam
469 2163 644 2196 basilicae
679 2162 703 2194 i.
729 2173 759 2194 e.
787 2159 971 2204 quomodo
998 2170 1079 2192 eam
1103 2160 1257 2194 basilica
1282 2160 1439 2206 capiat?
1471 2163 1524 2196 At
1549 2173 1644 2209 cope-

194 2224 321 2258 parem
346 2211 520 2245 basilicae
545 2214 593 2243 tr.
621 2208 747 2244 Aean?
778 2209 880 2243 Man.
906 2208 1035 2241 Lamb.
1069 2207 1111 2240 In
1136 2209 1226 2241 Mss.
1251 2209 1457 2244 nonnullis:
1485 2213 1522 2242 at
1542 2219 1645 2253 quam

193 2266 336 2306 partem
367 2259 542 2292 basilicae
574 2262 617 2291 tr.
659 2257 762 2290 Aem.
812 2274 854 2278 —
903 2255 974 2289 Sed
1010 2267 1084 2289 om.
1118 2266 1203 2289 cum
1237 2256 1330 2292 edd.
1365 2256 1461 2290 Iunii
1493 2256 1643 2291 Schiitz.

194 2312 373 2354 l’opmam
398 2312 513 2339 secut.
542 2324 585 2330 —
611 2305 736 2338 omitto
761 2304 903 2345 vulgus,
929 2302 992 2335 ich
1018 2302 1107 2336 rede
1132 2302 1242 2337 nicht
1264 2315 1349 2338 vom
1374 2315 1523 2348 grosseti
1549 2305 1647 2338 Hau-

194 2359 277 2397 sen,
325 2355 457 2399 bringe
489 2353 556 2385 ibn
583 2353 692 2386 nicht
717 2353 753 2384 in
778 2350 976 2394 Ansehlag.
1012 2370 1055 2375 -
1090 2352 1169 2387 mol,
1195 2355 1277 2393 cet„
1303 2352 1386 2385 Asc.
1411 2352 1510 2385 Crat.
1537 2352 1647 2385 celeri

193 2404 335 2438 molesti
366 2403 390 2436 i.
417 2413 447 2434 e.
474 2400 644 2446 plerique
668 2399 963 2437 Formianorum,
991 2398 1051 2431 die
1077 2399 1191 2433 Lente
1215 2411 1284 2432 von
1307 2399 1488 2432 Formiae.
1539 2400 1644 2434 Cice·
1702 2399 1704 2401 ’

193 2463 322 2485 ronem
346 2457 431 2484 ante
457 2448 590 2482 horam
616 2449 683 2483 1V.
709 2447 907 2479 salutatum
933 2447 1152 2489 veniebant5
1193 2453 1276 2492 post
1301 2448 1396 2480 hanc
1422 2447 1555 2480 horam
1581 2458 1644 2479 ne-

192 2512 254 2533 mo
291 2499 465 2532 molestus
496 2502 576 2530 erat
607 2501 754 2540 praeter
788 2494 933 2527 Arrium
964 2499 1000 2527 et
1029 2494 1219 2530 Sebosum.
1269 2495 1367 2528 Hinc
1399 2494 1493 2528 dicit
1517 2494 1645 2528 omitto

192 2545 501 2590 vulgus.Schi·1tz.
551 2543 650 2576 Aber
673 2543 764 2575 eben
789 2542 916 2574 durum
942 2552 1038 2574 mnss
1061 2542 1131 2575 Sed
1147 2542 1294 2576 bleiben
1321 2541 1398 2576 und
1423 2541 1544 2575 omitto
1567 2542 1644 2574 vul-

191 2606 262 2635 gus
286 2595 382 2627 nach
410 2593 529 2627 Orelli
555 2592 607 2624 uls
634 2589 902 2623 Zwischensutz
927 2590 1131 2633 angesehen
1159 2589 1313 2626 werden.
1343 2608 1382 2615 —
1426 2588 1644 2630 C.'Arrius,

193 2643 259 2675 der
291 2642 385 2674 auch
420 2642 471 2674 im
504 2638 702 2687 folgenden
728 2638 852 2671 Briefe
879 2637 949 2669 init
972 2636 1123 2671 Sebosus
1148 2645 1313 2683 genannt
1335 2638 1446 2677 wird,
1479 2637 1527 2670 ist
1552 2636 1643 2669 eben

194 2702 232 2722 so
258 2690 483 2728 unbekannt,
511 2689 578 2721 wie
604 2687 788 2721 dieser.—-
815 2685 1000 2717 ‹lunatasal
1026 2686 1049 2717 i.
1078 2698 1106 2716 e.
1134 2686 1244 2720 modo
1269 2693 1309 2719 tu
1335 2697 1380 2718 ne
1406 2684 1579 2731 postules,
1604 2689 1645 2715 ut

192 2745 229 2769 te
257 2738 394 2770 diutius
420 2748 531 2781 quam
558 2735 602 2769 ud
629 2734 724 2779 prid.
752 2734 795 2770 N.
823 2733 918 2769 Mai.
953 2733 1032 2771 (bis
1059 2745 1143 2768 zum
1175 2735 1258 2770 men
1284 2734 1389 2777 Mati)
1424 2732 1484 2767 hic
1518 2741 1645 2776 exspe-

1734 103 1742 194 ἒ
