1742 3006
548 87 861 131 EPISTOLA
892 87 1094 131 CLVIII
1096 120 1105 129 .
1467 86 1557 134 541

91 202 250 244 turitas
280 200 520 258 nequedum
547 199 666 242 venit
694 203 737 241 et
764 202 910 241 tamen
946 199 1034 241 iam
1073 199 1404 255 appropinquat.
1463 200 1561 240 Eti-
1597 212 1627 253 2

91 272 162 300 am
192 259 300 299 illud
329 263 372 300 te
402 257 638 308 admoneo,
667 269 720 297 ne
737 255 841 310 quid
860 256 961 297 ullis
980 254 1121 297 literis
1141 257 1414 308 committas,
1445 256 1562 309 quod

92 315 132 355 si
161 315 376 368 prolatum
405 312 484 364 sit,
523 312 706 353 moleste
735 311 941 354 feramus.
1009 311 1151 352 Multa
1179 316 1302 363 sunt,
1342 323 1452 366 quae
1480 324 1562 365 ego

93 371 262 411 nescire
300 369 440 417 malo,
493 380 623 421 quam
661 381 760 408 cum
807 367 951 421 aliquo
999 367 1194 421 periculo
1233 367 1332 408 fieri
1382 367 1560 409 certior.

93 425 232 466 Plura
270 425 327 465 ad
363 428 406 465 te
441 435 580 464 vacuo
619 425 762 465 animo
801 424 1014 473 scribam,
1051 436 1205 477 quum,
1241 428 1289 464 ut
1327 436 1479 476 spero,
1517 435 1565 463 se

94 481 253 522 Cicero
281 493 404 520 meus
433 479 546 520 belle
584 477 774 521 habebit.
839 479 913 520 Tu
950 477 1085 519 velim
1124 491 1276 529 cures,
1319 484 1368 518 ut
1410 478 1564 528 sciam,

95 537 248 590 quibus
287 549 366 576 nos
406 534 514 575 dare
553 540 756 588 oporteat
791 547 889 586 eas,
930 547 1036 588 quas
1066 533 1122 575 ad
1152 538 1194 574 te
1223 533 1382 575 deinde
1413 535 1565 574 literas

94 592 335 632 mittemus:
381 590 644 632 Caesarisne
691 590 960 641 tabellariis,
1009 593 1057 630 ut
1097 589 1135 630 is
1185 588 1241 629 ad
1278 593 1322 630 te
1366 590 1566 642 protinus

94 648 264 699 mittat,
303 660 357 687 an
386 646 594 695 Labieni3
644 647 717 687 ubi
757 647 872 688 enim
912 645 985 686 isti
1022 646 1112 687 sint
1155 643 1313 686 Nervii
1353 651 1396 686 et
1435 658 1566 700 quam

95 703 223 757 longe
250 703 416 754 absint,
459 702 621 742 nescio.
691 702 762 743 De
800 702 962 743 virtute
1002 706 1044 743 et
1082 702 1299 754 gravitate
1344 701 1566 751 Caesaris,
1603 701 1631 741 3

95 772 225 812 quam
254 760 299 798 in
329 771 498 798 summo
528 757 679 798 dolore
719 757 1012 810 adhibuisset,
1051 770 1256 810 magnam
1294 770 1346 798 ex
1385 758 1569 811 epistola

95 819 171 854 tua
219 814 370 867 accepi
416 813 696 866 voluptatem.
773 813 905 862 Quod
942 826 1012 854 me
1061 813 1309 853 institutum
1346 813 1402 853 ad
1445 814 1570 854 illum

94 871 251 924 poema
287 870 407 909 iubes
445 868 681 921 perficere;
732 870 816 910 etsi
854 870 1066 909 distentus
1105 882 1235 923 quum
1275 881 1432 922 opera,
1477 874 1570 909 tum

95 926 240 966 animo
270 937 364 964 sum
393 924 530 964 multo
559 924 715 977 magis,
744 928 889 964 tamen
909 925 1113 978 quoniam
1136 938 1188 964 ex
1211 924 1409 978 epistola,
1440 937 1568 977 quam

95 981 155 1021 ad
185 985 228 1021 te
258 981 480 1027 miseram,
510 979 718 1033 cognovit
739 978 907 1021 Caesar
934 992 1003 1019 me
1033 980 1199 1033 aliquid
1229 992 1323 1019 esse
1352 992 1570 1029 exorsum,

100 1040 296 1077 revertar
335 1034 390 1075 ad
428 1035 700 1085 institutum3
748 1035 880 1089 idque
919 1033 1149 1088 perficiam
1187 1034 1255 1074 his
1285 1035 1569 1088 supplicatio-

98 1105 200 1132 num
230 1092 384 1132 otiosis
415 1089 592 1131 diebus:
634 1090 788 1144 quibus
828 1090 1069 1131 Messalam
1105 1090 1194 1131 iam
1232 1094 1430 1131 nostrum
1470 1090 1571 1131 reli-

98 1161 290 1201 quosque
319 1145 521 1186 molestia
547 1146 712 1187 levatos
735 1146 1012 1187 vehementer
1032 1146 1223 1200 gaudeO,
1253 1159 1434 1200 eumque
1455 1146 1572 1200 quod

100 1207 271 1243 certum
311 1202 531 1242 consulem
571 1215 667 1242 cum
699 1201 897 1242 Domitio
927 1202 1189 1253 numeratis,
1228 1200 1339 1241 nihil
1368 1215 1394 1241 a
1422 1207 1574 1243 nostra

100 1259 304 1313 opinione
344 1257 600 1298 dissentitis.
675 1257 773 1311 Ego
821 1257 1061 1298 Messalam
1108 1257 1290 1297 Caesari
1328 1258 1572 1312 praestabo.

99 1406 158 1440 die
186 1417 338 1454 grossen
362 1405 584 1449 Vortheile,
611 1406 671 1440 die
696 1417 738 1441 er
762 1419 809 1440 zu
827 1409 959 1440 'eirnten
979 1405 1127 1455 gehofft
1151 1405 1268 1440 hatte.
1321 1406 1449 1441 Daher
1474 1406 1574 1441 seine

98 1455 243 1502 Klagen
269 1465 385 1502 gegen
412 1456 562 1489 Marcus
588 1456 679 1489 iiber
704 1466 742 1489 so
775 1455 870 1489 viele
902 1455 1031 1489 Arbeit
1056 1455 1133 1489 und
1157 1455 1361 1501 Strapazen
1388 1455 1463 1489 und
1489 1454 1576 1489 Sor-

101 1513 185 1549 gen.
213 1520 256 1526 —
282 1503 494 1544 malm-itm,
521 1503 580 1536 ‹lie
606 1501 737 1536 rechte
764 1503 848 1536 Zeit
874 1502 978 1536 dazu.

196 1551 227 1585 2.
255 1552 347 1593 quod
378 1551 412 1584 si
442 1551 540 1594 prol.
574 1550 622 1584 sit
647 1556 718 1584 cet.
753 1549 790 1586 S.
819 1550 972 1586 Ramsh.
996 1550 1030 1592 ᾗ.
1060 1551 1140 1591 160,
1170 1552 1200 1584 1.
1227 1550 1275 1584 N.
1301 1550 1335 1583 4.
1365 1550 1442 1590 188,
1470 1550 1503 1583 4.
1531 1568 1574 1574 -

99 1598 260 1641 periculo
296 1604 333 1632 et
365 1604 430 1632 tuo
463 1604 501 1632 et
533 1608 627 1632 mee.
660 1616 706 1622 —
738 1609 849 1631 vacuo
883 1598 1017 1640 auimo,
1060 1598 1119 1631 bei
1154 1596 1332 1644 rubigem
1373 1597 1577 1632 Gemuthe.

102 1646 193 1689 Erg.
221 1647 344 1685 curis,
379 1659 396 1679 a
424 1646 532 1680 curis.
565 1665 604 1671 —
639 1656 678 1679 se
705 1671 714 1680 .
742 1672 752 1683 .
779 1646 870 1679 belle
899 1644 1057 1683 habebit,
1095 1644 1178 1678 sich
1209 1645 1353 1678 wieder
1379 1645 1480 1679 wohl
1514 1645 1579 1679 be-

101 1693 225 1726 finden
252 1693 360 1726 wir-d.
387 1713 432 1718 —
458 1705 540 1735 eas,
569 1704 656 1737 quas
682 1717 691 1727 .
720 1719 728 1728 .
755 1718 762 1725 .
791 1694 932 1727 literas.
960 1693 995 1727 S.
1021 1692 1170 1727 Ramsh.
1197 1693 1228 1736 ἕ.
1257 1694 1337 1735 159,
1364 1693 1401 1729 3.
1428 1704 1459 1734 c,
1487 1692 1577 1728 Not.

107 1744 138 1775 l.
164 1759 209 1765 —
244 1739 416 1783 Labieni,
451 1743 554 1777 Crat.
591 1743 692 1776 Man.
730 1742 861 1775 Lamb.
893 1741 1064 1776 Labieno.
1115 1740 1318 1774 Refellitur
1342 1739 1436 1774 haec
1461 1741 1578 1775 lectio

104 1801 140 1822 v.
169 1787 303 1831 quibus.
325 1789 521 1823 ORELLI.
543 1808 586 1813 --
612 1789 753 1829 Nervii,
778 1789 842 1822 ubi
867 1800 964 1821 nunc
990 1788 1167 1821 hibernas
1192 1799 1278 1821 cum
1300 1788 1462 1833 legione.
1490 1786 1577 1822 Vid.

104 1838 205 1870 Caes.
232 1835 276 1869 de
301 1838 342 1870 B.
368 1837 411 1871 G.
438 1838 486 1877 V,
516 1848 546 1870 c.
575 1838 631 1871 24.
671 1837 877 1871 MANUT.
941 1837 1049 1870 Diese
1085 1835 1278 1880 belgische
1310 1835 1580 1871 V'olkerschaft

102 1882 254 1918 wohnte
281 1883 319 1917 in
344 1884 412 1917 der
437 1884 592 1930 Gegend
620 1884 682 1917 des
707 1884 870 1931 ietzigen
897 1886 1118 1930 Hennegaus
1143 1883 1385 1925 (Hainaults).

199 1932 232 1965 3.
261 1932 316 1965 De
342 1933 424 1966 virt.
454 1937 486 1965 et
511 1942 638 1974 grain,
676 1943 750 1965 was
775 1932 835 1965 die
862 1931 1127 1966 Geistesst'zirke
1152 1931 1229 1963 und
1254 1930 1581 1980 Standhaftigkeit

107 1979 169 2013 des
190 1979 317 2013 C'zisars
343 1979 502 2020 betrifft,
530 1979 587 2012 die
614 1990 653 2012 er
679 1979 717 2011 iu
733 1980 872 2013 seinem
892 1990 1044 2024 grossen
1060 1977 1262 2012 Schmerze
1278 1979 1436 2012 Deinem
1453 1980 1580 2013 Briefe

106 2027 260 2072 zusolge
286 2027 354 2060 soll
379 2027 562 2060 bewiesen
589 2026 722 2060 haben.
757 2027 881 2060 dolore
910 2027 956 2061 ob
988 2028 1127 2070 legatos
1159 2037 1244 2059 cum
1277 2026 1427 2072 legione
1453 2033 1490 2061 et
1517 2038 1581 2062 co-

107 2073 281 2107 hortibus
314 2085 447 2107 caesos.
484 2076 585 2109 Caes.
618 2075 657 2108 B.
688 2075 731 2107 G.
760 2076 805 2114 V,
840 2085 872 2109 e.
905 2076 960 2109 37.
997 2073 1195 2108 MANUI'.
1246 2073 1452 2108 Vielleicht
1483 2076 1580 2109 auch

110 2121 202 2155 iiber·
241 2121 312 2155 den
348 2121 602 2166 friihzeitigen
634 2123 715 2155 Tod
753 2123 875 2156 seiner
907 2132 976 2155 vor
1008 2122 1101 2154 funs
1131 2119 1269 2154 labren
1305 2133 1349 2155 an
1387 2123 1582 2168 Pompeius

108 2167 414 2203 verheiratheten
438 2169 606 2203 'rochter
632 2170 738 2202 Iulia.
773 2189 816 2194 -
853 2170 955 2203 Quod
979 2195 986 2201 .
1011 2195 1019 2202 .
1048 2194 1056 2201 .
1084 2169 1198 2209 iubes,
1235 2180 1309 2202 was
1342 2169 1462 2203 Deine
1487 2170 1582 2204 Auf-

110 2217 322 2264 sorderung
347 2216 501 2252 betrifft.
528 2236 571 2242 —
596 2220 737 2260 poema.
766 2218 955 2258 S.CL111,
973 2218 1005 2250 4.
1030 2236 1074 2241 —
1100 2216 1293 2259 distentus,
1321 2223 1490 2264 gezerrt‚
1517 2223 1582 2263 ge'-

110 2263 244 2306 theilt,
278 2265 480 2298 beliemmt.
512 2283 559 2289 —
590 2266 802 2309 supplicae„
845 2277 932 2309 quas
960 2264 1109 2297 Caesari
1134 2265 1291 2298 fortasse
1318 2266 1364 2299 ob
1389 2266 1582 2299 Ambiori-

111 2322 196 2357 gem
231 2313 476 2358 profligatum
512 2318 656 2345 senatus
689 2314 916 2347 decreverat.
953 2313 1085 2346 MAN.
1122 2330 1164 2336 ·—
1201 2313 1338 2346 otiosis.
1398 2314 1466 2346 Per
1501 2313 1581 2349 dien

111 2359 212 2392 enim
237 2360 552 2404 supplicationum
586 2361 668 2407 lege
702 2371 776 2394 nou
808 2361 999 2408 agebatur.
1057 2360 1113 2393 Ita
1147 2360 1263 2393 otium
1297 2360 1357 2394 illi
1389 2372 1407 2393 a
1441 2361 1581 2395 sorensi

112 2406 240 2440 labore
274 2409 444 2441 futurum
480 2414 571 2441 erat.
630 2408 686 2441 Ne
719 2420 803 2441 cum
840 2408 979 2453 populo
1013 2407 1162 2452 quidem
1196 2414 1277 2441 tum
1311 2408 1474 2453 potuisse
1509 2409 1583 2457 agi,

113 2454 257 2488 indicat
281 2466 338 2500 ep.
368 2456 466 2491 c1V.
494 2455 521 2496 ξ.
548 2457 582 2490 3.
610 2456 674 2488 sub
699 2457 765 2492 fin,
796 2456 993 2491 MAJLJT.
1022 2475 1065 2480 —
1093 2457 1258 2489 molestia
1292 2456 1429 2488 levatos
1465 2456 1584 2504 signi-

113 2502 201 2535 ficat
226 2509 386 2547 propter
409 2503 699 2548 supplicationes
725 2503 879 2544 iudicia,
917 2513 1010 2547 quae
1034 2504 1080 2537 iis
1107 2504 1388 2549 impendebant,
1425 2515 1584 2548 sequen·

113 2549 209 2582 tibus
234 2551 348 2584 etiam
373 2562 498 2584 mense
524 2551 724 2584 Decembri
750 2552 830 2584 aliis
863 2551 967 2584 festis
999 2551 1140 2589 diebus,
1174 2552 1287 2583 dilata
1319 2552 1445 2585 fuisse.
1470 2551 1583 2588 SCH.

115 2595 176 2629 sie
202 2595 330 2630 hatten
357 2600 434 2632 also
470 2598 552 2632 eine
587 2599 763 2632 Zeitlano·
796 2598 902 2633 Ruhe
935 2609 1008 2632 von
1037 2600 1107 2633 den
1148 2598 1366 2640 Prozessen,
1399 2598 1456 2633 die
1489 2600 1582 2634 iiber

116 2645 166 2676 sie
191 2644 373 2691 verhiingt
398 2657 536 2682 waren.
564 2665 607 2670 —
634 2628 773 2680 certat}
801 2650 837 2679 S.
861 2657 915 2691 ep.
934 2647 1026 2688 cm,
1045 2649 1078 2681 3.
1098 2646 1256 2685 CXLIX,
1283 2648 1316 2681 6.
1346 2665 1390 2671 —-
1413 2653 1580 2691 praesta-

115 2692 179 2730 bo,
206 2691 269 2724 ich
296 2694 376 2727 will
402 2694 465 2727 fiir
490 2694 561 2727 den
587 2695 744 2728 Messala
770 2694 869 2727 beim
898 2695 1008 2726 Ca'sar
1035 2700 1101 2738 gut
1128 2704 1254 2738 sagen.
1291 2694 1395 2727 mich
1421 2696 1487 2728 fur
1511 2694 1580 2728 ihn

116 2740 341 2784 ver-hingem
379 2741 413 2775 d.
448 2741 489 2778 ll.
522 2740 585 2777 ich
617 2742 698 2776 will
731 2742 842 2776 dastir
873 2741 1083 2783 einstehen,
1125 2742 1203 2775 dass
1237 2752 1279 2775 er
1312 2743 1407 2776 wird
1443 2744 1580 2778 Consul
