1742 3006
370 79 687 126 EPISTOLA
716 76 969 121 LXXXV.
1013 76 1284 122 LXXXVI.
1481 77 1574 127 295

89 198 186 240 deo.
256 195 326 238 Te
356 208 461 246 oro,
501 195 572 246 ut,
618 190 773 246 quibus
813 191 859 230 in
898 191 1028 230 rebus
1072 191 1159 232 mei
1199 189 1263 232 tui
1302 188 1570 244 indigebunt,

68 252 251 296 nostris
281 251 471 293 miseriis
500 262 555 291 ne
583 246 713 289 desis.
772 246 870 301 Ego
900 249 966 297 te,
996 253 1043 287 ut
1078 245 1262 299 scribis,
1292 246 1380 288 cito
1402 245 1569 287 videbo.

287 438 602 484 EPISTOLA
640 437 918 482 LXXXVI.
977 437 1059 487 (ad
1089 437 1192 478 Div.
1223 435 1281 476 V.
1313 437 1370 487 ¹4.)

228 516 308 552 scr.
344 522 429 563 post
460 515 612 550 initium
646 515 732 548 anni
769 515 816 548 ab
849 514 897 550 n.
942 515 981 549 c,
1018 511 1102 549 697.
1160 513 1210 554 (a.
1261 512 1302 546 o.
1353 511 1430 554 57.)

90 584 259 622 Consulis
292 582 475 618 auxilium
509 582 687 627 implorat
725 592 838 626 seque
869 590 913 614 eo
947 580 1156 625 impetrato
1189 577 1358 613 omnibus
1392 578 1430 611 in
1462 578 1570 613 rebus

372 632 411 665 in
438 630 516 666 eius
540 635 725 676 potestate
758 631 929 664 futurum
952 627 1161 674 promittit.
1191 629 1284 662 1-2.

259 712 313 747 Μ.
350 710 532 748 CICERO
564 709 599 744 S.
636 710 679 744 D.
715 711 761 757 Q.
793 709 1034 744 METELLO
1068 708 1256 745 NEPOTI
1291 707 1396 744 COS.

196 780 377 822 Literae
406 777 562 828 Quinti
584 777 739 820 fratris
763 780 808 819 et
830 777 886 819 T.
910 776 1176 832 Pomponii,
1205 776 1444 818 necessarii
1468 777 1570 828 mei,

85 839 254 878 tantum
283 835 378 890 spei
406 835 644 883 dederant,
684 838 732 875 ut
774 834 819 874 in
857 837 900 873 te
937 846 1023 874 non
1053 834 1198 874 minus
1227 834 1402 883 auxilii,
1441 846 1571 886 quam

88 894 134 934 in
162 897 238 934 tuo
269 892 440 945 collega
467 890 578 931 mihi
607 889 891 931 constitutum
921 887 1073 932 fuerit.
1142 889 1300 944 Itaque
1338 889 1396 930 ad
1433 892 1479 930 te
1515 889 1566 928 li-

86 953 206 990 teras
249 947 400 990 statim
436 946 561 987 misi:
607 959 687 1001 per
725 957 859 999 quas,
904 947 952 985 ut
996 945 1175 987 fortuna
1212 944 1486 1000 postulabat,
1526 948 1572 984 et

87 1004 254 1058 gratias
283 1003 365 1044 tibi
394 1004 465 1058 egi
492 1005 536 1044 et
560 1000 617 1043 de
645 1001 815 1056 reliquo
833 1003 1032 1055 tempore
1053 1001 1264 1042 auxilium
1284 1001 1402 1054 petii.
1440 1000 1572 1041 Post-

18 1066 22 1115 J,
88 1074 141 1102 ea
177 1059 287 1100 mihi
325 1073 411 1100 non
441 1062 534 1100 tam
561 1070 763 1099 meorum
794 1057 974 1108 literae,
1004 1069 1135 1112 quam
1153 1069 1380 1098 sermones
1403 1068 1570 1105 eorum,

88 1115 164 1172 qui
192 1115 278 1157 hac
306 1115 395 1157 iter
434 1114 682 1166 faciebant,
723 1113 916 1154 animum
945 1116 1068 1154 tuum
1095 1113 1374 1155 immutatum
1403 1110 1571 1166 signifi-

87 1173 268 1214 cabant:
308 1184 422 1224 quae
450 1183 522 1212 res
563 1169 698 1222 fecit,
740 1173 787 1210 ut
814 1169 896 1210 tibi
925 1169 1068 1211 literis
1098 1169 1353 1223 obstrepere
1380 1181 1467 1209 non
1497 1181 1570 1208 au-

76 1228 250 1275 derem.
308 1226 438 1268 Nunc
467 1225 578 1267 mihi
606 1225 798 1276 Quintus
827 1224 969 1266 frater
995 1238 1120 1267 meus
1148 1224 1429 1266 mitissimam
1449 1227 1570 1265 tuam

86 1284 357 1336 orationem,
387 1295 518 1337 quam
545 1282 593 1322 in
621 1285 775 1323 senatu
802 1280 1055 1334 habuisses,
1085 1281 1370 1335 perscripsit3
1399 1292 1485 1334 qua
1505 1279 1569 1319 in-

86 1339 244 1379 ductus
275 1338 331 1379 ad
359 1341 404 1379 te
435 1337 631 1379 scribere
658 1350 755 1378 sum
783 1339 966 1378 conatus
996 1341 1040 1378 ct
1069 1337 1146 1378 abs
1170 1340 1240 1386 te,
1269 1338 1476 1391 quantum
1496 1338 1571 1375 tua

91 1394 179 1435 fert
206 1394 432 1447 voluntas,
461 1396 564 1448 peto
593 1405 867 1448 quaesoque,
912 1397 959 1433 ut
987 1396 1087 1434 tuos
1116 1405 1286 1433 mecum
1316 1404 1465 1432 serves
1493 1403 1570 1444 po-

87 1451 200 1502 tius,
239 1463 369 1505 quam
408 1452 591 1504 propter
633 1451 914 1502 arrogantem
955 1447 1266 1489 crudelitatem
1295 1451 1472 1488 tuorum
1503 1460 1572 1486 mo

88 1518 321 1560 oppugnes.
385 1506 480 1557 Tu,
518 1508 615 1546 tuas
654 1504 910 1545 inimicitias
946 1508 995 1546 ut
1035 1504 1099 1546 rei
1138 1504 1337 1559 publicae
1367 1503 1568 1554 donares,

87 1621 408 1670 zuriickschlug,“
458 1621 494 1654 S.
527 1620 608 1655 Cic.
641 1632 698 1666 pr.
733 1619 834 1656 Sext.
869 1621 929 1656 31.
963 1620 1009 1654 ad
1042 1620 1131 1658 Div.
1163 1618 1206 1662 V,
1233 1621 1264 1655 4.
1289 1620 1363 1654 Dio
1392 1622 1485 1655 Cass.
1512 1621 1571 1655 38,

88 1671 148 1716 39.
173 1670 233 1713 39,
258 1671 281 1706 6
306 1668 346 1705 ff.
394 1670 502 1704 Diess
526 1669 628 1703 Alles
652 1668 758 1702 hatte
784 1668 935 1702 Attikus
960 1668 1046 1702 dem
1081 1668 1215 1704 Cicero
1250 1668 1451 1714 gemeldet.
1503 1668 1571 1703 Die

90 1717 332 1752 Uberschrift
365 1717 429 1752 des
460 1716 584 1751 Briefs
615 1728 716 1751 muss
747 1715 915 1751 desshalb
946 1715 1057 1751 nicht
1090 1720 1237 1750 exeunte
1262 1716 1351 1749 Dec.
1378 1716 1482 1750 sond.
1510 1716 1569 1748 111-

87 1765 219 1799 nuarz'o
234 1776 270 1801 α,
295 1777 334 1803 u.
352 1776 384 1800 c.
403 1767 484 1802 697.
510 1775 544 1798 a.
572 1763 664 1798 Chr.
691 1766 749 1800 57.
774 1766 916 1799 lauten.
943 1783 988 1790 —-
1011 1764 1151 1801 videbo.
1202 1764 1318 1798 Plura
1343 1774 1413 1797 non
1438 1764 1571 1798 scribo.

89 1815 208 1856 Cura,
247 1817 287 1847 ut
319 1814 442 1848 valeas
473 1814 540 1849 Cd.
574 1813 776 1847 Antonian.
812 1813 910 1859 apud
949 1813 1108 1858 Malasp.
1148 1813 1245 1846 lens.
1282 1814 1363 1846 Asc.
1401 1814 1432 1846 1.
1470 1814 1569 1846 Crat.

86 1862 231 1896 Manut.
256 1863 387 1898 Lamb.
413 1867 547 1897 contra
570 1861 650 1896 Md.
677 1868 715 1896 et
737 1861 915 1896 Tornaes.
944 1860 1140 1897 ORELLI.

187 1929 227 1964 Ο.
259 1928 486 1964 METELL.
521 1928 635 1963 NEP.
670 1928 732 1963 ein
765 1928 912 1962 Bruder
952 1929 1016 1962 des
1048 1927 1091 1970 Q.
1125 1928 1304 1964 Metellus
1339 1928 1474 1969 Celer,
1517 1927 1569 1960 im

88 1976 202 2011 Iahre
235 1976 335 2011 nach
370 1977 522 2012 Ciceros
557 1977 757 2012 consulate
788 1976 978 2012 Tribunus
1006 1976 1083 2020 PL,
1121 1978 1190 2013 697
1224 1977 1312 2010 aber
1344 1975 1497 2009 Consul.
1534 1974 1568 2008 S.

90 2036 148 2070 ep·
176 2025 293 2106 (IJRI'II'
315 2072 441 2117 Pomp.
468 2071 634 2107 Atticum
659 2072 705 2106 de
729 2071 878 2107 Metelli
902 2073 1098 2107 voluntate
1123 2072 1168 2106 ad
1195 2082 1232 2107 se
1258 2071 1447 2117 scripsisse
1473 2069 1568 2104 dixit

90 2130 149 2165 ep.
175 2121 231 2155 80.
264 2137 308 2144 —-
347 2120 387 2153 in
418 2125 479 2154 tuo
511 2121 658 2163 collega
690 2121 730 2155 P.
763 2120 941 2156 Cornelio
981 2121 1142 2155 Lentulo
1173 2119 1377 2165 Spinthere
1416 2119 1568 2152 consule

89 2167 177 2200 anni
202 2169 283 2203 697.
313 2186 354 2191 —
380 2172 417 2201 ut
436 2169 595 2211 fortuna
616 2173 732 2212 post.‚
761 2169 833 2202 wie
859 2179 896 2202 es
921 2169 1047 2202 meine
1072 2167 1345 2212 ungliickliche
1363 2168 1462 2211 hage
1488 2168 1568 2200 for-

89 2215 204 2249 derte.
232 2236 274 2242 -
301 2216 343 2248 (Ie
368 2216 467 2259 reliq.
494 2219 614 2260 temp„
639 2216 679 2250 in
704 2216 883 2250 Hinsicht
909 2217 975 2251 der
994 2217 1183 2256 Zukunst,
1211 2217 1274 2250 fiir
1299 2216 1360 2249 (lie
1377 2214 1564 2248 Zukunst.

20 2305 22 2311 Ι
93 2281 134 2286 —
161 2263 227 2296 tibi
252 2262 303 2296 lit.
330 2264 557 2308 obstrepere,
583 2263 681 2298 Dich
706 2265 777 2297 mit
801 2264 959 2299 mehren
992 2265 1145 2298 Briesen
1178 2276 1226 2297 zu
1259 2264 1488 2309 behelligen‚
1521 2274 1568 2294 zu

90 2310 377 2355 beunruhigen,
414 2312 521 2345 datin
553 2323 676 2359 geg-en
709 2312 812 2346 Dich
843 2325 893 2346 zu
923 2314 1078 2346 sannen.
1135 2313 1206 2346 Das
1241 2312 1353 2346 Verb.
1380 2312 1426 2344 ist
1451 2312 1490 2342 in
1517 2310 1560 2342 ei*

20 2380 23 2388 ·
89 2359 305 2404 gentlicher
328 2360 550 2406 Bedeutung
575 2371 659 2395 vom
684 2360 877 2396 Ger‘aiusch
903 2361 965 2395 des
997 2362 1164 2405 Regem,
1203 2360 1269 2393 der
1302 2360 1567 2393 Instrumenta,

21 2412 23 2459 Ξ
91 2407 158 2440 der
180 2407 306 2455 Vogel
331 2407 617 2452 gebrauchlich.

184 2455 220 2492 2.
253 2456 478 2497 orationem,
518 2466 630 2500 quam
675 2456 856 2490 Metellus
894 2455 1028 2490 habuit
1071 2456 1196 2502 primo
1242 2455 1454 2490 consulatus
1494 2451 1566 2491 dle,

21 2496 23 2527 ι’
92 2511 208 2545 quum
233 2502 278 2536 de
304 2504 430 2538 reditu
457 2503 651 2539 Ciceronis
676 2505 824 2552 collega
847 2505 926 2538 eius
951 2506 1132 2539 Lentulus
1158 2505 1330 2538 referret.
1358 2502 1446 2534 Vid.
1465 2500 1566 2534 Orat.

22 2572 23 2575 η
93 2559 151 2593 pr.
176 2549 276 2582 Sext.
305 2553 337 2585 l.
365 2570 408 2576 —
443 2551 694 2585 crudelitatem
718 2557 858 2586 tuorum
883 2553 1120 2588 Clodiorum.
1170 2554 1278 2585 Denn
1303 2548 1438 2584 Mezen
1464 2546 1570 2579 stand

20 2600 23 2618 ²
92 2596 164 2629 mit
196 2596 282 2629 dem
317 2598 544 2634 Clodischen
575 2601 696 2634 Hause
734 2601 774 2633 in
807 2611 926 2644 engen
957 2601 1262 2645 Verbindungen.
1322 2597 1389 2631 Dio
1424 2595 1568 2633 Clodia,

92 2643 177 2676 eine
204 2642 414 2680 Schwester
439 2647 501 2680 des
528 2647 562 2679 P.
591 2649 762 2689 Clodius,
796 2659 877 2682 war
909 2648 968 2682 die
1004 2647 1234 2681 Gemnhlinn
1271 2646 1333 2678 des
1360 2646 1405 2689 Q.
1434 2644 1568 2677 Metel*

92 2692 152 2724 lus
180 2692 308 2732 Celer,
334 2694 396 2726 des
422 2695 581 2728 Bruders
608 2707 679 2730 von
702 2696 841 2729 diesem
869 2695 1018 2730 Consul.
1045 2695 1081 2729 S.
1108 2706 1164 2739 op.
1192 2693 1293 2735 xlv,
1313 2695 1346 2729 6.
1373 2692 1506 2733 XXVl‚
1535 2698 1568 2732 5Δ

93 2740 244 2781 XXXV,
272 2741 300 2773 1.
328 2742 493 2781 XXXVI.
520 2744 549 2777 2-
589 2761 628 2768 —-
666 2744 837 2785 donares,
866 2744 1033 2787 Marlyni
1052 2744 1213 2789 -lmgutn
1241 2742 1480 2777 ‹0n‹lonarcs;
1515 2742 1565 2772 ic-
