1742 3006
204 99 298 148 592
337 100 400 144 Μ.
414 102 470 146 Τ
486 101 601 147 cle.
615 99 985 152 EPISTOLAE.
1018 103 1334 150 EPISTOLA
1356 105 1652 152 CLXXXII.

203 218 306 256 κοῖα
334 214 570 269 faciamus,
600 228 653 257 ne
683 216 992 270 intercaletur,
1022 221 1071 258 ut
1098 229 1228 272 quam
1253 218 1442 271 plimum
1472 225 1517 262 te
1538 221 1687 263 videre

203 270 437 324 possimus.

202 405 387 441 orandum
421 410 537 444 essct3
576 404 710 440 deinde
750 405 961 440 celebritate
994 406 1021 444 i.
1056 417 1089 440 e.
1129 407 1343 442 auditorum
1383 408 1599 453 frequentia
1640 410 1687 444 ob

200 464 356 502 graves,
393 463 492 498 quae
517 453 556 486 in
580 453 764 488 iudicium
791 454 991 498 venirent,
1024 451 1169 499 causas,
1206 466 1301 500 quae
1327 455 1364 489 ei
1397 456 1616 500 diligentius
1649 464 1688 491 et

198 500 414 536 accuratius
447 501 600 536 dicendi
634 503 893 536 necessitatem
926 503 1166 549 imponebat,
1207 503 1368 548 denique
1404 515 1509 539 novas
1543 505 1688 548 legibus

201 549 370 595 Pompeii
395 549 475 584 scil.
501 549 613 584 initio
639 551 850 585 consulatus
869 550 925 584 sui
939 551 1078 594 (tertii)
1103 551 1209 595 latis,
1234 552 1371 596 quibus
1387 563 1527 588 novam
1546 553 1688 587 ethre
1701 549 1705 552 ”

200 599 351 633 viorem
385 597 616 632 iudiciorum
653 599 817 632 sormam
851 599 1166 645 praescripserat,
1206 605 1249 633 ut
1288 606 1372 645 post
1409 607 1523 635 testes
1564 600 1689 635 tribus

202 646 342 684 diebus‘
358 646 505 680 auditos
529 657 604 680 uno
631 647 838 693 eodemque
865 648 925 680 die
952 648 997 681 ab
1023 654 1240 683 accusatore
1276 653 1313 681 et
1345 659 1408 682 reo
1441 655 1688 693 peroraretur

200 695 292 736 (vid.
319 695 366 729 ad
393 694 518 731 Cicer.
544 695 589 729 de
617 694 748 729 Officc.
775 697 848 738 111,
878 698 934 736 10,
961 697 1016 731 43.
1043 697 1108 730 sub
1135 697 1248 739 fine);
1289 697 1391 740 quod
1423 697 1462 730 in
1489 698 1687 731 defensore

200 743 421 789 pracsertim
447 754 623 790 magnam
649 754 697 777 ex
721 750 892 789 tempore
913 744 1062 778 dicendi
1080 746 1298 779 facultatem
1327 745 1553 790 requirebat.
1579 744 1686 779 SCH.

201 810 244 817 —
271 802 315 825 ne
340 792 600 832 intercaletur,
640 794 687 826 nc
720 803 846 826 mense
882 793 1083 827 Decembri
1104 806 1138 837 *a
1165 792 1407 838 pontificibus
1433 792 1511 826 dies
1545 793 1686 837 aliquot

199 841 475 874 intercalentur
499 839 652 884 diesque
679 840 787 883 festi,
829 841 961 885 quibus
988 841 1122 876 Cicero
1147 841 1241 875 urbe
1268 841 1403 874 relicta
1437 841 1549 875 villas
1581 841 1687 874 obire

197 894 236 923 et
261 888 430 923 Marium
455 888 620 922 invisere
645 894 811 934 poterat,
854 895 1120 934 prorogentur.
1153 889 1259 923 SCH.
1311 887 1396 923 Ehe
1420 887 1589 922 n'aeimlich
1616 889 1687 924 Ga-

200 948 259 971 εει·
296 936 368 971 den
401 935 629 971 Rtimischen
662 937 852 971 Kalender
892 937 1014 971 durch
1048 937 1321 982 Einschaltung
1353 937 1421 970 der
1454 935 1573 970 zwei
1598 935 1688 970 Mo-

198 983 313 1019 nathe
347 985 387 1018 in
424 984 608 1031 Ordnung
641 984 798 1019 brachte
831 986 874 1026 (s.
912 985 956 1019 G.
992 986 1056 1019 Fr.
1086 987 1232 1021 Grotef.
1268 986 1383 1033 gr'dss.
1411 985 1490 1018 Lat.
1519 985 1686 1019 Gratum.

198 1035 235 1068 2.
261 1033 378 1067 Band.
405 1035 434 1077 §-
462 1034 547 1070 234
574 1034 607 1067 3
636 1046 669 1066 u.
698 1035 816 1075 235.‚)
852 1045 933 1067 war
957 1044 995 1066 es
1023 1035 1061 1066 in
1087 1035 1183 1067 Rom
1209 1034 1298 1067 sehr
1324 1032 1477 1074 iiblich,
1512 1032 1591 1065 dass
1626 1032 1686 1065 die

197 1081 403 1115 Pontifices
430 1081 487 1114 oft
512 1091 621 1127 sog-ar
646 1093 710 1114 aus
736 1082 925 1114 Privatabs
931 1081 1061 1114 ichten
1087 1081 1210 1126 einige
1242 1081 1344 1128 Tage
1378 1080 1465 1114 bald
1499 1078 1688 1113 einsohal-

195 1135 320 1172 tenen,
352 1129 673 1172 bald-ausliessen.
709 1128 744 1165 S.
782 1130 826 1162 ad
861 1130 973 1163 Attio.
1010 1128 1053 1171 V,
1091 1131 1135 1165 21
1172 1136 1267 1164 extr.
1301 1132 1333 1165 9.
1371 1130 1426 1164 13.
1460 1129 1505 1163 ad
1540 1127 1686 1163 Divers.

197 1177 302 1220 v111,
328 1179 350 1213 6
374 1182 470 1212 extr.
501 1177 592 1210 plin,
620 1177 665 1211 H.
693 1178 736 1212 N=
766 1177 906 1219 XVIII,
933 1179 989 1213 25.

741 1681 1145 1718 CORRIGENDA.

414 1751 446 1784 S.
482 1752 545 1786 113
576 1753 680 1784 ΑηιιιΑ
708 1751 808 1784 zoile
838 1754 867 1785 l.
894 1751 917 1783 1.
946 1750 1158 1784 Lusilunierz
1186 1756 1229 1783 st.
1258 1749 1388 1783 laniem⁴

744 1818 784 1822 —
836 1801 867 1834 3.
897 1800 920 1833 l⁴
950 1799 1045 1840 XIX,
1073 1802 1105 1835 7.
1133 1804 1177 1832 st.
1206 1797 1286 1840 XX,
1314 1801 1343 1832 7.
