1742 3006
456 93 770 138 EPISTOLA
808 94 961 139 XCII.
991 96 1169 142 XCIII.
1457 99 1552 148 323

67 221 171 248 num
200 207 422 263 suspicio,
467 205 587 261 quod
616 204 835 260 Pompeio
865 218 912 247 se
951 208 1203 261 gratificari
1242 213 1412 264 putant.
1483 213 1549 256 Ut

68 265 114 304 iu
147 265 274 304 rebus
303 265 446 304 multo
486 266 611 313 ante,
654 275 785 315 quam
825 261 1053 316 profectus
1093 279 1164 317 es,
1209 267 1263 308 ab
1303 268 1401 323 ipso
1441 281 1548 323 rege

69 323 115 359 et
144 321 198 359 ab
241 321 412 360 intimis
452 331 505 359 ac
543 318 805 358 domesticis
845 317 1057 373 Pompeii
1098 321 1214 362 clam
1254 324 1546 377 exulceratis,

69 375 231 415 deinde
273 376 421 428 palam
460 386 485 413 a
524 373 832 414 consularibus
874 376 1120 428 exagitatis
1165 382 1208 418 et
1246 379 1293 418 in
1333 392 1548 422 summam

72 431 286 471 invidiam
316 429 548 480 adductis,
580 430 644 470 ita
675 442 916 471 versamur.
976 430 1186 472 Nostram
1215 431 1352 475 fidem
1382 449 1548 488 omnes,

69 500 264 526 amorem
294 486 360 525 tui
390 486 588 525 absentis
617 489 874 538 praesentes
905 486 972 526 tui
1003 493 1286 540 cognoscent.
1349 488 1398 531 Si
1428 496 1548 532 esset

69 543 114 581 in
147 543 202 581 iis
232 541 371 593 fides,
411 541 458 581 in
489 541 648 596 quibus
687 554 857 583 summa
897 554 993 583 esse
1037 542 1251 596 debebat,
1293 558 1381 588 non
1424 547 1547 589 labo-

70 610 277 642 raremus.

322 741 641 785 EPISTOLA
677 741 855 785 XCIII.
917 743 993 795 (ad
1022 741 1129 788 Div.
1162 743 1198 787 1.
1231 745 1291 793 2.)

135 817 213 853 Scr.
241 820 380 854 Romae
407 831 439 853 a.
467 819 501 852 d.
530 817 628 851 XVI.
656 819 739 854 Kal.
767 817 880 852 Febr.
908 819 950 852 A.
980 820 1024 854 U.
1051 820 1096 857 C.
1124 821 1203 856 698.
1255 823 1303 862 (a.
1332 822 1371 855 C.
1397 821 1476 865 56.)

64 886 228 927 Narrat,
265 886 356 930 quid
387 886 426 919 in
461 895 568 919 causa
603 885 707 930 regia
741 884 869 919 Idibus
895 890 1019 919 actum
1046 886 1087 919 in
1113 891 1244 920 senatu
1269 886 1327 920 sit.
1357 889 1446 923 1-2.
1474 897 1548 934 quo

65 934 281 978 Pompeius,
315 944 388 978 quo
422 934 498 967 eius
531 933 740 966 familiares
773 933 898 966 animo
931 933 1016 966 sint.
1043 935 1076 968 3.
1109 935 1201 978 quid
1227 946 1246 967 a
1272 940 1402 968 senatu
1426 945 1548 980 popu·

64 981 176 1027 loque
212 982 436 1027 sperandum
471 981 534 1020 sit,
579 980 944 1063 signififiageffiixaqiae
977 977 1019 1014 in
1052 991 1094 1015 ea
1125 992 1168 1017 re
1201 982 1322 1016 studia
1355 988 1393 1017 et
1421 982 1547 1018 officia

659 1038 751 1074 poi
866 1054 874 1063 .
933 1053 942 1062 .

299 1103 354 1136 M.
386 1101 569 1135 CICERO
603 1100 638 1136 S.
676 1100 721 1135 D.
757 1099 793 1132 P.
829 1099 1070 1136 LENTULO
1106 1099 1303 1138 PROCOS.

172 1168 327 1210 Idibus
342 1169 625 1210 Ianuariisin
647 1171 801 1208 senatu
823 1167 941 1208 nihil
967 1171 1033 1209 est
1047 1168 1315 1222 confectum,
1338 1172 1540 1226 propter-

62 1237 115 1265 ea
155 1225 274 1279 quod
314 1225 410 1266 dies
450 1237 610 1278 magna
656 1237 715 1264 ex
752 1229 880 1278 parte
923 1229 1207 1279 consumptus
1245 1230 1314 1266 est
1351 1227 1543 1269 alterca-

62 1282 183 1322 tione
212 1281 394 1321 Lentuli
425 1280 622 1320 consulis
654 1284 699 1320 et
727 1279 910 1320 Caninii
940 1281 1110 1320 tribuni
1141 1281 1298 1335 plebis.
1367 1282 1437 1323 Eo
1467 1283 1543 1324 die

61 1349 140 1376 nos
171 1350 345 1390 quoque
374 1336 515 1375 multa
544 1336 680 1375 verba
708 1333 918 1375 fecimus:
961 1336 1246 1390 maximeque
1275 1336 1364 1377 visi
1393 1350 1544 1379 sumus

62 1397 263 1432 senatum
295 1392 716 1432 commemoratione
757 1394 858 1430 tuae
897 1391 1144 1431 voluntatis
1175 1405 1284 1445 erga
1313 1392 1440 1433 illum
1471 1407 1542 1434 or-

7 1459 18 1483 :-
61 1447 210 1488 dinem
243 1460 534 1488 commovere.
594 1446 752 1499 ltaque
782 1446 1000 1498 postridie
1031 1447 1228 1500 placuit,
1266 1451 1315 1488 ut
1343 1448 1544 1491 breviter

61 1504 303 1549 sententias
335 1502 597 1542 diceremus.
657 1501 910 1542 Videbatur
939 1503 1057 1543 enim
1088 1503 1384 1544 reconciliata
1412 1505 1541 1546 nobis

0 1564 17 1578 ·‘
59 1559 266 1598 voluntas
297 1571 392 1598 esse
423 1562 622 1598 senatus:
662 1556 782 1611 quod
812 1568 947 1611 quum
977 1557 1195 1610 dicendo,
1226 1562 1318 1599 tum
1347 1560 1540 1614 singulis

58 1613 338 1669 appellandis
370 1613 669 1667 rogandisque
696 1625 1028 1667 perspexeram.
1087 1614 1246 1669 Itaque
1277 1628 1411 1670 quum
1440 1629 1540 1657 sen-

58 1730 198 1764 wiirde.
226 1749 270 1755 -—
302 1729 458 1773 suspicio
484 1743 532 1761 z
559 1730 697 1774 opinio.
732 1747 777 1754 —-
814 1727 862 1764 Ue
894 1728 933 1762 in
967 1728 1074 1762 rebus
1096 1753 1105 1761 .
1136 1751 1146 1763 .
1176 1755 1186 1765 .
1215 1756 1223 1764 .
1252 1731 1305 1764 ita
1337 1740 1542 1774 versamur,

59 1778 126 1812 wie
159 1790 235 1811 nun
267 1778 435 1812 einmahl
472 1778 532 1811 die
567 1776 686 1811 Sache
719 1776 838 1811 sehon
872 1775 961 1810 sehr
986 1777 1099 1825 lange
1125 1788 1195 1812 vor
1219 1778 1361 1813 Deiner
1386 1779 1540 1814 Abreise

57 1827 96 1860 in
123 1826 181 1860 die
210 1826 370 1859 Provinz
397 1825 518 1860 durch
546 1825 616 1859 den
650 1825 775 1871 K‘dnig
812 1825 923 1858 selbst
953 1825 1029 1858 und
1062 1826 1182 1859 durch
1215 1826 1276 1860 die
1310 1828 1542 1862 Vertrauten

57 1874 132 1908 und
159 1874 418 1908 Hausfreunde
446 1875 508 1908 des
536 1873 732 1918 Pompeius
757 1872 982 1919 in'sgeheim
1008 1873 1216 1908 verdorben
1241 1875 1307 1915 ist,
1340 1874 1539 1910 offentlich

57 1922 147 1956 aber
171 1934 242 1957 von
265 1922 335 1955 den
354 1923 583 1956 Consularen
611 1932 648 1955 so
676 1921 799 1968 hitzig·
819 1919 1011 1954 betrieben
1036 1921 1113 1955 und
1139 1922 1178 1955 in
1204 1923 1266 1956 ein
1293 1921 1429 1958 hb‘chst
1453 1932 1540 1958 ver-

58 1969 196 2004 hames
228 1970 342 2004 Licht
379 1971 528 2018 gestellt
563 1969 680 2012 wird,
714 1968 860 2002 danach
893 1980 993 2001 muss
1031 1968 1097 2002 ich
1136 1970 1239 2003 mich
1278 1969 1425 2005 drehen
1461 1971 1539 2006 und

59 2019 228 2052 wenden.
279 2018 462 2052 Dennoch
489 2018 578 2050 aber
594 2030 629 2050 u.
650 2031 677 2052 s.
696 2029 743 2051 w.
773 2015 863 2063 Vgl,
891 2016 925 2049 d.
954 2016 1048 2063 folg.
1078 2017 1138 2052 Br.
1164 2019 1193 2062 ξ.
1220 2019 1254 2053 3.
1283 2029 1342 2051 am
1368 2018 1465 2054 Eud.
1491 2037 1540 2044 —

10 2091 14 2095 .
58 2065 270 2099 exulcerare
301 2064 511 2112 eigentlich
549 2077 633 2098 zum
670 2064 873 2098 Schw'a'ren
911 2063 1091 2111 bringen,
1138 2065 1273 2100 bildl.
1307 2068 1423 2113 {irger
1457 2078 1536 2102 ma·

59 2112 173 2152 chen,
201 2113 428 2148 ver-derben.
471 2131 511 2138 —
548 2113 719 2147 Nostram
752 2113 788 2146 in
821 2116 855 2145 te
873 2111 984 2152 fidem
1009 2113 1137 2146 Lamb.
1164 2132 1209 2139 -
1234 2118 1446 2157 praesentes
1471 2115 1537 2158 tui,

57 2161 116 2194 die
152 2161 335 2206 Deinigen
369 2163 421 2195 als
454 2160 744 2208 Augenzeugen.
786 2159 849 2194 Sic
875 2161 952 2194 Md.
980 2161 1074 2194 vict.
1106 2163 1135 2195 1.
1165 2163 1198 2197 2.
1229 2162 1367 2197 Graev.
1398 2163 1537 2197 Bened,

57 2209 353 2256 Martyni-Lag.
381 2208 466 2242 Sch.
492 2210 587 2242 Liin.
614 2210 702 2248 (om.
729 2209 784 2241 tui
807 2208 955 2250 Lamb.)
981 2208 1034 2240 tui
1058 2208 1221 2243 absentis
1253 2211 1536 2255 praesentisque,

10 2285 11 2291 ,
58 2257 109 2290 tui
133 2258 252 2302 Neap.
276 2259 355 2290 Asc.
382 2258 474 2291 Ern.
503 2255 701 2293 ORELLI.
740 2257 821 2304 Vgl.
857 2267 913 2301 ep.
949 2255 1085 2295 XCVI,
1118 2259 1159 2293 32
1194 2268 1255 2291 me
1288 2258 1359 2292 tibi
1396 2258 1538 2292 absenti

10 2314 12 2337 s
57 2304 203 2349 tuisque
228 2305 488 2350 praesentibus
522 2305 708 2338 cumulate
735 2305 1026 2338 satisfacturum.
1053 2322 1100 2329 -
1133 2306 1173 2339 in
1199 2306 1247 2340 iis
1272 2306 1350 2340 Md.
1378 2306 1474 2341 Vict.
1504 2307 1536 2341 2.

9 2360 13 2381 ι
58 2351 94 2384 in
119 2351 182 2385 his.
210 2371 254 2377 —-
294 2354 369 2386 deb.
398 2358 484 2386 statt
510 2352 672 2387 deberet.
699 2373 741 2378 —
769 2363 839 2385 non
866 2352 1007 2392 labor.,
1046 2361 1085 2386 so
1120 2353 1248 2388 diii-ste
1284 2365 1351 2387 um
1377 2354 1442 2388 fiir
1467 2353 1538 2387 den

10 2409 13 2431 ε
57 2398 198 2446 Erfolg
229 2400 336 2435 nicht
371 2401 491 2448 bange
517 2400 604 2434 sein.
659 2400 754 2435 Vale
779 2401 901 2435 lassen
927 2411 991 2434 aus
1017 2399 1096 2435 Md.
1127 2401 1244 2448 Neap.
1269 2400 1350 2436 Asc.
1380 2404 1410 2436 1.
1440 2401 1537 2436 Vict.

9 2446 12 2475 ἲ
57 2448 90 2480 l.
116 2448 148 2482 2.
174 2449 472 2496 Martyni·Lag.

155 2510 184 2541 1.
211 2511 435 2550 confectam,
464 2510 718 2557 ausgemacht.
747 2528 791 2535 —
827 2510 867 2546 C.
895 2508 1070 2544 Caninius
1103 2508 1252 2551 Gallus,
1286 2508 1460 2544 tribunus
1484 2509 1537 2556 pl.

8 2567 12 2599 ³.
60 2554 104 2587 de
130 2566 218 2599 rege
244 2557 453 2592 Ptolemaeo
488 2559 701 2592 reducendo
735 2570 822 2592 cum
854 2559 1004 2592 consule
1036 2557 1198 2592 Lentulo
1231 2558 1460 2592 Marcellino
1485 2559 1540 2592 al-

58 2607 220 2636 tercatus
247 2610 310 2637 est.
360 2606 494 2639 Voluit
519 2606 619 2640 enim
644 2607 820 2652 Pompeio
845 2617 927 2640 rem
955 2605 1106 2639 deferri.
1157 2606 1294 2640 Consul
1310 2611 1433 2640 autem
1452 2617 1539 2640 cen-

61 2649 164 2683 sebat
194 2662 325 2697 regem
358 2664 479 2697 neque
513 2665 598 2687 cum
633 2656 806 2688 exercitu
847 2654 1103 2687 reducendum
1139 2662 1216 2686 esse
1249 2663 1369 2696 neque
1403 2653 1448 2687 ab
1482 2654 1541 2692 iis,

62 2698 126 2739 qui
161 2709 247 2731 cum
283 2699 445 2744 imperio
480 2707 611 2735 essent.
662 2703 718 2736 Ita
751 2703 971 2746 Pompeium
1007 2700 1238 2734 excludebat.
1268 2699 1468 2736 MANUT.
1496 2720 1540 2728 σ-

60 2754 134 2777 esse
153 2751 308 2779 senatus.
336 2747 395 2781 bic
421 2748 503 2786 Md.
532 2750 627 2783 vtet.
659 2752 688 2783 1.
715 2751 750 2784 2.
780 2751 918 2784 Bened.
947 2748 1018 2781 rol.
1046 2757 1121 2782 sen.
1150 2757 1224 2781 esce
1248 2748 1376 2784 Lamb.
1405 2749 1543 2785 Graev-

1047 2795 1147 2840 21*
