<?xml version="1.0" encoding="UTF-8"?>
<!DOCTYPE html PUBLIC "-//W3C//DTD XHTML 1.0 Transitional//EN"
    "http://www.w3.org/TR/xhtml1/DTD/xhtml1-transitional.dtd">
<html xmlns="http://www.w3.org/1999/xhtml" xml:lang="en" lang="en">
 <head>
  <title>
</title>
<meta http-equiv="Content-Type" content="text/html;charset=utf-8" />
  <meta name='ocr-system' content='tesseract 3.04.00' />
  <meta name='ocr-capabilities' content='ocr_page ocr_carea ocr_par ocr_line ocrx_word'/>
</head>
<body>
  <div class='ocr_page' id='page_1' title='image "./epistolaeadattic00ciceuoft_0230.png"; bbox 0 0 1742 3006; ppageno 0'>
   <div class='ocr_carea' id='block_1_1' title="bbox 173 70 1377 121">
    <p class='ocr_par' dir='ltr' id='par_1_1' title="bbox 173 70 1377 121">
     <span class='ocr_line' id='line_1_1' title="bbox 173 70 1377 121; baseline 0.001 -2"><span class='ocrx_word' id='word_1_1' title='bbox 173 70 268 121; x_wconf 77' lang='lat'>214</span> <span class='ocrx_word' id='word_1_2' title='bbox 448 75 512 119; x_wconf 89' lang='grc' dir='ltr'>Μ.</span> <span class='ocrx_word' id='word_1_3' title='bbox 545 75 602 119; x_wconf 88' lang='grc' dir='ltr'>Τ.</span> <span class='ocrx_word' id='word_1_4' title='bbox 634 71 974 119; x_wconf 85' lang='lat' dir='ltr'>CICERONIS</span> <span class='ocrx_word' id='word_1_5' title='bbox 1013 73 1377 120; x_wconf 83' lang='lat' dir='ltr'>EPISTOLAE</span> 
     </span>
    </p>
   </div>
   <div class='ocr_carea' id='block_1_2' title="bbox 166 186 1659 1009">
    <p class='ocr_par' dir='ltr' id='par_1_2' title="bbox 166 186 1659 1009">
     <span class='ocr_line' id='line_1_2' title="bbox 175 186 1654 243; baseline 0.003 -14"><span class='ocrx_word' id='word_1_6' title='bbox 175 186 233 229; x_wconf 88' lang='lat' dir='ltr'>de</span> <span class='ocrx_word' id='word_1_7' title='bbox 261 186 419 229; x_wconf 86' lang='lat' dir='ltr'>Flacci</span> <span class='ocrx_word' id='word_1_8' title='bbox 449 188 660 241; x_wconf 77' lang='lat' dir='ltr'>praetura</span> <span class='ocrx_word' id='word_1_9' title='bbox 687 187 735 228; x_wconf 82' lang='lat' dir='ltr'>et</span> <span class='ocrx_word' id='word_1_10' title='bbox 762 186 819 230; x_wconf 91' lang='lat' dir='ltr'>de</span> <span class='ocrx_word' id='word_1_11' title='bbox 848 186 933 229; x_wconf 90' lang='lat' dir='ltr'>illo</span> <span class='ocrx_word' id='word_1_12' title='bbox 964 190 1167 242; x_wconf 81' lang='lat' dir='ltr'>tempore</span> <span class='ocrx_word' id='word_1_13' title='bbox 1205 186 1503 243; x_wconf 86' lang='lat' dir='ltr'>Allobrogum</span> <span class='ocrx_word' id='word_1_14' title='bbox 1532 189 1654 233; x_wconf 87' lang='lat' dir='ltr'>dice-</span> 
     </span>
     <span class='ocr_line' id='line_1_3' title="bbox 175 239 1655 295; baseline 0.003 -11"><span class='ocrx_word' id='word_1_15' title='bbox 175 247 269 285; x_wconf 82' lang='lat' dir='ltr'>ret!</span> <span class='ocrx_word' id='word_1_16' title='bbox 310 242 389 285; x_wconf 89' lang='lat' dir='ltr'>Sic</span> <span class='ocrx_word' id='word_1_17' title='bbox 417 241 611 295; x_wconf 81' lang='lat' dir='ltr'>habeto,</span> <span class='ocrx_word' id='word_1_18' title='bbox 648 255 732 284; x_wconf 91' lang='lat' dir='ltr'>nec</span> <span class='ocrx_word' id='word_1_19' title='bbox 769 243 990 285; x_wconf 81' lang='lat' dir='ltr'>amantius</span> <span class='ocrx_word' id='word_1_20' title='bbox 1031 257 1116 286; x_wconf 89' lang='lat' dir='ltr'>nec</span> <span class='ocrx_word' id='word_1_21' title='bbox 1154 239 1531 286; x_wconf 86' lang='lat' dir='ltr'>honorificentius</span> <span class='ocrx_word' id='word_1_22' title='bbox 1571 259 1655 289; x_wconf 91' lang='lat' dir='ltr'>nec</span> 
     </span>
     <span class='ocr_line' id='line_1_4' title="bbox 175 296 1657 354; baseline 0.001 -13"><span class='ocrx_word' id='word_1_23' title='bbox 175 299 403 354; x_wconf 84' lang='lat' dir='ltr'>copiosius</span> <span class='ocrx_word' id='word_1_24' title='bbox 432 298 633 351; x_wconf 83' lang='lat' dir='ltr'>potuisse</span> <span class='ocrx_word' id='word_1_25' title='bbox 662 299 771 340; x_wconf 89' lang='lat' dir='ltr'>dici.</span> <span class='ocrx_word' id='word_1_26' title='bbox 842 299 903 341; x_wconf 93' lang='lat' dir='ltr'>Ei</span> <span class='ocrx_word' id='word_1_27' title='bbox 943 302 988 341; x_wconf 81' lang='lat' dir='ltr'>te</span> <span class='ocrx_word' id='word_1_28' title='bbox 1027 296 1118 341; x_wconf 90' lang='lat' dir='ltr'>hoc</span> <span class='ocrx_word' id='word_1_29' title='bbox 1160 300 1359 341; x_wconf 87' lang='lat' dir='ltr'>scribere</span> <span class='ocrx_word' id='word_1_30' title='bbox 1398 312 1426 341; x_wconf 90' lang='lat' dir='ltr'>a</span> <span class='ocrx_word' id='word_1_31' title='bbox 1462 313 1533 342; x_wconf 88' lang='lat' dir='ltr'>me</span> <span class='ocrx_word' id='word_1_32' title='bbox 1571 302 1657 344; x_wconf 84' lang='lat' dir='ltr'>tibi</span> 
     </span>
     <span class='ocr_line' id='line_1_5' title="bbox 175 353 1658 411; baseline 0.002 -15"><span class='ocrx_word' id='word_1_33' title='bbox 175 367 272 396; x_wconf 82' lang='lat' dir='ltr'>esse</span> <span class='ocrx_word' id='word_1_34' title='bbox 301 354 510 406; x_wconf 81' lang='lat' dir='ltr'>missum,</span> <span class='ocrx_word' id='word_1_35' title='bbox 540 366 647 395; x_wconf 88' lang='lat' dir='ltr'>sane</span> <span class='ocrx_word' id='word_1_36' title='bbox 675 355 796 396; x_wconf 87' lang='lat' dir='ltr'>volo.</span> <span class='ocrx_word' id='word_1_37' title='bbox 856 353 946 396; x_wconf 88' lang='lat' dir='ltr'>Sed</span> <span class='ocrx_word' id='word_1_38' title='bbox 967 354 1077 409; x_wconf 91' lang='lat' dir='ltr'>quid</span> <span class='ocrx_word' id='word_1_39' title='bbox 1105 358 1154 397; x_wconf 81' lang='lat' dir='ltr'>tu</span> <span class='ocrx_word' id='word_1_40' title='bbox 1183 354 1381 397; x_wconf 72' lang='lat' dir='ltr'>scribas?</span> <span class='ocrx_word' id='word_1_41' title='bbox 1408 369 1539 411; x_wconf 88' lang='lat' dir='ltr'>quem</span> <span class='ocrx_word' id='word_1_42' title='bbox 1567 355 1658 399; x_wconf 82' lang='lat' dir='ltr'>iam</span> 
     </span>
     <span class='ocr_line' id='line_1_6' title="bbox 174 409 1659 466; baseline 0.001 -14"><span class='ocrx_word' id='word_1_43' title='bbox 174 424 257 465; x_wconf 87' lang='lat' dir='ltr'>ego</span> <span class='ocrx_word' id='word_1_44' title='bbox 292 409 448 450; x_wconf 84' lang='lat' dir='ltr'>venire</span> <span class='ocrx_word' id='word_1_45' title='bbox 489 413 623 464; x_wconf 77' lang='lat' dir='ltr'>atque</span> <span class='ocrx_word' id='word_1_46' title='bbox 664 409 822 452; x_wconf 82' lang='lat' dir='ltr'>adesse</span> <span class='ocrx_word' id='word_1_47' title='bbox 860 411 1070 452; x_wconf 86' lang='lat' dir='ltr'><strong>arbitror.</strong></span> <span class='ocrx_word' id='word_1_48' title='bbox 1137 410 1210 452; x_wconf 73' lang='lat' dir='ltr'>Ita</span> <span class='ocrx_word' id='word_1_49' title='bbox 1249 412 1368 453; x_wconf 89' lang='lat' dir='ltr'>enim</span> <span class='ocrx_word' id='word_1_50' title='bbox 1406 412 1479 466; x_wconf 85' lang='lat' dir='ltr'>egi</span> <span class='ocrx_word' id='word_1_51' title='bbox 1509 415 1659 454; x_wconf 80' lang='lat' dir='ltr'>tecum</span> 
     </span>
     <span class='ocr_line' id='line_1_7' title="bbox 172 464 1658 521; baseline 0.001 -14"><span class='ocrx_word' id='word_1_52' title='bbox 172 464 476 519; x_wconf 87' lang='lat' dir='ltr'>superioribus</span> <span class='ocrx_word' id='word_1_53' title='bbox 505 466 668 508; x_wconf 86' lang='lat' dir='ltr'>literis.</span> <span class='ocrx_word' id='word_1_54' title='bbox 725 465 877 508; x_wconf 85' lang='lat' dir='ltr'>Valde</span> <span class='ocrx_word' id='word_1_55' title='bbox 913 469 958 507; x_wconf 80' lang='lat' dir='ltr'>te</span> <span class='ocrx_word' id='word_1_56' title='bbox 987 469 1227 521; x_wconf 80' lang='lat' dir='ltr'>exspect0‚</span> <span class='ocrx_word' id='word_1_57' title='bbox 1256 467 1390 510; x_wconf 80' lang='lat' dir='ltr'>valde</span> <span class='ocrx_word' id='word_1_58' title='bbox 1420 467 1658 518; x_wconf 78' lang='lat' dir='ltr'>desider03</span> 
     </span>
     <span class='ocr_line' id='line_1_8' title="bbox 169 521 1657 577; baseline 0.002 -15"><span class='ocrx_word' id='word_1_59' title='bbox 169 533 315 575; x_wconf 86' lang='lat' dir='ltr'>neque</span> <span class='ocrx_word' id='word_1_60' title='bbox 345 533 427 575; x_wconf 85' lang='lat' dir='ltr'>ego</span> <span class='ocrx_word' id='word_1_61' title='bbox 456 521 626 575; x_wconf 83' lang='lat' dir='ltr'>magis,</span> <span class='ocrx_word' id='word_1_62' title='bbox 669 535 802 576; x_wconf 85' lang='lat' dir='ltr'>quam</span> <span class='ocrx_word' id='word_1_63' title='bbox 830 522 932 576; x_wconf 83' lang='lat' dir='ltr'>ipsa</span> <span class='ocrx_word' id='word_1_64' title='bbox 961 535 1032 564; x_wconf 87' lang='lat' dir='ltr'>res</span> <span class='ocrx_word' id='word_1_65' title='bbox 1062 526 1107 563; x_wconf 82' lang='lat' dir='ltr'>et</span> <span class='ocrx_word' id='word_1_66' title='bbox 1134 524 1308 577; x_wconf 82' lang='lat' dir='ltr'>tempus</span> <span class='ocrx_word' id='word_1_67' title='bbox 1337 524 1499 577; x_wconf 84' lang='lat' dir='ltr'>poscit.</span> <span class='ocrx_word' id='word_1_68' title='bbox 1570 523 1657 565; x_wconf 89' lang='lat' dir='ltr'>His</span> 
     </span>
     <span class='ocr_line' id='line_1_9' title="bbox 169 576 1657 633; baseline 0.003 -16"><span class='ocrx_word' id='word_1_69' title='bbox 169 576 228 617; x_wconf 89' lang='lat' dir='ltr'>de</span> <span class='ocrx_word' id='word_1_70' title='bbox 256 577 452 631; x_wconf 83' lang='lat' dir='ltr'>negotiis</span> <span class='ocrx_word' id='word_1_71' title='bbox 482 576 592 631; x_wconf 92' lang='lat' dir='ltr'>quid</span> <span class='ocrx_word' id='word_1_72' title='bbox 619 579 813 619; x_wconf 83' lang='lat' dir='ltr'>scribam</span> <span class='ocrx_word' id='word_1_73' title='bbox 842 576 901 618; x_wconf 85' lang='lat' dir='ltr'>ad</span> <span class='ocrx_word' id='word_1_74' title='bbox 930 581 999 631; x_wconf 80' lang='lat' dir='ltr'>te,</span> <span class='ocrx_word' id='word_1_75' title='bbox 1037 578 1127 619; x_wconf 86' lang='lat' dir='ltr'>nisi</span> <span class='ocrx_word' id='word_1_76' title='bbox 1156 577 1302 631; x_wconf 87' lang='lat' dir='ltr'>idem,</span> <span class='ocrx_word' id='word_1_77' title='bbox 1343 579 1464 633; x_wconf 91' lang='lat' dir='ltr'>quod</span> <span class='ocrx_word' id='word_1_78' title='bbox 1493 578 1657 633; x_wconf 71' lang='lat' dir='ltr'>saepe?</span> 
     </span>
     <span class='ocr_line' id='line_1_10' title="bbox 169 631 1656 689; baseline 0.002 -16"><span class='ocrx_word' id='word_1_79' title='bbox 169 631 240 673; x_wconf 91' lang='lat' dir='ltr'>Re</span> <span class='ocrx_word' id='word_1_80' title='bbox 268 633 453 686; x_wconf 85' lang='lat' dir='ltr'>publica</span> <span class='ocrx_word' id='word_1_81' title='bbox 480 632 600 673; x_wconf 88' lang='lat' dir='ltr'>nihil</span> <span class='ocrx_word' id='word_1_82' title='bbox 641 633 947 688; x_wconf 83' lang='lat' dir='ltr'>desperatius;</span> <span class='ocrx_word' id='word_1_83' title='bbox 985 634 1070 687; x_wconf 83' lang='lat' dir='ltr'>iis,</span> <span class='ocrx_word' id='word_1_84' title='bbox 1111 645 1298 688; x_wconf 89' lang='lat' dir='ltr'>quorum</span> <span class='ocrx_word' id='word_1_85' title='bbox 1335 633 1496 689; x_wconf 68' lang='lat' dir='ltr'>opera,</span> <span class='ocrx_word' id='word_1_86' title='bbox 1537 633 1656 676; x_wconf 90' lang='lat' dir='ltr'>nihil</span> 
     </span>
     <span class='ocr_line' id='line_1_11' title="bbox 168 686 1658 744; baseline 0.003 -16"><span class='ocrx_word' id='word_1_87' title='bbox 168 688 339 729; x_wconf 87' lang='lat' dir='ltr'>maiore</span> <span class='ocrx_word' id='word_1_88' title='bbox 370 688 491 730; x_wconf 87' lang='lat' dir='ltr'>odio.</span> <span class='ocrx_word' id='word_1_89' title='bbox 549 686 667 742; x_wconf 87' lang='lat' dir='ltr'>Nos,</span> <span class='ocrx_word' id='word_1_90' title='bbox 696 694 747 730; x_wconf 77' lang='lat' dir='ltr'>ut</span> <span class='ocrx_word' id='word_1_91' title='bbox 775 689 929 744; x_wconf 90' lang='lat' dir='ltr'>opinio</span> <span class='ocrx_word' id='word_1_92' title='bbox 959 694 1006 731; x_wconf 85' lang='lat' dir='ltr'>et</span> <span class='ocrx_word' id='word_1_93' title='bbox 1025 701 1126 744; x_wconf 85' lang='lat' dir='ltr'>spes</span> <span class='ocrx_word' id='word_1_94' title='bbox 1148 692 1194 729; x_wconf 87' lang='lat' dir='ltr'>et</span> <span class='ocrx_word' id='word_1_95' title='bbox 1220 689 1481 732; x_wconf 76' lang='lat' dir='ltr'>coniectura</span> <span class='ocrx_word' id='word_1_96' title='bbox 1501 695 1658 732; x_wconf 80' lang='lat' dir='ltr'>nostra</span> 
     </span>
     <span class='ocr_line' id='line_1_12' title="bbox 167 742 1656 796; baseline 0.002 -12"><span class='ocrx_word' id='word_1_97' title='bbox 167 742 285 796; x_wconf 82' lang='lat' dir='ltr'>sert,</span> <span class='ocrx_word' id='word_1_98' title='bbox 331 742 595 786; x_wconf 85' lang='lat' dir='ltr'>firmissima</span> <span class='ocrx_word' id='word_1_99' title='bbox 643 744 958 787; x_wconf 82' lang='lat' dir='ltr'>benevolentia</span> <span class='ocrx_word' id='word_1_100' title='bbox 1007 744 1240 786; x_wconf 89' lang='lat' dir='ltr'>hominum</span> <span class='ocrx_word' id='word_1_101' title='bbox 1289 747 1452 787; x_wconf 77' lang='lat' dir='ltr'>muniti</span> <span class='ocrx_word' id='word_1_102' title='bbox 1488 759 1656 787; x_wconf 82' lang='lat' dir='ltr'>sumus.</span> 
     </span>
     <span class='ocr_line' id='line_1_13' title="bbox 168 798 1659 856; baseline 0.003 -17"><span class='ocrx_word' id='word_1_103' title='bbox 168 798 324 849; x_wconf 82' lang='lat' dir='ltr'>Quare</span> <span class='ocrx_word' id='word_1_104' title='bbox 353 799 530 841; x_wconf 80' lang='lat' dir='ltr'>advola.</span> <span class='ocrx_word' id='word_1_105' title='bbox 588 800 681 842; x_wconf 85' lang='lat' dir='ltr'>Aut</span> <span class='ocrx_word' id='word_1_106' title='bbox 710 801 925 856; x_wconf 85' lang='lat' dir='ltr'>expedies</span> <span class='ocrx_word' id='word_1_107' title='bbox 955 814 1038 849; x_wconf 85' lang='lat' dir='ltr'>nos</span> <span class='ocrx_word' id='word_1_108' title='bbox 1067 801 1189 842; x_wconf 92' lang='lat' dir='ltr'>omni</span> <span class='ocrx_word' id='word_1_109' title='bbox 1217 801 1430 843; x_wconf 79' lang='lat' dir='ltr'>molestia</span> <span class='ocrx_word' id='word_1_110' title='bbox 1457 805 1536 843; x_wconf 81' lang='lat' dir='ltr'>aut</span> <span class='ocrx_word' id='word_1_111' title='bbox 1565 803 1659 844; x_wconf 83' lang='lat' dir='ltr'>eris</span> 
     </span>
     <span class='ocr_line' id='line_1_14' title="bbox 167 855 1656 911; baseline 0.003 -16"><span class='ocrx_word' id='word_1_112' title='bbox 167 856 411 909; x_wconf 81' lang='lat' dir='ltr'>particeps.</span> <span class='ocrx_word' id='word_1_113' title='bbox 469 855 579 898; x_wconf 86' lang='lat' dir='ltr'>Ideo</span> <span class='ocrx_word' id='word_1_114' title='bbox 600 869 696 896; x_wconf 86' lang='lat' dir='ltr'>sum</span> <span class='ocrx_word' id='word_1_115' title='bbox 715 858 920 911; x_wconf 81' lang='lat' dir='ltr'>brevior,</span> <span class='ocrx_word' id='word_1_116' title='bbox 950 856 1093 911; x_wconf 82' lang='lat' dir='ltr'>quod,</span> <span class='ocrx_word' id='word_1_117' title='bbox 1123 861 1174 898; x_wconf 79' lang='lat' dir='ltr'>ut</span> <span class='ocrx_word' id='word_1_118' title='bbox 1197 869 1355 910; x_wconf 77' lang='lat' dir='ltr'>spero,</span> <span class='ocrx_word' id='word_1_119' title='bbox 1385 868 1537 899; x_wconf 85' lang='lat' dir='ltr'>coram</span> <span class='ocrx_word' id='word_1_120' title='bbox 1557 858 1656 899; x_wconf 86' lang='lat' dir='ltr'>bre-</span> 
     </span>
     <span class='ocr_line' id='line_1_15' title="bbox 166 910 1657 1006; baseline 0.002 -54"><span class='ocrx_word' id='word_1_121' title='bbox 166 911 455 1006; x_wconf 70' lang='lat' dir='ltr'>viltemporc</span> <span class='ocrx_word' id='word_1_122' title='bbox 498 910 730 966; x_wconf 84' lang='lat' dir='ltr'>conferre,</span> <span class='ocrx_word' id='word_1_123' title='bbox 767 926 880 968; x_wconf 84' lang='lat' dir='ltr'>quae</span> <span class='ocrx_word' id='word_1_124' title='bbox 919 913 1150 966; x_wconf 85' lang='lat' dir='ltr'>volumus,</span> <span class='ocrx_word' id='word_1_125' title='bbox 1190 912 1364 954; x_wconf 82' lang='lat' dir='ltr'>licebit.</span> <span class='ocrx_word' id='word_1_126' title='bbox 1425 912 1568 966; x_wconf 83' lang='lat' dir='ltr'>Cura,</span> <span class='ocrx_word' id='word_1_127' title='bbox 1607 916 1657 955; x_wconf 65' lang='lat' dir='ltr'>ut</span> 
     </span>
     <span class='ocr_line' id='line_1_16' title="bbox 166 979 336 1009; baseline 0 -1"><span class='ocrx_word' id='word_1_128' title='bbox 166 979 224 1008; x_wconf 85' lang='lat' dir='ltr'>va</span> <span class='ocrx_word' id='word_1_129' title='bbox 245 979 336 1009; x_wconf 77' lang='lat' dir='ltr'>eas,</span> 
     </span>
    </p>
   </div>
   <div class='ocr_carea' id='block_1_3' title="bbox 165 1097 1659 1865">
    <p class='ocr_par' dir='ltr' id='par_1_3' title="bbox 165 1097 1659 1865">
     <span class='ocr_line' id='line_1_17' title="bbox 167 1097 1658 1143; baseline 0.003 -14"><span class='ocrx_word' id='word_1_130' title='bbox 167 1099 274 1139; x_wconf 76' lang='lat' dir='ltr'>nale,</span> <span class='ocrx_word' id='word_1_131' title='bbox 302 1097 373 1132; x_wconf 89' lang='lat' dir='ltr'>mit</span> <span class='ocrx_word' id='word_1_132' title='bbox 399 1097 570 1134; x_wconf 85' lang='lat' dir='ltr'>welcher</span> <span class='ocrx_word' id='word_1_133' title='bbox 593 1098 731 1134; x_wconf 84' lang='lat' dir='ltr'>Pracht</span> <span class='ocrx_word' id='word_1_134' title='bbox 756 1110 831 1134; x_wconf 90' lang='lat' dir='ltr'>von</span> <span class='ocrx_word' id='word_1_135' title='bbox 853 1098 1148 1136; x_wconf 80' lang='lat' dir='ltr'>Beredsamkeit.</span> <span class='ocrx_word' id='word_1_136' title='bbox 1176 1117 1219 1124; x_wconf 84' lang='lat'>—-</span> <span class='ocrx_word' id='word_1_137' title='bbox 1247 1098 1289 1132; x_wconf 82' lang='lat' dir='ltr'>de</span> <span class='ocrx_word' id='word_1_138' title='bbox 1313 1097 1445 1133; x_wconf 76' lang='lat' dir='ltr'>Flacci</span> <span class='ocrx_word' id='word_1_139' title='bbox 1465 1103 1658 1143; x_wconf 82' lang='lat' dir='ltr'>praetura.</span> 
     </span>
     <span class='ocr_line' id='line_1_18' title="bbox 166 1143 1658 1190; baseline 0.001 -12"><span class='ocrx_word' id='word_1_140' title='bbox 166 1145 211 1178; x_wconf 92' lang='lat' dir='ltr'>L.</span> <span class='ocrx_word' id='word_1_141' title='bbox 242 1143 414 1180; x_wconf 82' lang='lat' dir='ltr'>Valerius</span> <span class='ocrx_word' id='word_1_142' title='bbox 441 1148 614 1190; x_wconf 79' lang='lat' dir='ltr'>Flaccus,</span> <span class='ocrx_word' id='word_1_143' title='bbox 647 1147 715 1182; x_wconf 88' lang='lat' dir='ltr'>der</span> <span class='ocrx_word' id='word_1_144' title='bbox 739 1154 852 1182; x_wconf 88' lang='lat' dir='ltr'>unter</span> <span class='ocrx_word' id='word_1_145' title='bbox 886 1146 1049 1182; x_wconf 85' lang='lat' dir='ltr'>Cicero&#39;s</span> <span class='ocrx_word' id='word_1_146' title='bbox 1074 1147 1273 1182; x_wconf 81' lang='lat' dir='ltr'>consulate</span> <span class='ocrx_word' id='word_1_147' title='bbox 1303 1146 1459 1181; x_wconf 79' lang='lat' dir='ltr'>Praetor</span> <span class='ocrx_word' id='word_1_148' title='bbox 1483 1148 1658 1182; x_wconf 78' lang='lat' dir='ltr'>Urbanus</span> 
     </span>
     <span class='ocr_line' id='line_1_19' title="bbox 166 1193 1657 1235; baseline 0.003 -10"><span class='ocrx_word' id='word_1_149' title='bbox 166 1204 204 1226; x_wconf 88' lang='lat' dir='ltr'>u.</span> <span class='ocrx_word' id='word_1_150' title='bbox 231 1193 454 1228; x_wconf 66' lang='lat' dir='ltr'>demnachst</span> <span class='ocrx_word' id='word_1_151' title='bbox 487 1196 736 1230; x_wconf 78' lang='lat' dir='ltr'>unmittelbar</span> <span class='ocrx_word' id='word_1_152' title='bbox 760 1206 830 1230; x_wconf 82' lang='lat' dir='ltr'>vor</span> <span class='ocrx_word' id='word_1_153' title='bbox 856 1195 984 1230; x_wconf 84' lang='lat' dir='ltr'>dessen</span> <span class='ocrx_word' id='word_1_154' title='bbox 1009 1195 1156 1229; x_wconf 87' lang='lat' dir='ltr'>Bruder</span> <span class='ocrx_word' id='word_1_155' title='bbox 1181 1193 1338 1235; x_wconf 80' lang='lat' dir='ltr'>Quintus</span> <span class='ocrx_word' id='word_1_156' title='bbox 1363 1193 1590 1229; x_wconf 81' lang='lat' dir='ltr'>Statthalter</span> <span class='ocrx_word' id='word_1_157' title='bbox 1615 1195 1657 1228; x_wconf 90' lang='lat' dir='ltr'>in</span> 
     </span>
     <span class='ocr_line' id='line_1_20' title="bbox 168 1238 1658 1292; baseline 0.003 -20"><span class='ocrx_word' id='word_1_158' title='bbox 168 1238 238 1273; x_wconf 82' lang='lat' dir='ltr'>der</span> <span class='ocrx_word' id='word_1_159' title='bbox 270 1241 428 1277; x_wconf 88' lang='lat' dir='ltr'>Provinz</span> <span class='ocrx_word' id='word_1_160' title='bbox 458 1243 569 1278; x_wconf 80' lang='lat' dir='ltr'>Asien</span> <span class='ocrx_word' id='word_1_161' title='bbox 605 1254 777 1292; x_wconf 82' lang='lat' dir='ltr'>gewesen</span> <span class='ocrx_word' id='word_1_162' title='bbox 809 1254 910 1286; x_wconf 88' lang='lat' dir='ltr'>war,</span> <span class='ocrx_word' id='word_1_163' title='bbox 943 1243 1046 1277; x_wconf 80' lang='lat' dir='ltr'>hatte</span> <span class='ocrx_word' id='word_1_164' title='bbox 1078 1243 1143 1276; x_wconf 80' lang='lat' dir='ltr'>das</span> <span class='ocrx_word' id='word_1_165' title='bbox 1174 1239 1373 1276; x_wconf 80' lang='lat' dir='ltr'>Schicksal</span> <span class='ocrx_word' id='word_1_166' title='bbox 1398 1253 1522 1291; x_wconf 80' lang='lat' dir='ltr'>gegen</span> <span class='ocrx_word' id='word_1_167' title='bbox 1546 1243 1658 1277; x_wconf 72' lang='lat' dir='ltr'>Eudo</span> 
     </span>
     <span class='ocr_line' id='line_1_21' title="bbox 166 1288 1658 1339; baseline 0.003 -18"><span class='ocrx_word' id='word_1_168' title='bbox 166 1288 288 1322; x_wconf 80' lang='lat' dir='ltr'>dieses</span> <span class='ocrx_word' id='word_1_169' title='bbox 314 1289 423 1324; x_wconf 84' lang='lat' dir='ltr'>Iahrs</span> <span class='ocrx_word' id='word_1_170' title='bbox 448 1303 519 1325; x_wconf 86' lang='lat' dir='ltr'>von</span> <span class='ocrx_word' id='word_1_171' title='bbox 554 1291 640 1326; x_wconf 83' lang='lat' dir='ltr'>dem</span> <span class='ocrx_word' id='word_1_172' title='bbox 677 1291 921 1336; x_wconf 86' lang='lat' dir='ltr'>Pompeianer</span> <span class='ocrx_word' id='word_1_173' title='bbox 953 1292 1001 1324; x_wconf 89' lang='lat' dir='ltr'>D.</span> <span class='ocrx_word' id='word_1_174' title='bbox 1028 1290 1176 1324; x_wconf 79' lang='lat' dir='ltr'>Laelius</span> <span class='ocrx_word' id='word_1_175' title='bbox 1207 1290 1254 1324; x_wconf 84' lang='lat' dir='ltr'>de</span> <span class='ocrx_word' id='word_1_176' title='bbox 1286 1290 1516 1335; x_wconf 79' lang='lat' dir='ltr'>Repetundis</span> <span class='ocrx_word' id='word_1_177' title='bbox 1541 1301 1658 1339; x_wconf 84' lang='lat' dir='ltr'>ange-</span> 
     </span>
     <span class='ocr_line' id='line_1_22' title="bbox 166 1335 1659 1386; baseline 0.003 -18"><span class='ocrx_word' id='word_1_178' title='bbox 166 1335 276 1381; x_wconf 85' lang='lat' dir='ltr'>klagt</span> <span class='ocrx_word' id='word_1_179' title='bbox 301 1347 350 1370; x_wconf 86' lang='lat' dir='ltr'>zu</span> <span class='ocrx_word' id='word_1_180' title='bbox 381 1340 549 1374; x_wconf 81' lang='lat' dir='ltr'>werden.</span> <span class='ocrx_word' id='word_1_181' title='bbox 605 1339 657 1374; x_wconf 71' lang='lat' dir='ltr'>Es</span> <span class='ocrx_word' id='word_1_182' title='bbox 681 1339 966 1386; x_wconf 78' lang='lat' dir='ltr'>vertheidigten</span> <span class='ocrx_word' id='word_1_183' title='bbox 999 1337 1069 1371; x_wconf 84' lang='lat' dir='ltr'>ihu</span> <span class='ocrx_word' id='word_1_184' title='bbox 1095 1338 1230 1374; x_wconf 85' lang='lat' dir='ltr'>Cicero</span> <span class='ocrx_word' id='word_1_185' title='bbox 1267 1336 1355 1378; x_wconf 88' lang='lat' dir='ltr'>(mit</span> <span class='ocrx_word' id='word_1_186' title='bbox 1387 1337 1456 1371; x_wconf 85' lang='lat' dir='ltr'>der</span> <span class='ocrx_word' id='word_1_187' title='bbox 1487 1338 1659 1382; x_wconf 76' lang='lat' dir='ltr'>gr&#39;dssten</span> 
     </span>
     <span class='ocr_line' id='line_1_23' title="bbox 166 1383 1658 1432; baseline 0.001 -14"><span class='ocrx_word' id='word_1_188' title='bbox 166 1383 300 1418; x_wconf 75' lang='lat' dir='ltr'>Theils</span> <span class='ocrx_word' id='word_1_189' title='bbox 324 1386 426 1420; x_wconf 87' lang='lat' dir='ltr'>noch</span> <span class='ocrx_word' id='word_1_190' title='bbox 451 1387 720 1422; x_wconf 84' lang='lat' dir='ltr'>vorhandenen</span> <span class='ocrx_word' id='word_1_191' title='bbox 744 1386 847 1421; x_wconf 85' lang='lat' dir='ltr'>Rede</span> <span class='ocrx_word' id='word_1_192' title='bbox 873 1397 944 1432; x_wconf 85' lang='lat' dir='ltr'>pro</span> <span class='ocrx_word' id='word_1_193' title='bbox 969 1387 1120 1426; x_wconf 86' lang='lat' dir='ltr'>Flacco)</span> <span class='ocrx_word' id='word_1_194' title='bbox 1148 1385 1225 1419; x_wconf 85' lang='lat' dir='ltr'>und</span> <span class='ocrx_word' id='word_1_195' title='bbox 1256 1385 1323 1419; x_wconf 81' lang='lat' dir='ltr'>der</span> <span class='ocrx_word' id='word_1_196' title='bbox 1349 1386 1535 1420; x_wconf 86' lang='lat' dir='ltr'>Consular</span> <span class='ocrx_word' id='word_1_197' title='bbox 1559 1387 1658 1420; x_wconf 84' lang='lat' dir='ltr'>Hor-</span> 
     </span>
     <span class='ocr_line' id='line_1_24' title="bbox 167 1431 1659 1482; baseline 0.003 -17"><span class='ocrx_word' id='word_1_198' title='bbox 167 1431 325 1476; x_wconf 71' lang='lat' dir='ltr'>tensius,</span> <span class='ocrx_word' id='word_1_199' title='bbox 363 1434 432 1469; x_wconf 84' lang='lat' dir='ltr'>der</span> <span class='ocrx_word' id='word_1_200' title='bbox 456 1435 516 1469; x_wconf 87' lang='lat' dir='ltr'>bei</span> <span class='ocrx_word' id='word_1_201' title='bbox 542 1435 665 1470; x_wconf 82' lang='lat' dir='ltr'>dieser</span> <span class='ocrx_word' id='word_1_202' title='bbox 692 1434 944 1480; x_wconf 80' lang='lat' dir='ltr'>Gelegenheit</span> <span class='ocrx_word' id='word_1_203' title='bbox 969 1434 1054 1468; x_wconf 82' lang='lat' dir='ltr'>dem</span> <span class='ocrx_word' id='word_1_204' title='bbox 1081 1434 1217 1468; x_wconf 84' lang='lat' dir='ltr'>Cicero</span> <span class='ocrx_word' id='word_1_205' title='bbox 1242 1432 1302 1466; x_wconf 85' lang='lat' dir='ltr'>die</span> <span class='ocrx_word' id='word_1_206' title='bbox 1329 1431 1532 1482; x_wconf 66' lang='lat' dir='ltr'>praehtige</span> <span class='ocrx_word' id='word_1_207' title='bbox 1557 1435 1659 1469; x_wconf 83' lang='lat' dir='ltr'>Lob-</span> 
     </span>
     <span class='ocr_line' id='line_1_25' title="bbox 167 1480 1655 1528; baseline 0.001 -14"><span class='ocrx_word' id='word_1_208' title='bbox 167 1480 259 1514; x_wconf 85' lang='lat' dir='ltr'>rede</span> <span class='ocrx_word' id='word_1_209' title='bbox 284 1480 396 1518; x_wconf 87' lang='lat' dir='ltr'>hielt.</span> <span class='ocrx_word' id='word_1_210' title='bbox 446 1483 601 1518; x_wconf 78' lang='lat' dir='ltr'>Flaccus</span> <span class='ocrx_word' id='word_1_211' title='bbox 625 1483 727 1518; x_wconf 81' lang='lat' dir='ltr'>wirtl</span> <span class='ocrx_word' id='word_1_212' title='bbox 752 1481 849 1518; x_wconf 89' lang='lat' dir='ltr'>noch</span> <span class='ocrx_word' id='word_1_213' title='bbox 871 1481 1046 1517; x_wconf 76' lang='lat' dir='ltr'>erw&#39;ahnt</span> <span class='ocrx_word' id='word_1_214' title='bbox 1071 1482 1117 1516; x_wconf 80' lang='lat' dir='ltr'>ad</span> <span class='ocrx_word' id='word_1_215' title='bbox 1134 1481 1247 1516; x_wconf 63' lang='lat' dir='ltr'>Attic.</span> <span class='ocrx_word' id='word_1_216' title='bbox 1272 1481 1382 1521; x_wconf 91' lang='lat' dir='ltr'>VIII,</span> <span class='ocrx_word' id='word_1_217' title='bbox 1408 1482 1442 1516; x_wconf 88' lang='grc'>3.</span> <span class='ocrx_word' id='word_1_218' title='bbox 1460 1481 1553 1528; x_wconf 75' lang='lat' dir='ltr'>Agr.</span> <span class='ocrx_word' id='word_1_219' title='bbox 1580 1481 1655 1525; x_wconf 89' lang='lat'>111,</span> 
     </span>
     <span class='ocr_line' id='line_1_26' title="bbox 167 1528 1658 1577; baseline -0.001 -13"><span class='ocrx_word' id='word_1_220' title='bbox 167 1530 200 1564; x_wconf 90' lang='lat'>2.</span> <span class='ocrx_word' id='word_1_221' title='bbox 226 1529 384 1575; x_wconf 84' lang='lat' dir='ltr'>Appian.</span> <span class='ocrx_word' id='word_1_222' title='bbox 413 1531 458 1566; x_wconf 86' lang='lat' dir='ltr'>de</span> <span class='ocrx_word' id='word_1_223' title='bbox 490 1532 584 1566; x_wconf 85' lang='lat' dir='ltr'>Bell.</span> <span class='ocrx_word' id='word_1_224' title='bbox 623 1531 702 1566; x_wconf 85' lang='lat' dir='ltr'>Civ.</span> <span class='ocrx_word' id='word_1_225' title='bbox 739 1533 772 1570; x_wconf 83' lang='lat'>1.</span> <span class='ocrx_word' id='word_1_226' title='bbox 808 1542 847 1577; x_wconf 89' lang='lat' dir='ltr'>p.</span> <span class='ocrx_word' id='word_1_227' title='bbox 883 1532 966 1567; x_wconf 83' lang='grc'>686.</span> <span class='ocrx_word' id='word_1_228' title='bbox 999 1530 1056 1564; x_wconf 88' lang='lat' dir='ltr'>ed.</span> <span class='ocrx_word' id='word_1_229' title='bbox 1090 1530 1189 1564; x_wconf 90' lang='lat' dir='ltr'>Toll.</span> <span class='ocrx_word' id='word_1_230' title='bbox 1239 1528 1404 1563; x_wconf 79' lang='lat' dir='ltr'>Decimus</span> <span class='ocrx_word' id='word_1_231' title='bbox 1439 1529 1586 1563; x_wconf 74' lang='lat' dir='ltr'>Laelius</span> <span class='ocrx_word' id='word_1_232' title='bbox 1617 1530 1658 1563; x_wconf 87' lang='lat' dir='ltr'>in</span> 
     </span>
     <span class='ocr_line' id='line_1_27' title="bbox 168 1577 1653 1624; baseline 0.001 -14"><span class='ocrx_word' id='word_1_233' title='bbox 168 1577 273 1611; x_wconf 62' lang='lat' dir='ltr'>Orat,</span> <span class='ocrx_word' id='word_1_234' title='bbox 299 1589 370 1624; x_wconf 85' lang='lat' dir='ltr'>pro</span> <span class='ocrx_word' id='word_1_235' title='bbox 396 1581 525 1617; x_wconf 79' lang='lat' dir='ltr'>Flacc.</span> <span class='ocrx_word' id='word_1_236' title='bbox 552 1590 583 1614; x_wconf 89' lang='lat' dir='ltr'>c.</span> <span class='ocrx_word' id='word_1_237' title='bbox 611 1581 648 1614; x_wconf 84' lang='lat'>1.</span> <span class='ocrx_word' id='word_1_238' title='bbox 671 1579 718 1614; x_wconf 88' lang='lat' dir='ltr'>ad</span> <span class='ocrx_word' id='word_1_239' title='bbox 741 1579 854 1614; x_wconf 82' lang='lat' dir='ltr'>Attio.</span> <span class='ocrx_word' id='word_1_240' title='bbox 884 1579 988 1620; x_wconf 89' lang='lat' dir='ltr'>VIII,</span> <span class='ocrx_word' id='word_1_241' title='bbox 1016 1581 1072 1613; x_wconf 89' lang='lat'>11.</span> <span class='ocrx_word' id='word_1_242' title='bbox 1109 1597 1151 1604; x_wconf 91' lang='lat'>—</span> <span class='ocrx_word' id='word_1_243' title='bbox 1185 1577 1228 1610; x_wconf 74' lang='lat' dir='ltr'>de</span> <span class='ocrx_word' id='word_1_244' title='bbox 1252 1577 1320 1610; x_wconf 82' lang='lat' dir='ltr'>illo</span> <span class='ocrx_word' id='word_1_245' title='bbox 1345 1581 1451 1620; x_wconf 84' lang='lat' dir='ltr'>temp.</span> <span class='ocrx_word' id='word_1_246' title='bbox 1477 1578 1653 1611; x_wconf 83' lang='lat' dir='ltr'>Allobro-</span> 
     </span>
     <span class='ocr_line' id='line_1_28' title="bbox 166 1624 1656 1673; baseline 0.001 -16"><span class='ocrx_word' id='word_1_247' title='bbox 166 1634 256 1667; x_wconf 82' lang='lat' dir='ltr'>gum</span> <span class='ocrx_word' id='word_1_248' title='bbox 281 1625 306 1661; x_wconf 86' lang='lat' dir='ltr'>i.</span> <span class='ocrx_word' id='word_1_249' title='bbox 335 1636 367 1661; x_wconf 83' lang='lat' dir='ltr'>c.</span> <span class='ocrx_word' id='word_1_250' title='bbox 392 1628 438 1661; x_wconf 89' lang='lat' dir='ltr'>de</span> <span class='ocrx_word' id='word_1_251' title='bbox 463 1634 657 1673; x_wconf 84' lang='lat' dir='ltr'>tempore,</span> <span class='ocrx_word' id='word_1_252' title='bbox 693 1637 767 1672; x_wconf 85' lang='lat' dir='ltr'>quo</span> <span class='ocrx_word' id='word_1_253' title='bbox 799 1627 1047 1671; x_wconf 81' lang='lat' dir='ltr'>Allobrogum</span> <span class='ocrx_word' id='word_1_254' title='bbox 1081 1625 1221 1672; x_wconf 82' lang='lat' dir='ltr'>legati,</span> <span class='ocrx_word' id='word_1_255' title='bbox 1257 1624 1452 1660; x_wconf 85' lang='lat' dir='ltr'>Ciceronis</span> <span class='ocrx_word' id='word_1_256' title='bbox 1490 1626 1656 1659; x_wconf 81' lang='lat' dir='ltr'>consulis</span> 
     </span>
     <span class='ocr_line' id='line_1_29' title="bbox 166 1672 1653 1718; baseline 0.001 -13"><span class='ocrx_word' id='word_1_257' title='bbox 166 1673 268 1707; x_wconf 84' lang='lat' dir='ltr'>iussu</span> <span class='ocrx_word' id='word_1_258' title='bbox 293 1685 315 1707; x_wconf 83' lang='lat' dir='ltr'>a</span> <span class='ocrx_word' id='word_1_259' title='bbox 340 1675 381 1709; x_wconf 81' lang='lat' dir='ltr'>L.</span> <span class='ocrx_word' id='word_1_260' title='bbox 410 1675 560 1709; x_wconf 80' lang='lat' dir='ltr'>Valerio</span> <span class='ocrx_word' id='word_1_261' title='bbox 593 1675 729 1709; x_wconf 83' lang='lat' dir='ltr'>Flacco</span> <span class='ocrx_word' id='word_1_262' title='bbox 764 1679 802 1708; x_wconf 88' lang='lat' dir='ltr'>et</span> <span class='ocrx_word' id='word_1_263' title='bbox 839 1675 879 1708; x_wconf 96' lang='lat' dir='ltr'>C.</span> <span class='ocrx_word' id='word_1_264' title='bbox 908 1674 1066 1708; x_wconf 82' lang='lat' dir='ltr'>Pontino</span> <span class='ocrx_word' id='word_1_265' title='bbox 1099 1672 1338 1718; x_wconf 84' lang='lat' dir='ltr'>praetoribus</span> <span class='ocrx_word' id='word_1_266' title='bbox 1372 1672 1653 1718; x_wconf 81' lang='lat' dir='ltr'>comprehensi,</span> 
     </span>
     <span class='ocr_line' id='line_1_30' title="bbox 167 1719 1653 1769; baseline 0.002 -16"><span class='ocrx_word' id='word_1_267' title='bbox 167 1719 416 1769; x_wconf 84' lang='lat' dir='ltr'>invulgarunt</span> <span class='ocrx_word' id='word_1_268' title='bbox 441 1723 628 1759; x_wconf 83' lang='lat' dir='ltr'>Catilinae</span> <span class='ocrx_word' id='word_1_269' title='bbox 653 1722 966 1756; x_wconf 81' lang='lat' dir='ltr'>coniurationem.</span> <span class='ocrx_word' id='word_1_270' title='bbox 1007 1720 1096 1754; x_wconf 86' lang='lat' dir='ltr'>Vid.</span> <span class='ocrx_word' id='word_1_271' title='bbox 1123 1731 1182 1767; x_wconf 86' lang='lat' dir='ltr'>ep.</span> <span class='ocrx_word' id='word_1_272' title='bbox 1214 1719 1356 1764; x_wconf 85' lang='lat' dir='ltr'>XVIII,</span> <span class='ocrx_word' id='word_1_273' title='bbox 1383 1722 1416 1756; x_wconf 87' lang='lat'>2.</span> <span class='ocrx_word' id='word_1_274' title='bbox 1448 1720 1587 1764; x_wconf 84' lang='lat' dir='ltr'>XXVI,</span> <span class='ocrx_word' id='word_1_275' title='bbox 1618 1723 1653 1756; x_wconf 82' lang='lat'>3.</span> 
     </span>
     <span class='ocr_line' id='line_1_31' title="bbox 166 1766 1653 1812; baseline 0.001 -11"><span class='ocrx_word' id='word_1_276' title='bbox 166 1768 315 1806; x_wconf 78' lang='lat' dir='ltr'>Sallust.</span> <span class='ocrx_word' id='word_1_277' title='bbox 344 1771 423 1806; x_wconf 86' lang='lat' dir='ltr'>eat.</span> <span class='ocrx_word' id='word_1_278' title='bbox 451 1772 508 1805; x_wconf 68' lang='lat'>40.</span> <span class='ocrx_word' id='word_1_279' title='bbox 536 1772 592 1804; x_wconf 80' lang='lat'>41.</span> <span class='ocrx_word' id='word_1_280' title='bbox 621 1771 701 1806; x_wconf 83' lang='lat' dir='ltr'>Cic.</span> <span class='ocrx_word' id='word_1_281' title='bbox 730 1771 809 1806; x_wconf 86' lang='lat' dir='ltr'>Cat.</span> <span class='ocrx_word' id='word_1_282' title='bbox 836 1771 905 1812; x_wconf 86' lang='lat'>111,</span> <span class='ocrx_word' id='word_1_283' title='bbox 932 1771 967 1805; x_wconf 87' lang='lat'>5.</span> <span class='ocrx_word' id='word_1_284' title='bbox 994 1788 1040 1795; x_wconf 90' lang='lat'>—</span> <span class='ocrx_word' id='word_1_285' title='bbox 1074 1766 1141 1802; x_wconf 74' lang='lat' dir='ltr'>hoc</span> <span class='ocrx_word' id='word_1_286' title='bbox 1167 1793 1176 1802; x_wconf 91' lang='lat'>.</span> <span class='ocrx_word' id='word_1_287' title='bbox 1203 1794 1214 1806; x_wconf 83' lang='lat'>.</span> <span class='ocrx_word' id='word_1_288' title='bbox 1241 1779 1265 1802; x_wconf 88' lang='grc' dir='ltr'><em>α</em></span> <span class='ocrx_word' id='word_1_289' title='bbox 1290 1779 1346 1802; x_wconf 80' lang='lat' dir='ltr'>me</span> <span class='ocrx_word' id='word_1_290' title='bbox 1372 1768 1440 1803; x_wconf 66' lang='lat' dir='ltr'>tibi</span> <span class='ocrx_word' id='word_1_291' title='bbox 1464 1778 1542 1803; x_wconf 82' lang='lat' dir='ltr'>esse</span> <span class='ocrx_word' id='word_1_292' title='bbox 1566 1769 1653 1803; x_wconf 66' lang='lat' dir='ltr'>mis-</span> 
     </span>
     <span class='ocr_line' id='line_1_32' title="bbox 165 1815 1027 1865; baseline 0 -14"><span class='ocrx_word' id='word_1_293' title='bbox 165 1826 266 1861; x_wconf 68' lang='lat' dir='ltr'>cam,</span> <span class='ocrx_word' id='word_1_294' title='bbox 290 1817 370 1852; x_wconf 80' lang='lat' dir='ltr'>dass</span> <span class='ocrx_word' id='word_1_295' title='bbox 395 1815 460 1852; x_wconf 84' lang='lat' dir='ltr'>ich</span> <span class='ocrx_word' id='word_1_296' title='bbox 486 1817 557 1853; x_wconf 88' lang='lat' dir='ltr'>Dir</span> <span class='ocrx_word' id='word_1_297' title='bbox 583 1818 678 1852; x_wconf 80' lang='lat' dir='ltr'>diess</span> <span class='ocrx_word' id='word_1_298' title='bbox 704 1819 895 1865; x_wconf 81' lang='lat' dir='ltr'>gemeldet</span> <span class='ocrx_word' id='word_1_299' title='bbox 921 1818 1027 1852; x_wconf 88' lang='lat' dir='ltr'>habe.</span> 
     </span>
    </p>
   </div>
   <div class='ocr_carea' id='block_1_4' title="bbox 166 1884 1653 2025">
    <p class='ocr_par' dir='ltr' id='par_1_4' title="bbox 166 1884 1653 2025">
     <span class='ocr_line' id='line_1_33' title="bbox 262 1884 1653 1931; baseline 0.001 -11"><span class='ocrx_word' id='word_1_300' title='bbox 262 1886 295 1921; x_wconf 80' lang='lat'>2.</span> <span class='ocrx_word' id='word_1_301' title='bbox 321 1896 421 1929; x_wconf 84' lang='lat' dir='ltr'>quem</span> <span class='ocrx_word' id='word_1_302' title='bbox 451 1885 695 1919; x_wconf 81' lang='lat' dir='ltr'>referendum</span> <span class='ocrx_word' id='word_1_303' title='bbox 728 1884 774 1918; x_wconf 84' lang='lat' dir='ltr'>ad</span> <span class='ocrx_word' id='word_1_304' title='bbox 807 1885 1035 1931; x_wconf 80' lang='lat' dir='ltr'>praecedens</span> <span class='ocrx_word' id='word_1_305' title='bbox 1066 1894 1278 1930; x_wconf 80' lang='lat' dir='ltr'>pronomen</span> <span class='ocrx_word' id='word_1_306' title='bbox 1311 1887 1358 1921; x_wconf 78' lang='lat' dir='ltr'>tu.</span> <span class='ocrx_word' id='word_1_307' title='bbox 1391 1884 1521 1921; x_wconf 81' lang='lat' dir='ltr'>Lamb.</span> <span class='ocrx_word' id='word_1_308' title='bbox 1551 1887 1653 1921; x_wconf 86' lang='lat' dir='ltr'>Crat.</span> 
     </span>
     <span class='ocr_line' id='line_1_34' title="bbox 166 1932 1653 1979; baseline 0.002 -13"><span class='ocrx_word' id='word_1_309' title='bbox 166 1943 238 1976; x_wconf 80' lang='lat' dir='ltr'>ego</span> <span class='ocrx_word' id='word_1_310' title='bbox 264 1934 351 1967; x_wconf 79' lang='lat' dir='ltr'>iam.</span> <span class='ocrx_word' id='word_1_311' title='bbox 377 1953 420 1959; x_wconf 93' lang='lat'>—-</span> <span class='ocrx_word' id='word_1_312' title='bbox 456 1934 548 1977; x_wconf 78' lang='lat' dir='ltr'>quod</span> <span class='ocrx_word' id='word_1_313' title='bbox 573 1944 682 1977; x_wconf 79' lang='lat' dir='ltr'>saepe</span> <span class='ocrx_word' id='word_1_314' title='bbox 714 1932 863 1979; x_wconf 80' lang='lat' dir='ltr'>scripsi.</span> <span class='ocrx_word' id='word_1_315' title='bbox 899 1952 946 1958; x_wconf 90' lang='lat'>—</span> <span class='ocrx_word' id='word_1_316' title='bbox 981 1933 1050 1974; x_wconf 79' lang='lat' dir='ltr'>iis,</span> <span class='ocrx_word' id='word_1_317' title='bbox 1087 1932 1169 1969; x_wconf 81' lang='lat' dir='ltr'>Md.</span> <span class='ocrx_word' id='word_1_318' title='bbox 1197 1933 1280 1966; x_wconf 84' lang='lat' dir='ltr'>Asc.</span> <span class='ocrx_word' id='word_1_319' title='bbox 1307 1933 1339 1967; x_wconf 82' lang='lat'>2.</span> <span class='ocrx_word' id='word_1_320' title='bbox 1363 1932 1466 1966; x_wconf 83' lang='lat' dir='ltr'>Crat.</span> <span class='ocrx_word' id='word_1_321' title='bbox 1494 1932 1588 1966; x_wconf 84' lang='lat' dir='ltr'>vict.</span> <span class='ocrx_word' id='word_1_322' title='bbox 1617 1935 1653 1969; x_wconf 80' lang='lat'>1.</span> 
     </span>
     <span class='ocr_line' id='line_1_35' title="bbox 166 1978 1651 2025; baseline -0.001 -10"><span class='ocrx_word' id='word_1_323' title='bbox 166 1981 299 2016; x_wconf 69' lang='lat' dir='ltr'>hamb.</span> <span class='ocrx_word' id='word_1_324' title='bbox 327 1980 394 2016; x_wconf 76' lang='lat' dir='ltr'>his.</span> <span class='ocrx_word' id='word_1_325' title='bbox 423 1980 505 2014; x_wconf 86' lang='lat' dir='ltr'>Asc.</span> <span class='ocrx_word' id='word_1_326' title='bbox 537 1984 568 2015; x_wconf 92' lang='lat'>1.</span> <span class='ocrx_word' id='word_1_327' title='bbox 596 1981 687 2015; x_wconf 79' lang='lat' dir='ltr'>istis.</span> <span class='ocrx_word' id='word_1_328' title='bbox 722 2000 766 2005; x_wconf 97' lang='lat'><strong>—</strong></span> <span class='ocrx_word' id='word_1_329' title='bbox 801 1992 950 2025; x_wconf 79' lang='lat' dir='ltr'>qnorum</span> <span class='ocrx_word' id='word_1_330' title='bbox 977 1978 1087 2024; x_wconf 62' lang='lat' dir='ltr'>oper&amp;</span> <span class='ocrx_word' id='word_1_331' title='bbox 1112 1981 1192 2013; x_wconf 85' lang='lat' dir='ltr'>scil.</span> <span class='ocrx_word' id='word_1_332' title='bbox 1220 1991 1280 2013; x_wconf 84' lang='lat' dir='ltr'>res</span> <span class='ocrx_word' id='word_1_333' title='bbox 1314 1980 1467 2025; x_wconf 87' lang='lat' dir='ltr'>publica</span> <span class='ocrx_word' id='word_1_334' title='bbox 1501 1986 1557 2014; x_wconf 81' lang='lat' dir='ltr'>est</span> <span class='ocrx_word' id='word_1_335' title='bbox 1589 1980 1651 2014; x_wconf 81' lang='lat' dir='ltr'>‹le-</span> 
     </span>
    </p>
   </div>
   <div class='ocr_carea' id='block_1_5' title="bbox 166 2027 1740 2122">
    <p class='ocr_par' dir='ltr' id='par_1_5' title="bbox 166 2027 1740 2122">
     <span class='ocr_line' id='line_1_36' title="bbox 167 2027 1740 2075; baseline -0.001 -13"><span class='ocrx_word' id='word_1_336' title='bbox 167 2035 336 2075; x_wconf 78' lang='lat' dir='ltr'>sperata,</span> <span class='ocrx_word' id='word_1_337' title='bbox 373 2029 514 2064; x_wconf 79' lang='lat' dir='ltr'>Nichts</span> <span class='ocrx_word' id='word_1_338' title='bbox 539 2029 586 2063; x_wconf 86' lang='lat' dir='ltr'>ist</span> <span class='ocrx_word' id='word_1_339' title='bbox 612 2028 829 2063; x_wconf 78' lang='lat' dir='ltr'>verhasster</span> <span class='ocrx_word' id='word_1_340' title='bbox 865 2030 916 2062; x_wconf 77' lang='lat' dir='ltr'>als</span> <span class='ocrx_word' id='word_1_341' title='bbox 943 2029 1035 2068; x_wconf 85' lang='lat' dir='ltr'>Die,</span> <span class='ocrx_word' id='word_1_342' title='bbox 1073 2028 1132 2060; x_wconf 79' lang='lat' dir='ltr'>die</span> <span class='ocrx_word' id='word_1_343' title='bbox 1165 2027 1310 2062; x_wconf 83' lang='lat' dir='ltr'>Schuld</span> <span class='ocrx_word' id='word_1_344' title='bbox 1345 2029 1463 2062; x_wconf 86' lang='lat' dir='ltr'>daran</span> <span class='ocrx_word' id='word_1_345' title='bbox 1489 2028 1581 2062; x_wconf 82' lang='lat' dir='ltr'>sind.</span> <span class='ocrx_word' id='word_1_346' title='bbox 1607 2046 1654 2054; x_wconf 90' lang='lat'>—-</span> <span class='ocrx_word' id='word_1_347' title='bbox 1725 2039 1740 2060; x_wconf 67' lang='lat' dir='ltr'>e·</span> 
     </span>
     <span class='ocr_line' id='line_1_37' title="bbox 166 2074 1728 2122; baseline -0.001 -12"><span class='ocrx_word' id='word_1_348' title='bbox 166 2077 269 2111; x_wconf 69' lang='lat' dir='ltr'>brevi</span> <span class='ocrx_word' id='word_1_349' title='bbox 294 2082 320 2112; x_wconf 83' lang='lat' dir='ltr'>t.</span> <span class='ocrx_word' id='word_1_350' title='bbox 347 2079 468 2122; x_wconf 66' lang='lat' dir='ltr'>conf,</span> <span class='ocrx_word' id='word_1_351' title='bbox 506 2078 597 2111; x_wconf 80' lang='lat' dir='ltr'>iiber</span> <span class='ocrx_word' id='word_1_352' title='bbox 621 2077 716 2111; x_wconf 78' lang='lat' dir='ltr'>kurz</span> <span class='ocrx_word' id='word_1_353' title='bbox 743 2076 940 2111; x_wconf 81' lang='lat' dir='ltr'>miindlich</span> <span class='ocrx_word' id='word_1_354' title='bbox 967 2076 1039 2110; x_wconf 85' lang='lat' dir='ltr'>mit</span> <span class='ocrx_word' id='word_1_355' title='bbox 1071 2076 1141 2109; x_wconf 89' lang='lat' dir='ltr'>Dir</span> <span class='ocrx_word' id='word_1_356' title='bbox 1166 2088 1213 2110; x_wconf 90' lang='lat' dir='ltr'>zu</span> <span class='ocrx_word' id='word_1_357' title='bbox 1239 2076 1485 2122; x_wconf 81' lang='lat' dir='ltr'>besprechen.</span> <span class='ocrx_word' id='word_1_358' title='bbox 1510 2075 1592 2111; x_wconf 81' lang='lat' dir='ltr'>Asc.</span> <span class='ocrx_word' id='word_1_359' title='bbox 1622 2079 1653 2111; x_wconf 80' lang='lat'>1.</span> <span class='ocrx_word' id='word_1_360' title='bbox 1725 2074 1728 2114; x_wconf 69' lang='grc' dir='ltr'><em>ζ</em></span> 
     </span>
    </p>
   </div>
   <div class='ocr_carea' id='block_1_6' title="bbox 167 2124 1650 2209">
    <p class='ocr_par' dir='ltr' id='par_1_6' title="bbox 167 2124 1650 2209">
     <span class='ocr_line' id='line_1_38' title="bbox 167 2124 1650 2209; baseline 0 -52"><span class='ocrx_word' id='word_1_361' title='bbox 167 2127 286 2208; x_wconf 36' lang='lat' dir='ltr'>{Darat⁶¹³</span> <span class='ocrx_word' id='word_1_362' title='bbox 313 2126 445 2209; x_wconf 43' lang='lat' dir='ltr'>Lvanlib.</span> <span class='ocrx_word' id='word_1_363' title='bbox 486 2125 586 2160; x_wconf 80' lang='lat' dir='ltr'>brevi</span> <span class='ocrx_word' id='word_1_364' title='bbox 631 2126 819 2170; x_wconf 76' lang='lat' dir='ltr'>conferre.</span> <span class='ocrx_word' id='word_1_365' title='bbox 870 2146 911 2152; x_wconf 84' lang='lat'>-—</span> <span class='ocrx_word' id='word_1_366' title='bbox 963 2125 1033 2159; x_wconf 88' lang='lat' dir='ltr'>Pro</span> <span class='ocrx_word' id='word_1_367' title='bbox 1069 2124 1192 2168; x_wconf 77' lang='lat' dir='ltr'>Cura,</span> <span class='ocrx_word' id='word_1_368' title='bbox 1243 2128 1280 2157; x_wconf 72' lang='lat' dir='ltr'>uc</span> <span class='ocrx_word' id='word_1_369' title='bbox 1323 2125 1450 2160; x_wconf 67' lang='lat' dir='ltr'>valeas</span> <span class='ocrx_word' id='word_1_370' title='bbox 1498 2124 1583 2159; x_wconf 87' lang='lat' dir='ltr'>Asc.</span> <span class='ocrx_word' id='word_1_371' title='bbox 1620 2126 1650 2160; x_wconf 88' lang='lat'>1.</span> 
     </span>
     <span class='ocr_line' id='line_1_39' title="bbox 201 2185 436 2209; baseline 0.009 -2"><span class='ocrx_word' id='word_1_372' title='bbox 201 2185 260 2208; x_wconf 87' lang='lat' dir='ltr'>am</span> <span class='ocrx_word' id='word_1_373' title='bbox 291 2199 299 2209; x_wconf 91' lang='lat'>.</span> <span class='ocrx_word' id='word_1_374' title='bbox 365 2185 436 2209; x_wconf 77' lang='lat' dir='ltr'>ae.</span> 
     </span>
    </p>
   </div>
   <div class='ocr_carea' id='block_1_7' title="bbox 1726 1502 1739 2013">
    <p class='ocr_par' dir='ltr' id='par_1_7' title="bbox 1726 1502 1739 2013">
     <span class='ocr_line' id='line_1_40' title="bbox 1730 1502 1739 1740; baseline 0 66"><span class='ocrx_word' id='word_1_375' title='bbox 1730 1502 1739 1740; x_wconf 57' lang='lat'>1³</span> 
     </span>
     <span class='ocr_line' id='line_1_41' title="bbox 1726 1819 1733 2013; baseline 0 -22"><span class='ocrx_word' id='word_1_376' title='bbox 1726 1819 1733 2013; x_wconf 59' lang='lat' dir='ltr'>J</span> 
     </span>
    </p>
   </div>
  </div>
 </body>
</html>
