1742 3006
142 56 207 106 58
426 58 488 101 Μ.
517 59 574 100 Τ.
607 55 949 99 CICERONIS
976 56 1349 102 EPISTOLAE.

139 186 196 215 eo
223 174 402 213 senatus
432 168 638 210 laudatus
680 172 770 219 est,
809 167 958 209 odisse
988 171 1201 223 coeperit.
1261 171 1420 225 Itaque
1458 172 1618 213 mirum

139 230 188 270 in
217 227 396 270 modum
426 238 576 266 omnes
606 237 633 264 a
661 237 708 266 se
738 225 873 265 bonos
904 225 1133 267 alienavit.
1190 225 1347 281 Neque
1386 226 1435 266 id
1474 230 1616 282 magis

138 284 343 326 amicitia
372 281 527 323 Clodii
556 279 774 321 adductus
814 278 949 332 facit,
989 294 1120 334 quam
1160 282 1310 322 studio
1342 281 1617 336 perditarum

140 354 287 382 rerum
317 344 448 392 atque
489 337 694 390 partium.
751 335 842 377 Sed
880 335 1018 376 habet
1052 338 1121 377 sui
1160 339 1354 379 similem
1394 339 1440 378 in
1477 340 1615 392 magi-

136 397 351 438 stratibus
380 398 558 448 praeter
586 391 764 433 Fufium
794 392 1030 433 neminem.
1087 391 1227 434 Bonis
1266 394 1435 434 utimur
1475 395 1614 434 tribu—

137 453 207 492 nis
237 450 406 506 plebis,
445 449 644 489 Cornuto
681 461 789 489 vero
819 446 1174 490 Pseudocatone.
1242 449 1367 498 Quid
1405 450 1615 503 quaeris?

137 508 268 550 Nunc
305 510 355 546 ut.
393 504 451 545 ad
490 504 666 558 privata
705 503 911 554 redeam,
953 506 1106 554 Τεῦκρις
1144 506 1363 558 promissa
1401 507 1611 559 patravit.

133 564 208 606 Tu
237 561 445 602 mandata
474 560 633 608 effice,
675 571 785 614 quae
817 559 1042 613 recepisti.
1102 559 1295 609 Quintus
1325 560 1493 613 frater,
1533 562 1613 615 qui

135 618 389 672 Argiletani
438 615 638 657 aedificii
712 616 935 668 reliquum
999 614 1263 656 dodrantem
1321 618 1430 658 emit
1487 617 1612 658 H-S

132 687 339 726 nccxxv,
369 672 676 714 Tusculanum
705 671 932 722 venditat,
962 674 1036 723 ut,
1066 672 1104 710 si
1135 673 1299 724 possit,
1330 678 1448 713 emat
1475 673 1610 713 Paci-

133 731 301 770 lianam
329 729 521 770 domum.
579 726 692 768 Cum
728 727 928 767 Lucceio
966 727 1013 766 in
1051 727 1242 780 gratiam
1287 728 1400 769 redi.
1458 728 1610 770 Video

132 785 360 826 hominem
405 783 540 825 valde
590 783 841 837 petiturire.
897 781 1084 823 Navabo
1121 796 1315 837 operam.
1373 784 1470 837 Tu,
1500 784 1610 838 quid

129 855 259 896 agas,
305 841 381 881 ubi
422 841 510 892 sis,
556 839 806 879 cuiusmodi
847 839 961 878 istae
992 851 1063 878 res
1093 838 1210 891 sint,
1259 838 1332 879 sac
1369 853 1439 880 me
1478 852 1610 894 quam

129 897 477 952 diligentissime
507 895 760 936 certiorem.
817 894 975 935 Idibus
1003 895 1133 935 Febr.

126 1056 262 1096 aliem,
288 1052 370 1088 sich
398 1051 657 1093 entfremden,
692 1051 898 1096 abgeneigt
936 1049 1106 1086 macheu.
1158 1070 1201 1077 -
1249 1054 1397 1093 praeter
1422 1052 1508 1094 an.
1558 1052 1608 1087 So

127 1104 198 1137 alle
230 1114 295 1136 vor
328 1103 497 1135 Griivius.
569 1100 706 1144 Einige
738 1100 799 1133 bei
832 1099 1016 1142 Lambin,
1059 1099 1175 1133 Grziv.
1208 1099 1364 1133 Lallem.
1406 1098 1548 1134 Seliiitz
1574 1104 1606 1136 2.

123 1151 293 1184 neminem
317 1153 467 1193 praeter
491 1147 650 1188 Fufium,
677 1148 790 1182 bonis.
840 1147 1000 1190 Schutz,
1037 1148 1192 1180 Li'uiem.
1227 1147 1417 1184 neminem,
1443 1148 1602 1182 Praeter

124 1199 268 1240 Fufium
293 1198 395 1231 bonis
420 1204 490 1231 etc.
531 1215 578 1221 ——
605 1196 768 1230 Cornuto
801 1195 829 1233 i.
868 1208 899 1229 e.
935 1196 1028 1230 Caio
1064 1198 1232 1229 Cornuto
1265 1195 1422 1228 tribuno
1458 1197 1508 1241 pl.
1544 1198 1607 1243 qui

124 1248 248 1282 tribus
272 1253 357 1294 post
381 1246 486 1281 annis
511 1245 669 1279 Praetor
693 1243 778 1279 fuit.
824 1243 976 1284 Diem,
1009 1249 1093 1289 sagt
1120 1254 1180 1286 er,
1213 1243 1331 1289 spiele
1356 1244 1426 1277 den
1451 1247 1605 1279 zweiten

126 1298 256 1380 cato'I.
284 1343 422 1376 redeam
448 1342 476 1376 f.
503 1353 564 1375 me
590 1347 818 1374 convertam.
868 1340 1082 1375 S-I’namsh.
1108 1341 1139 1384 §.
1168 1340 1249 1381 206,
1275 1339 1316 1380 4,
1343 1339 1386 1380 2,
1411 1339 1603 1384 Enallage‚

124 1391 283 1426 Teucris.
333 1389 373 1424 S.
409 1401 468 1435 ep.
503 1389 648 1432 XVIII,
689 1390 711 1424 6
743 1387 819 1422 und
854 1389 958 1429 XVI,
999 1391 1031 1423 1.
1066 1406 1109 1411 —
1145 1387 1267 1430 effice,
1301 1387 1460 1420 Lambin
1495 1388 1605 1422 allein

122 1439 278 1480 confice,
314 1438 383 1472 wie
415 1449 471 1483 ep.
498 1439 644 1478 XVIII,
678 1448 740 1470 em
771 1436 894 1473 Ende.
941 1436 1109 1470 mandata
1139 1433 1290 1469 bezieht
1319 1434 1399 1468 sich
1433 1437 1506 1470 wol
1539 1438 1606 1471 auf

121 1488 313 1522 Antonius.
355 1485 392 1520 S.
419 1497 478 1532 ep.
504 1486 649 1528 XVIII,
679 1488 709 1519 l.
734 1485 829 1526 XVI,
856 1486 890 1520 2.
917 1505 958 1511 -
986 1484 1213 1527 Argiletani.
1253 1482 1466 1527 Argiletum
1499 1484 1601 1519 hiess

122 1536 184 1570 ein
210 1537 311 1570 Platz
336 1535 374 1567 in
402 1534 469 1568 der
500 1535 632 1569 eilften
656 1533 805 1578 Region
839 1532 907 1565 der
939 1532 1045 1565 Stadt
1079 1533 1176 1565 Rom
1212 1542 1272 1564 am
1306 1532 1504 1577 Eingange
1538 1533 1602 1567 des

118 1585 349 1619 Tuscischen
375 1584 519 1618 Platzes
545 1581 728 1617 zwischen
758 1582 843 1614 dem
869 1580 1001 1614 Circus
1025 1581 1212 1614 Maximus
1238 1579 1310 1612 und
1335 1580 1420 1613 dem
1454 1583 1601 1615 Aventi-

118 1633 277 1667 niscben
315 1632 454 1676 Hugel‚
489 1643 549 1665 wo
581 1639 689 1663 unter
713 1629 876 1662 anderen
910 1628 969 1660 die
1002 1627 1274 1661 B11ehh5ndler
1308 1627 1392 1660 ihre
1420 1629 1601 1664 Gewblbe

117 1680 262 1715 hatten.
310 1680 382 1726 Dje
405 1679 684 1723 Eigenthiimer
717 1677 783 1711 der
817 1676 989 1721 dortigen
1024 1675 1283 1709 Wohnhzinser
1315 1676 1481 1722 bezogen
1513 1685 1601 1723 gute

117 1728 279 1765 Miethe.
328 1721 431 1763 Uber
458 1727 527 1760 den
555 1728 750 1771 Ursprung
776 1725 839 1759 des
863 1726 1023 1758 Namens
1050 1735 1081 1760 S.
1109 1724 1241 1769 Virgil.
1268 1723 1401 1757 Aeneis
1426 1727 1518 1768 XII,
1552 1729 1599 1763 32

118 1778 192 1812 und
219 1778 294 1810 das.
323 1776 383 1809 die
408 1776 596 1820 Ausleger.
625 1793 668 1798 -
695 1774 797 1817 reliq.
824 1773 947 1815 doda,
983 1772 1043 1805 die
1069 1772 1230 1816 iibrigen
1256 1772 1336 1805 drei
1362 1773 1501 1807 Viertel
1527 1787 1597 1808 von

119 1826 192 1859 den
217 1824 432 1865 Miterben;
465 1824 563 1856 deun
598 1822 656 1855 ein
682 1822 825 1854 Viertel
850 1822 954 1854 hatte
991 1831 1030 1853 er
1055 1820 1171 1853 selbst
1207 1821 1352 1864 geerht.
1405 1841 1446 1846 —
1497 1823 1599 1858 H-,S

119 1872 354 1914 DCGXXI',
381 1873 445 1906 fiir
464 1872 619 1911 725‚000
647 1869 848 1903 Sestertien
874 1884 922 1900 Ξ·
948 1867 1102 1913 45312ὲ
1128 1868 1296 1903 Gulden.
1325 1887 1367 1892 —
1399 1870 1514 1905 Pacil.
1535 1873 1596 1905 do-

118 1933 229 1962 mum,
264 1921 335 1955 wol
360 1921 425 1954 des
447 1921 503 1956 M.
529 1918 709 1959 Pacilius,
744 1919 812 1952 der
836 1917 874 1951 in
899 1917 1005 1952 Orat.
1032 1917 1133 1949 verr.
1162 1917 1219 1957 11,
1254 1918 1313 1951 38.
1355 1918 1401 1952 40
1427 1920 1598 1954 erwfflmt

118 1970 225 2004 wird.
253 1989 298 1994 —
323 1970 370 2003 L.
397 1968 565 2001 Lucceio.
617 1969 650 2000 S.
672 1968 740 2012 Ep.
773 1967 812 2005 l,
848 1967 882 2001 5.
926 1966 1001 2003 1V,
1036 1967 1066 1998 1.
1122 1965 1210 2006 VII,
1246 1966 1280 1998 l.
1331 1966 1382 1998 Er
1413 1965 1480 1999 hat
1513 1968 1596 2001 eine

117 2016 353 2052 Geschichte
380 2017 444 2049 des
470 2015 670 2049 Italischen
696 2014 770 2047 und
796 2013 1091 2058 Burgerkrieges
1125 2011 1389 2057 geschriebeu3
1428 2026 1503 2048 war
1533 2017 1595 2050 ein

116 2066 266 2101 Freund
291 2066 351 2098 des
379 2064 596 2109 Pompeius,
623 2064 712 2096 aber
736 2062 852 2097 Feind
879 2062 941 2094 des
965 2061 1123 2094 Attikus.
1173 2061 1209 2093 S.
1239 2060 1284 2093 ad
1308 2061 1422 2094 Attio.
1450 2064 1522 2102 IX,
1561 2068 1594 2101 1.

115 2116 147 2156 I,
176 2118 232 2150 11.
258 2114 304 2147 ad
330 2115 430 2160 Fam.
458 2113 566 2155 XIII,
592 2113 637 2145 41
666 2123 732 2155 pro
760 2110 853 2146 eod.
882 2112 939 2144 10.
988 2108 1058 2142 Ein
1085 2108 1191 2141 Brief
1214 2120 1283 2142 von
1311 2109 1392 2142 ihm
1419 2110 1461 2143 ad
1489 2114 1592 2146 Fam.

115 2164 172 2204 V,
212 2163 267 2196 14.
308 2163 412 2196 Uber
438 2161 563 2193 seinen
588 2158 760 2193 Wunsch
789 2158 925 2192 consul
950 2169 996 2191 zu
1022 2157 1173 2190 werden
1203 2168 1229 2188 s.
1257 2157 1303 2189 ad
1329 2159 1430 2191 Fam.
1459 2162 1506 2201 V,
1535 2163 1592 2195 10.

115 2230 160 2235 —
188 2210 406 2254 petitnrire,
441 2209 544 2242 valde
578 2207 615 2240 in
651 2218 695 2241 eo
720 2207 915 2244 laborare,
948 2212 989 2238 ut
1022 2205 1251 2237 consulatum
1286 2212 1407 2250 petat:
1447 2208 1485 2240 in
1521 2221 1596 2254 quo,

114 2259 268 2304 negotio
296 2259 331 2290 ei
362 2268 513 2302 operam
539 2255 691 2289 navabo.
743 2256 802 2291 Cf.
829 2255 942 2288 Attic.
973 2256 1009 2295 1,
1038 2256 1078 2287 17
1109 2254 1207 2293 (22):
1242 2253 1470 2291 „Lucceium
1496 2250 1593 2292 scito

114 2308 347 2340 consulatum
375 2306 516 2338 habere
542 2304 580 2337 in
607 2304 731 2337 animo
757 2303 883 2336 statim
914 2308 1051 2347 petere.
1103 2302 1187 2333 Duo
1222 2301 1323 2333 enim
1356 2303 1425 2335 soli
1462 2304 1593 2339 dicun-

111 2362 172 2389 tur
199 2355 400 2399 petituri.“
427 2354 522 2386 Hinc
548 2352 732 2387 deininut.
759 2351 971 2394 petum-ire,
999 2345 1094 2382 lina&
1132 2344 1335 2393 λεγόμενον.
1370 2350 1430 2383 Sic
1457 2353 1592 2397 legitur

112 2405 158 2436 de
183 2403 348 2437 Tui-nebi
387 2400 663 2437 emendatione.
712 2401 809 2433 Nam
841 2399 879 2432 in
911 2400 1002 2433 Mss.
1035 2397 1171 2440 legitur
1205 2397 1318 2429 divise
1351 2400 1489 2441 pslilur·
1521 2401 1590 2441 ire,

112 2453 150 2485 in
177 2452 258 2487 edd,
288 2451 367 2483 Asc.
399 2452 428 2483 1.
456 2451 557 2484 Crat.
588 2449 685 2483 vict.
714 2451 744 2483 1.
769 2450 809 2489 2,
835 2446 984 2491 petitur,
1012 2445 1202 2478 renovabo.
1232 2445 1419 2480 ORELLI
1437 2466 1472 2473 -
1496 2449 1589 2483 ldib.

113 2500 307 2543 l·'ebr.,am
336 2498 389 2534 13.
415 2498 591 2532 Februar.
