<?xml version="1.0" encoding="UTF-8"?>
<!DOCTYPE html PUBLIC "-//W3C//DTD XHTML 1.0 Transitional//EN"
    "http://www.w3.org/TR/xhtml1/DTD/xhtml1-transitional.dtd">
<html xmlns="http://www.w3.org/1999/xhtml" xml:lang="en" lang="en">
 <head>
  <title>
</title>
<meta http-equiv="Content-Type" content="text/html;charset=utf-8" />
  <meta name='ocr-system' content='tesseract 3.04.00' />
  <meta name='ocr-capabilities' content='ocr_page ocr_carea ocr_par ocr_line ocrx_word'/>
</head>
<body>
  <div class='ocr_page' id='page_1' title='image "./epistolaeadattic00ciceuoft_0266.png"; bbox 0 0 1742 3006; ppageno 0'>
   <div class='ocr_carea' id='block_1_1' title="bbox 192 76 1397 125">
    <p class='ocr_par' dir='ltr' id='par_1_1' title="bbox 192 76 1397 125">
     <span class='ocr_line' id='line_1_1' title="bbox 192 76 1397 125; baseline -0.002 0"><span class='ocrx_word' id='word_1_1' title='bbox 192 76 287 125; x_wconf 76' lang='lat'>250</span> <span class='ocrx_word' id='word_1_2' title='bbox 472 78 536 122; x_wconf 89' lang='grc' dir='ltr'>Μ.</span> <span class='ocrx_word' id='word_1_3' title='bbox 568 81 623 122; x_wconf 88' lang='grc' dir='ltr'>Τ.</span> <span class='ocrx_word' id='word_1_4' title='bbox 655 76 996 123; x_wconf 86' lang='lat' dir='ltr'>CICERONIS</span> <span class='ocrx_word' id='word_1_5' title='bbox 1027 80 1397 124; x_wconf 84' lang='lat' dir='ltr'><strong>EPISTOLAE.</strong></span> 
     </span>
    </p>
   </div>
   <div class='ocr_carea' id='block_1_2' title="bbox 177 189 1671 1644">
    <p class='ocr_par' dir='ltr' id='par_1_2' title="bbox 177 189 1671 1644">
     <span class='ocr_line' id='line_1_2' title="bbox 192 189 1670 247; baseline 0.002 -15"><span class='ocrx_word' id='word_1_6' title='bbox 192 202 301 245; x_wconf 86' lang='lat' dir='ltr'>pore</span> <span class='ocrx_word' id='word_1_7' title='bbox 330 189 536 233; x_wconf 88' lang='lat' dir='ltr'>desidero</span> <span class='ocrx_word' id='word_1_8' title='bbox 564 190 730 232; x_wconf 68' lang='lat' dir='ltr'>filiam?</span> <span class='ocrx_word' id='word_1_9' title='bbox 768 204 853 246; x_wconf 90' lang='lat' dir='ltr'>qua</span> <span class='ocrx_word' id='word_1_10' title='bbox 882 190 1070 246; x_wconf 81' lang='lat' dir='ltr'>pietate,</span> <span class='ocrx_word' id='word_1_11' title='bbox 1101 205 1188 245; x_wconf 85' lang='lat' dir='ltr'>qua</span> <span class='ocrx_word' id='word_1_12' title='bbox 1215 192 1461 243; x_wconf 85' lang='lat' dir='ltr'>modestia,</span> <span class='ocrx_word' id='word_1_13' title='bbox 1491 206 1574 247; x_wconf 90' lang='lat' dir='ltr'>quo</span> <span class='ocrx_word' id='word_1_14' title='bbox 1607 198 1670 235; x_wconf 79' lang='lat' dir='ltr'>in-</span> 
     </span>
     <span class='ocr_line' id='line_1_3' title="bbox 190 246 1670 300; baseline 0.001 -12"><span class='ocrx_word' id='word_1_15' title='bbox 190 246 347 300; x_wconf 85' lang='lat' dir='ltr'>genio!</span> <span class='ocrx_word' id='word_1_16' title='bbox 389 246 585 300; x_wconf 86' lang='lat' dir='ltr'>effigiem</span> <span class='ocrx_word' id='word_1_17' title='bbox 623 246 741 299; x_wconf 88' lang='lat' dir='ltr'>oris,</span> <span class='ocrx_word' id='word_1_18' title='bbox 780 247 1020 299; x_wconf 82' lang='lat' dir='ltr'>sermonis,</span> <span class='ocrx_word' id='word_1_19' title='bbox 1060 248 1195 289; x_wconf 89' lang='lat' dir='ltr'>animi</span> <span class='ocrx_word' id='word_1_20' title='bbox 1232 248 1341 289; x_wconf 84' lang='lat' dir='ltr'>mei!</span> <span class='ocrx_word' id='word_1_21' title='bbox 1381 247 1503 297; x_wconf 85' lang='lat' dir='ltr'>Quid</span> <span class='ocrx_word' id='word_1_22' title='bbox 1531 247 1670 291; x_wconf 86' lang='lat' dir='ltr'>filium</span> 
     </span>
     <span class='ocr_line' id='line_1_4' title="bbox 189 301 1670 358; baseline 0.001 -14"><span class='ocrx_word' id='word_1_23' title='bbox 189 301 549 344; x_wconf 84' lang='lat' dir='ltr'>venustissimum</span> <span class='ocrx_word' id='word_1_24' title='bbox 588 301 782 357; x_wconf 84' lang='lat' dir='ltr'>mihique</span> <span class='ocrx_word' id='word_1_25' title='bbox 823 302 1152 345; x_wconf 67' lang='lat' dir='ltr'>dulcissimum?</span> <span class='ocrx_word' id='word_1_26' title='bbox 1199 317 1329 357; x_wconf 86' lang='lat' dir='ltr'>quem</span> <span class='ocrx_word' id='word_1_27' title='bbox 1359 317 1440 358; x_wconf 82' lang='lat' dir='ltr'>ego</span> <span class='ocrx_word' id='word_1_28' title='bbox 1470 304 1589 346; x_wconf 87' lang='lat' dir='ltr'>ferus</span> <span class='ocrx_word' id='word_1_29' title='bbox 1619 317 1670 346; x_wconf 90' lang='lat' dir='ltr'>ac</span> 
     </span>
     <span class='ocr_line' id='line_1_5' title="bbox 189 356 1671 414; baseline 0.001 -15"><span class='ocrx_word' id='word_1_30' title='bbox 189 357 362 399; x_wconf 85' lang='lat' dir='ltr'>ferreus</span> <span class='ocrx_word' id='word_1_31' title='bbox 403 370 427 398; x_wconf 91' lang='lat' dir='ltr'>e</span> <span class='ocrx_word' id='word_1_32' title='bbox 467 356 698 413; x_wconf 83' lang='lat' dir='ltr'>complexu</span> <span class='ocrx_word' id='word_1_33' title='bbox 747 358 900 399; x_wconf 88' lang='lat' dir='ltr'>dimisi</span> <span class='ocrx_word' id='word_1_34' title='bbox 949 371 1073 409; x_wconf 89' lang='lat' dir='ltr'>meo,</span> <span class='ocrx_word' id='word_1_35' title='bbox 1122 360 1436 413; x_wconf 78' lang='lat' dir='ltr'>sapientiorem</span> <span class='ocrx_word' id='word_1_36' title='bbox 1488 373 1671 414; x_wconf 88' lang='lat' dir='ltr'>puerum</span> 
     </span>
     <span class='ocr_line' id='line_1_6' title="bbox 187 413 1669 470; baseline 0.002 -17"><span class='ocrx_word' id='word_1_37' title='bbox 187 426 320 467; x_wconf 88' lang='lat' dir='ltr'>quam</span> <span class='ocrx_word' id='word_1_38' title='bbox 357 413 528 455; x_wconf 87' lang='lat' dir='ltr'>vellem.</span> <span class='ocrx_word' id='word_1_39' title='bbox 597 414 824 456; x_wconf 83' lang='lat' dir='ltr'>Sentiebat</span> <span class='ocrx_word' id='word_1_40' title='bbox 861 415 976 455; x_wconf 87' lang='lat' dir='ltr'>enim</span> <span class='ocrx_word' id='word_1_41' title='bbox 1004 416 1140 456; x_wconf 90' lang='lat' dir='ltr'>miser</span> <span class='ocrx_word' id='word_1_42' title='bbox 1167 415 1279 468; x_wconf 90' lang='lat' dir='ltr'>iam,</span> <span class='ocrx_word' id='word_1_43' title='bbox 1319 415 1425 470; x_wconf 86' lang='lat' dir='ltr'>quid</span> <span class='ocrx_word' id='word_1_44' title='bbox 1454 419 1669 470; x_wconf 81' lang='lat' dir='ltr'>ageretur.</span> 
     </span>
     <span class='ocr_line' id='line_1_7' title="bbox 187 467 1670 526; baseline 0.002 -18"><span class='ocrx_word' id='word_1_45' title='bbox 187 467 311 518; x_wconf 83' lang='lat' dir='ltr'><strong>Quid</strong></span> <span class='ocrx_word' id='word_1_46' title='bbox 340 481 446 511; x_wconf 84' lang='lat' dir='ltr'>vero</span> <span class='ocrx_word' id='word_1_47' title='bbox 473 473 596 511; x_wconf 89' lang='lat' dir='ltr'>tuum</span> <span class='ocrx_word' id='word_1_48' title='bbox 625 470 790 519; x_wconf 85' lang='lat' dir='ltr'>filium,</span> <span class='ocrx_word' id='word_1_49' title='bbox 829 469 1065 524; x_wconf 83' lang='lat' dir='ltr'>imaginem</span> <span class='ocrx_word' id='word_1_50' title='bbox 1102 475 1245 524; x_wconf 89' lang='lat' dir='ltr'>tuam,</span> <span class='ocrx_word' id='word_1_51' title='bbox 1286 485 1416 526; x_wconf 89' lang='lat' dir='ltr'>quem</span> <span class='ocrx_word' id='word_1_52' title='bbox 1445 484 1567 513; x_wconf 90' lang='lat' dir='ltr'>meus</span> <span class='ocrx_word' id='word_1_53' title='bbox 1596 471 1670 512; x_wconf 90' lang='lat' dir='ltr'>Ci-</span> 
     </span>
     <span class='ocr_line' id='line_1_8' title="bbox 187 525 1670 569; baseline 0.002 -4"><span class='ocrx_word' id='word_1_54' title='bbox 187 537 292 566; x_wconf 89' lang='lat' dir='ltr'>cero</span> <span class='ocrx_word' id='word_1_55' title='bbox 326 529 372 566; x_wconf 88' lang='lat' dir='ltr'>et</span> <span class='ocrx_word' id='word_1_56' title='bbox 408 527 584 568; x_wconf 86' lang='lat' dir='ltr'>amabat</span> <span class='ocrx_word' id='word_1_57' title='bbox 611 530 660 568; x_wconf 84' lang='lat' dir='ltr'>ut</span> <span class='ocrx_word' id='word_1_58' title='bbox 700 525 888 567; x_wconf 83' lang='lat' dir='ltr'>fratrem</span> <span class='ocrx_word' id='word_1_59' title='bbox 929 529 976 566; x_wconf 92' lang='lat' dir='ltr'>et</span> <span class='ocrx_word' id='word_1_60' title='bbox 1013 526 1101 566; x_wconf 88' lang='lat' dir='ltr'>iam</span> <span class='ocrx_word' id='word_1_61' title='bbox 1141 530 1190 567; x_wconf 90' lang='lat' dir='ltr'>ut</span> <span class='ocrx_word' id='word_1_62' title='bbox 1227 529 1443 569; x_wconf 84' lang='lat' dir='ltr'>maiorem</span> <span class='ocrx_word' id='word_1_63' title='bbox 1484 528 1670 568; x_wconf 88' lang='lat' dir='ltr'>fratrem</span> 
     </span>
     <span class='ocr_line' id='line_1_9' title="bbox 184 581 1671 637; baseline 0.001 -16"><span class='ocrx_word' id='word_1_64' title='bbox 184 581 445 623; x_wconf 75' lang='lat' dir='ltr'><strong>verebatur?</strong></span> <span class='ocrx_word' id='word_1_65' title='bbox 486 581 608 632; x_wconf 82' lang='lat' dir='ltr'>Quid</span> <span class='ocrx_word' id='word_1_66' title='bbox 627 582 745 637; x_wconf 87' lang='lat' dir='ltr'>quod</span> <span class='ocrx_word' id='word_1_67' title='bbox 764 583 993 622; x_wconf 88' lang='lat' dir='ltr'>mulierem</span> <span class='ocrx_word' id='word_1_68' title='bbox 1014 583 1333 635; x_wconf 80' lang='lat' dir='ltr'>miserrimam,</span> <span class='ocrx_word' id='word_1_69' title='bbox 1362 582 1671 625; x_wconf 87' lang='lat' dir='ltr'>fidelissimam</span> 
     </span>
     <span class='ocr_line' id='line_1_10' title="bbox 185 636 1671 694; baseline 0.001 -16"><span class='ocrx_word' id='word_1_70' title='bbox 185 636 444 691; x_wconf 88' lang='lat' dir='ltr'>coniugem,</span> <span class='ocrx_word' id='word_1_71' title='bbox 481 650 551 679; x_wconf 90' lang='lat' dir='ltr'>me</span> <span class='ocrx_word' id='word_1_72' title='bbox 589 638 796 692; x_wconf 86' lang='lat' dir='ltr'>prosequi</span> <span class='ocrx_word' id='word_1_73' title='bbox 832 650 922 678; x_wconf 89' lang='lat' dir='ltr'>non</span> <span class='ocrx_word' id='word_1_74' title='bbox 960 650 1056 678; x_wconf 89' lang='lat' dir='ltr'>sum</span> <span class='ocrx_word' id='word_1_75' title='bbox 1084 651 1265 692; x_wconf 84' lang='lat' dir='ltr'>passus,</span> <span class='ocrx_word' id='word_1_76' title='bbox 1304 643 1354 679; x_wconf 91' lang='lat' dir='ltr'>ut</span> <span class='ocrx_word' id='word_1_77' title='bbox 1382 643 1519 692; x_wconf 87' lang='lat' dir='ltr'>esset,</span> <span class='ocrx_word' id='word_1_78' title='bbox 1559 651 1671 694; x_wconf 90' lang='lat' dir='ltr'>quae</span> 
     </span>
     <span class='ocr_line' id='line_1_11' title="bbox 185 693 1670 748; baseline 0.001 -14"><span class='ocrx_word' id='word_1_79' title='bbox 185 693 399 748; x_wconf 81' lang='lat' dir='ltr'>reliquias</span> <span class='ocrx_word' id='word_1_80' title='bbox 429 694 672 735; x_wconf 89' lang='lat' dir='ltr'>communis</span> <span class='ocrx_word' id='word_1_81' title='bbox 701 693 990 744; x_wconf 83' lang='lat' dir='ltr'>calamitatis,</span> <span class='ocrx_word' id='word_1_82' title='bbox 1033 707 1286 734; x_wconf 86' lang='lat' dir='ltr'>communes</span> <span class='ocrx_word' id='word_1_83' title='bbox 1326 695 1490 737; x_wconf 88' lang='lat' dir='ltr'>liberos</span> <span class='ocrx_word' id='word_1_84' title='bbox 1527 698 1670 736; x_wconf 84' lang='lat' dir='ltr'>tuere-</span> 
     </span>
     <span class='ocr_line' id='line_1_12' title="bbox 185 749 1671 805; baseline 0.001 -15"><span class='ocrx_word' id='word_1_85' title='bbox 185 750 285 791; x_wconf 68' lang='lat' dir='ltr'>tur?</span> <span class='ocrx_word' id='word_1_86' title='bbox 326 749 416 791; x_wconf 87' lang='lat' dir='ltr'>Sed</span> <span class='ocrx_word' id='word_1_87' title='bbox 435 753 608 799; x_wconf 81' lang='lat' dir='ltr'>tamen,</span> <span class='ocrx_word' id='word_1_88' title='bbox 639 763 813 805; x_wconf 87' lang='lat' dir='ltr'>quoquo</span> <span class='ocrx_word' id='word_1_89' title='bbox 837 749 970 790; x_wconf 90' lang='lat' dir='ltr'>modo</span> <span class='ocrx_word' id='word_1_90' title='bbox 998 750 1146 803; x_wconf 85' lang='lat' dir='ltr'>potui,</span> <span class='ocrx_word' id='word_1_91' title='bbox 1177 750 1338 804; x_wconf 85' lang='lat' dir='ltr'>scripsi</span> <span class='ocrx_word' id='word_1_92' title='bbox 1367 756 1412 792; x_wconf 87' lang='lat' dir='ltr'>et</span> <span class='ocrx_word' id='word_1_93' title='bbox 1440 751 1546 792; x_wconf 83' lang='lat' dir='ltr'>dedi</span> <span class='ocrx_word' id='word_1_94' title='bbox 1573 751 1671 792; x_wconf 88' lang='lat' dir='ltr'>lite-</span> 
     </span>
     <span class='ocr_line' id='line_1_13' title="bbox 184 804 1670 862; baseline 0.001 -16"><span class='ocrx_word' id='word_1_95' title='bbox 184 818 258 847; x_wconf 87' lang='lat' dir='ltr'>ras</span> <span class='ocrx_word' id='word_1_96' title='bbox 289 805 346 846; x_wconf 82' lang='lat' dir='ltr'>ad</span> <span class='ocrx_word' id='word_1_97' title='bbox 375 810 419 847; x_wconf 90' lang='lat' dir='ltr'>te</span> <span class='ocrx_word' id='word_1_98' title='bbox 447 804 721 860; x_wconf 80' lang='lat' dir='ltr'>Philogono,</span> <span class='ocrx_word' id='word_1_99' title='bbox 766 806 926 847; x_wconf 88' lang='lat' dir='ltr'>liberto</span> <span class='ocrx_word' id='word_1_100' title='bbox 953 809 1055 858; x_wconf 84' lang='lat' dir='ltr'>tuo,</span> <span class='ocrx_word' id='word_1_101' title='bbox 1125 818 1203 846; x_wconf 87' lang='lat' dir='ltr'>uas</span> <span class='ocrx_word' id='word_1_102' title='bbox 1243 805 1378 848; x_wconf 89' lang='lat' dir='ltr'>credo</span> <span class='ocrx_word' id='word_1_103' title='bbox 1406 807 1490 848; x_wconf 89' lang='lat' dir='ltr'>tibi</span> <span class='ocrx_word' id='word_1_104' title='bbox 1517 810 1670 862; x_wconf 88' lang='lat' dir='ltr'>postea</span> 
     </span>
     <span class='ocr_line' id='line_1_14' title="bbox 183 861 1669 917; baseline 0 -15"><span class='ocrx_word' id='word_1_105' title='bbox 183 861 384 903; x_wconf 86' lang='lat' dir='ltr'>redditas</span> <span class='ocrx_word' id='word_1_106' title='bbox 424 875 539 904; x_wconf 88' lang='lat' dir='ltr'>esse:</span> <span class='ocrx_word' id='word_1_107' title='bbox 586 863 631 902; x_wconf 88' lang='lat' dir='ltr'>in</span> <span class='ocrx_word' id='word_1_108' title='bbox 669 862 824 916; x_wconf 90' lang='lat' dir='ltr'>quibus</span> <span class='ocrx_word' id='word_1_109' title='bbox 864 861 983 915; x_wconf 90' lang='lat' dir='ltr'>idem</span> <span class='ocrx_word' id='word_1_110' title='bbox 1021 865 1066 904; x_wconf 88' lang='lat' dir='ltr'>te</span> <span class='ocrx_word' id='word_1_111' title='bbox 1120 865 1262 903; x_wconf 78' lang='lat' dir='ltr'>lortor</span> <span class='ocrx_word' id='word_1_112' title='bbox 1299 866 1343 903; x_wconf 88' lang='lat' dir='ltr'>et</span> <span class='ocrx_word' id='word_1_113' title='bbox 1380 875 1513 916; x_wconf 86' lang='lat' dir='ltr'>rogo,</span> <span class='ocrx_word' id='word_1_114' title='bbox 1554 862 1669 917; x_wconf 88' lang='lat' dir='ltr'>quod</span> 
     </span>
     <span class='ocr_line' id='line_1_15' title="bbox 182 917 1668 972; baseline 0.001 -15"><span class='ocrx_word' id='word_1_115' title='bbox 182 918 312 972; x_wconf 86' lang='lat' dir='ltr'>pueri</span> <span class='ocrx_word' id='word_1_116' title='bbox 341 917 423 959; x_wconf 89' lang='lat' dir='ltr'>tibi</span> <span class='ocrx_word' id='word_1_117' title='bbox 450 917 599 959; x_wconf 81' lang='lat' dir='ltr'>verbis</span> <span class='ocrx_word' id='word_1_118' title='bbox 620 919 731 958; x_wconf 90' lang='lat' dir='ltr'>meis</span> <span class='ocrx_word' id='word_1_119' title='bbox 752 918 1032 970; x_wconf 86' lang='lat' dir='ltr'>nuntiarunt,</span> <span class='ocrx_word' id='word_1_120' title='bbox 1062 922 1112 958; x_wconf 87' lang='lat' dir='ltr'>ut</span> <span class='ocrx_word' id='word_1_121' title='bbox 1131 917 1322 959; x_wconf 85' lang='lat' dir='ltr'>Romam</span> <span class='ocrx_word' id='word_1_122' title='bbox 1343 920 1546 972; x_wconf 88' lang='lat' dir='ltr'>protinus</span> <span class='ocrx_word' id='word_1_123' title='bbox 1569 932 1668 972; x_wconf 87' lang='lat' dir='ltr'>per-</span> 
     </span>
     <span class='ocr_line' id='line_1_16' title="bbox 183 973 1668 1028; baseline 0 -14"><span class='ocrx_word' id='word_1_124' title='bbox 183 987 263 1027; x_wconf 90' lang='lat' dir='ltr'>gas</span> <span class='ocrx_word' id='word_1_125' title='bbox 294 977 338 1015; x_wconf 85' lang='lat' dir='ltr'>et</span> <span class='ocrx_word' id='word_1_126' title='bbox 374 987 596 1028; x_wconf 87' lang='lat' dir='ltr'>properes.</span> <span class='ocrx_word' id='word_1_127' title='bbox 665 973 870 1015; x_wconf 90' lang='lat' dir='ltr'>Primum</span> <span class='ocrx_word' id='word_1_128' title='bbox 909 975 1026 1015; x_wconf 90' lang='lat' dir='ltr'>enim</span> <span class='ocrx_word' id='word_1_129' title='bbox 1063 978 1108 1015; x_wconf 90' lang='lat' dir='ltr'>te</span> <span class='ocrx_word' id='word_1_130' title='bbox 1138 974 1360 1028; x_wconf 86' lang='lat' dir='ltr'>praesidio</span> <span class='ocrx_word' id='word_1_131' title='bbox 1401 988 1497 1016; x_wconf 87' lang='lat' dir='ltr'>esse</span> <span class='ocrx_word' id='word_1_132' title='bbox 1535 975 1668 1027; x_wconf 76' lang='lat' dir='ltr'>volui,</span> 
     </span>
     <span class='ocr_line' id='line_1_17' title="bbox 182 1029 1669 1084; baseline 0 -14"><span class='ocrx_word' id='word_1_133' title='bbox 182 1030 222 1070; x_wconf 90' lang='lat' dir='ltr'>si</span> <span class='ocrx_word' id='word_1_134' title='bbox 259 1030 335 1083; x_wconf 88' lang='lat' dir='ltr'>qui</span> <span class='ocrx_word' id='word_1_135' title='bbox 375 1033 522 1071; x_wconf 79' lang='lat' dir='ltr'>essent</span> <span class='ocrx_word' id='word_1_136' title='bbox 560 1030 754 1080; x_wconf 84' lang='lat' dir='ltr'>inimici,</span> <span class='ocrx_word' id='word_1_137' title='bbox 804 1044 989 1084; x_wconf 88' lang='lat' dir='ltr'>quorum</span> <span class='ocrx_word' id='word_1_138' title='bbox 1033 1029 1272 1070; x_wconf 85' lang='lat' dir='ltr'>crudelitas</span> <span class='ocrx_word' id='word_1_139' title='bbox 1320 1031 1515 1071; x_wconf 89' lang='lat' dir='ltr'>nondum</span> <span class='ocrx_word' id='word_1_140' title='bbox 1556 1036 1669 1072; x_wconf 86' lang='lat' dir='ltr'>esset</span> 
     </span>
     <span class='ocr_line' id='line_1_18' title="bbox 181 1085 1669 1140; baseline 0.001 -14"><span class='ocrx_word' id='word_1_141' title='bbox 181 1090 339 1127; x_wconf 88' lang='lat' dir='ltr'>nostra</span> <span class='ocrx_word' id='word_1_142' title='bbox 377 1085 629 1127; x_wconf 83' lang='lat' dir='ltr'>calamitate</span> <span class='ocrx_word' id='word_1_143' title='bbox 667 1086 841 1127; x_wconf 85' lang='lat' dir='ltr'>satiata.</span> <span class='ocrx_word' id='word_1_144' title='bbox 917 1085 1094 1126; x_wconf 83' lang='lat' dir='ltr'>Deinde</span> <span class='ocrx_word' id='word_1_145' title='bbox 1133 1099 1392 1140; x_wconf 87' lang='lat' dir='ltr'>congressus</span> <span class='ocrx_word' id='word_1_146' title='bbox 1432 1087 1574 1127; x_wconf 86' lang='lat' dir='ltr'>nostri</span> <span class='ocrx_word' id='word_1_147' title='bbox 1608 1087 1669 1127; x_wconf 83' lang='lat' dir='ltr'>la—</span> 
     </span>
     <span class='ocr_line' id='line_1_19' title="bbox 181 1141 1669 1197; baseline 0.001 -15"><span class='ocrx_word' id='word_1_148' title='bbox 181 1141 499 1183; x_wconf 89' lang='lat' dir='ltr'>mentationem</span> <span class='ocrx_word' id='word_1_149' title='bbox 521 1141 753 1195; x_wconf 79' lang='lat' dir='ltr'>pertimui3</span> <span class='ocrx_word' id='word_1_150' title='bbox 783 1142 1033 1195; x_wconf 89' lang='lat' dir='ltr'>digressum</span> <span class='ocrx_word' id='word_1_151' title='bbox 1054 1155 1161 1183; x_wconf 83' lang='lat' dir='ltr'>vero</span> <span class='ocrx_word' id='word_1_152' title='bbox 1184 1155 1271 1183; x_wconf 86' lang='lat' dir='ltr'>non</span> <span class='ocrx_word' id='word_1_153' title='bbox 1290 1143 1510 1193; x_wconf 79' lang='lat' dir='ltr'>tulissem3</span> <span class='ocrx_word' id='word_1_154' title='bbox 1540 1146 1669 1197; x_wconf 85' lang='lat' dir='ltr'>atque</span> 
     </span>
     <span class='ocr_line' id='line_1_20' title="bbox 183 1197 1669 1252; baseline 0 -14"><span class='ocrx_word' id='word_1_155' title='bbox 183 1198 320 1238; x_wconf 86' lang='lat' dir='ltr'>etiam</span> <span class='ocrx_word' id='word_1_156' title='bbox 356 1197 405 1238; x_wconf 92' lang='lat' dir='ltr'>id</span> <span class='ocrx_word' id='word_1_157' title='bbox 442 1198 610 1251; x_wconf 90' lang='lat' dir='ltr'>ipsum,</span> <span class='ocrx_word' id='word_1_158' title='bbox 655 1197 774 1252; x_wconf 90' lang='lat' dir='ltr'>quod</span> <span class='ocrx_word' id='word_1_159' title='bbox 810 1202 858 1238; x_wconf 88' lang='lat' dir='ltr'>tu</span> <span class='ocrx_word' id='word_1_160' title='bbox 897 1198 1080 1250; x_wconf 89' lang='lat' dir='ltr'>scribis,</span> <span class='ocrx_word' id='word_1_161' title='bbox 1131 1199 1401 1250; x_wconf 85' lang='lat' dir='ltr'>metuebam,</span> <span class='ocrx_word' id='word_1_162' title='bbox 1440 1211 1495 1238; x_wconf 87' lang='lat' dir='ltr'>ne</span> <span class='ocrx_word' id='word_1_163' title='bbox 1533 1210 1560 1238; x_wconf 83' lang='lat' dir='ltr'>a</span> <span class='ocrx_word' id='word_1_164' title='bbox 1598 1212 1669 1238; x_wconf 91' lang='lat' dir='ltr'>mc</span> 
     </span>
     <span class='ocr_line' id='line_1_21' title="bbox 181 1252 1668 1307; baseline -0.001 -13"><span class='ocrx_word' id='word_1_165' title='bbox 181 1252 379 1294; x_wconf 79' lang='lat' dir='ltr'>distrahi</span> <span class='ocrx_word' id='word_1_166' title='bbox 405 1266 493 1294; x_wconf 89' lang='lat' dir='ltr'>non</span> <span class='ocrx_word' id='word_1_167' title='bbox 521 1266 688 1307; x_wconf 89' lang='lat' dir='ltr'>posses.</span> <span class='ocrx_word' id='word_1_168' title='bbox 749 1253 834 1294; x_wconf 90' lang='lat' dir='ltr'>His</span> <span class='ocrx_word' id='word_1_169' title='bbox 864 1254 921 1294; x_wconf 90' lang='lat' dir='ltr'>de</span> <span class='ocrx_word' id='word_1_170' title='bbox 949 1254 1094 1294; x_wconf 86' lang='lat' dir='ltr'>causis</span> <span class='ocrx_word' id='word_1_171' title='bbox 1115 1252 1202 1294; x_wconf 90' lang='lat' dir='ltr'>hoc</span> <span class='ocrx_word' id='word_1_172' title='bbox 1222 1254 1462 1294; x_wconf 80' lang='lat' dir='ltr'>maximum</span> <span class='ocrx_word' id='word_1_173' title='bbox 1489 1253 1668 1304; x_wconf 83' lang='lat' dir='ltr'>malum,</span> 
     </span>
     <span class='ocr_line' id='line_1_22' title="bbox 178 1308 1668 1364; baseline 0 -16"><span class='ocrx_word' id='word_1_174' title='bbox 178 1309 300 1364; x_wconf 89' lang='lat' dir='ltr'>quod</span> <span class='ocrx_word' id='word_1_175' title='bbox 328 1313 372 1350; x_wconf 89' lang='lat' dir='ltr'>te</span> <span class='ocrx_word' id='word_1_176' title='bbox 399 1321 486 1349; x_wconf 89' lang='lat' dir='ltr'>non</span> <span class='ocrx_word' id='word_1_177' title='bbox 514 1308 633 1360; x_wconf 84' lang='lat' dir='ltr'>vidi,</span> <span class='ocrx_word' id='word_1_178' title='bbox 672 1323 758 1363; x_wconf 89' lang='lat' dir='ltr'>quo</span> <span class='ocrx_word' id='word_1_179' title='bbox 797 1308 907 1350; x_wconf 85' lang='lat' dir='ltr'>nihil</span> <span class='ocrx_word' id='word_1_180' title='bbox 937 1308 1251 1350; x_wconf 84' lang='lat' dir='ltr'>amantissimis</span> <span class='ocrx_word' id='word_1_181' title='bbox 1286 1313 1331 1349; x_wconf 87' lang='lat' dir='ltr'>et</span> <span class='ocrx_word' id='word_1_182' title='bbox 1360 1309 1668 1350; x_wconf 87' lang='lat' dir='ltr'>coniunctissi-</span> 
     </span>
     <span class='ocr_line' id='line_1_23' title="bbox 178 1364 1668 1419; baseline 0.001 -14"><span class='ocrx_word' id='word_1_183' title='bbox 178 1366 267 1406; x_wconf 85' lang='lat' dir='ltr'>mis</span> <span class='ocrx_word' id='word_1_184' title='bbox 309 1364 524 1406; x_wconf 82' lang='lat' dir='ltr'>fratribus</span> <span class='ocrx_word' id='word_1_185' title='bbox 562 1365 761 1406; x_wconf 76' lang='lat' dir='ltr'>acerbius</span> <span class='ocrx_word' id='word_1_186' title='bbox 801 1377 855 1405; x_wconf 88' lang='lat' dir='ltr'>ac</span> <span class='ocrx_word' id='word_1_187' title='bbox 892 1365 1098 1405; x_wconf 88' lang='lat' dir='ltr'>miserius</span> <span class='ocrx_word' id='word_1_188' title='bbox 1137 1364 1312 1406; x_wconf 87' lang='lat' dir='ltr'>videtur</span> <span class='ocrx_word' id='word_1_189' title='bbox 1351 1364 1557 1406; x_wconf 86' lang='lat' dir='ltr'>accidere</span> <span class='ocrx_word' id='word_1_190' title='bbox 1592 1379 1668 1419; x_wconf 88' lang='lat' dir='ltr'>po-</span> 
     </span>
     <span class='ocr_line' id='line_1_24' title="bbox 177 1420 1669 1475; baseline 0 -13"><span class='ocrx_word' id='word_1_191' title='bbox 177 1422 344 1475; x_wconf 86' lang='lat' dir='ltr'>tuisse,</span> <span class='ocrx_word' id='word_1_192' title='bbox 374 1421 517 1462; x_wconf 90' lang='lat' dir='ltr'>minus</span> <span class='ocrx_word' id='word_1_193' title='bbox 549 1421 779 1474; x_wconf 86' lang='lat' dir='ltr'>acerbum,</span> <span class='ocrx_word' id='word_1_194' title='bbox 809 1421 955 1462; x_wconf 90' lang='lat' dir='ltr'>minus</span> <span class='ocrx_word' id='word_1_195' title='bbox 985 1421 1196 1461; x_wconf 87' lang='lat' dir='ltr'>miserum</span> <span class='ocrx_word' id='word_1_196' title='bbox 1225 1420 1334 1473; x_wconf 84' lang='lat' dir='ltr'>fuit,</span> <span class='ocrx_word' id='word_1_197' title='bbox 1364 1434 1493 1475; x_wconf 85' lang='lat' dir='ltr'>quam</span> <span class='ocrx_word' id='word_1_198' title='bbox 1512 1420 1669 1462; x_wconf 84' lang='lat' dir='ltr'>fuisset</span> 
     </span>
     <span class='ocr_line' id='line_1_25' title="bbox 177 1476 1667 1533; baseline -0.001 -15"><span class='ocrx_word' id='word_1_199' title='bbox 177 1491 315 1533; x_wconf 88' lang='lat' dir='ltr'>quum</span> <span class='ocrx_word' id='word_1_200' title='bbox 345 1478 627 1531; x_wconf 81' lang='lat' dir='ltr'>congressio,</span> <span class='ocrx_word' id='word_1_201' title='bbox 671 1480 766 1518; x_wconf 81' lang='lat' dir='ltr'>tum</span> <span class='ocrx_word' id='word_1_202' title='bbox 802 1490 910 1518; x_wconf 88' lang='lat' dir='ltr'>vero</span> <span class='ocrx_word' id='word_1_203' title='bbox 951 1477 1170 1531; x_wconf 85' lang='lat' dir='ltr'>digressio</span> <span class='ocrx_word' id='word_1_204' title='bbox 1209 1481 1372 1517; x_wconf 88' lang='lat' dir='ltr'>nostra.</span> <span class='ocrx_word' id='word_1_205' title='bbox 1439 1476 1590 1529; x_wconf 89' lang='lat' dir='ltr'>Nunc,</span> <span class='ocrx_word' id='word_1_206' title='bbox 1629 1478 1667 1517; x_wconf 89' lang='lat' dir='ltr'>si</span> 
     </span>
     <span class='ocr_line' id='line_1_26' title="bbox 177 1531 1668 1588; baseline -0.001 -13"><span class='ocrx_word' id='word_1_207' title='bbox 177 1538 335 1588; x_wconf 83' lang='lat' dir='ltr'>potes,</span> <span class='ocrx_word' id='word_1_208' title='bbox 375 1534 423 1575; x_wconf 90' lang='lat' dir='ltr'>id</span> <span class='ocrx_word' id='word_1_209' title='bbox 452 1533 570 1588; x_wconf 86' lang='lat' dir='ltr'>quod</span> <span class='ocrx_word' id='word_1_210' title='bbox 599 1547 708 1588; x_wconf 84' lang='lat' dir='ltr'>ego,</span> <span class='ocrx_word' id='word_1_211' title='bbox 745 1533 820 1588; x_wconf 88' lang='lat' dir='ltr'>qui</span> <span class='ocrx_word' id='word_1_212' title='bbox 848 1532 932 1574; x_wconf 88' lang='lat' dir='ltr'>tibi</span> <span class='ocrx_word' id='word_1_213' title='bbox 961 1546 1139 1587; x_wconf 88' lang='lat' dir='ltr'>semper</span> <span class='ocrx_word' id='word_1_214' title='bbox 1167 1531 1298 1574; x_wconf 86' lang='lat' dir='ltr'>fortis</span> <span class='ocrx_word' id='word_1_215' title='bbox 1336 1531 1542 1584; x_wconf 83' lang='lat' dir='ltr'>videbar,</span> <span class='ocrx_word' id='word_1_216' title='bbox 1580 1545 1668 1574; x_wconf 84' lang='lat' dir='ltr'>non</span> 
     </span>
     <span class='ocr_line' id='line_1_27' title="bbox 177 1587 1668 1644; baseline -0.001 -12"><span class='ocrx_word' id='word_1_217' title='bbox 177 1603 386 1644; x_wconf 81' lang='lat' dir='ltr'>possum,</span> <span class='ocrx_word' id='word_1_218' title='bbox 426 1590 548 1644; x_wconf 87' lang='lat' dir='ltr'>erige</span> <span class='ocrx_word' id='word_1_219' title='bbox 577 1592 622 1631; x_wconf 91' lang='lat' dir='ltr'>te</span> <span class='ocrx_word' id='word_1_220' title='bbox 651 1592 696 1631; x_wconf 89' lang='lat' dir='ltr'>et</span> <span class='ocrx_word' id='word_1_221' title='bbox 725 1588 966 1640; x_wconf 87' lang='lat' dir='ltr'>confirma,</span> <span class='ocrx_word' id='word_1_222' title='bbox 1007 1589 1045 1630; x_wconf 91' lang='lat' dir='ltr'>si</span> <span class='ocrx_word' id='word_1_223' title='bbox 1074 1601 1160 1643; x_wconf 88' lang='lat' dir='ltr'>qua</span> <span class='ocrx_word' id='word_1_224' title='bbox 1187 1587 1409 1629; x_wconf 85' lang='lat' dir='ltr'>subeunda</span> <span class='ocrx_word' id='word_1_225' title='bbox 1437 1589 1668 1630; x_wconf 79' lang='lat' dir='ltr'>dimicatio</span> 
     </span>
    </p>
   </div>
   <div class='ocr_carea' id='block_1_3' title="bbox 176 1724 1666 1867">
    <p class='ocr_par' dir='ltr' id='par_1_3' title="bbox 176 1724 1666 1867">
     <span class='ocr_line' id='line_1_28' title="bbox 178 1724 1666 1776; baseline -0.003 -11"><span class='ocrx_word' id='word_1_226' title='bbox 178 1732 331 1776; x_wconf 86' lang='lat' dir='ltr'>aliquot</span> <span class='ocrx_word' id='word_1_227' title='bbox 355 1731 461 1765; x_wconf 77' lang='lat' dir='ltr'>annis</span> <span class='ocrx_word' id='word_1_228' title='bbox 486 1730 671 1765; x_wconf 87' lang='lat' dir='ltr'>maiorem</span> <span class='ocrx_word' id='word_1_229' title='bbox 699 1739 774 1762; x_wconf 84' lang='lat' dir='ltr'>esse</span> <span class='ocrx_word' id='word_1_230' title='bbox 800 1733 983 1762; x_wconf 80' lang='lat' dir='ltr'>moneret.</span> <span class='ocrx_word' id='word_1_231' title='bbox 1011 1745 1055 1752; x_wconf 91' lang='lat'>—-</span> <span class='ocrx_word' id='word_1_232' title='bbox 1087 1725 1245 1770; x_wconf 79' lang='lat' dir='ltr'>pietate,</span> <span class='ocrx_word' id='word_1_233' title='bbox 1270 1724 1595 1773; x_wconf 60' lang='lat' dir='ltr'>Auhkinglichkeit</span> <span class='ocrx_word' id='word_1_234' title='bbox 1619 1740 1666 1761; x_wconf 83' lang='lat' dir='ltr'>an</span> 
     </span>
     <span class='ocr_line' id='line_1_29' title="bbox 176 1774 1666 1821; baseline -0.003 -8"><span class='ocrx_word' id='word_1_235' title='bbox 176 1779 295 1813; x_wconf 86' lang='lat' dir='ltr'>ihren</span> <span class='ocrx_word' id='word_1_236' title='bbox 320 1781 446 1813; x_wconf 84' lang='lat' dir='ltr'>Vater.</span> <span class='ocrx_word' id='word_1_237' title='bbox 471 1797 519 1803; x_wconf 93' lang='lat'><strong>—</strong></span> <span class='ocrx_word' id='word_1_238' title='bbox 555 1777 726 1821; x_wconf 78' lang='lat' dir='ltr'>effigiem</span> <span class='ocrx_word' id='word_1_239' title='bbox 754 1803 762 1810; x_wconf 90' lang='lat'><strong>.</strong></span> <span class='ocrx_word' id='word_1_240' title='bbox 791 1801 799 1810; x_wconf 87' lang='lat'><strong>.</strong></span> <span class='ocrx_word' id='word_1_241' title='bbox 829 1801 836 1810; x_wconf 92' lang='lat'><strong>.</strong></span> <span class='ocrx_word' id='word_1_242' title='bbox 864 1775 992 1818; x_wconf 77' lang='lat' dir='ltr'>animi,</span> <span class='ocrx_word' id='word_1_243' title='bbox 1026 1775 1088 1808; x_wconf 76' lang='lat' dir='ltr'>das</span> <span class='ocrx_word' id='word_1_244' title='bbox 1120 1774 1306 1808; x_wconf 86' lang='lat' dir='ltr'>Ebenbild</span> <span class='ocrx_word' id='word_1_245' title='bbox 1340 1774 1487 1807; x_wconf 86' lang='lat' dir='ltr'>meiner</span> <span class='ocrx_word' id='word_1_246' title='bbox 1517 1775 1666 1809; x_wconf 79' lang='lat' dir='ltr'>Sinues-</span> 
     </span>
     <span class='ocr_line' id='line_1_30' title="bbox 177 1818 1663 1867; baseline -0.003 -7"><span class='ocrx_word' id='word_1_247' title='bbox 177 1834 250 1861; x_wconf 85' lang='lat' dir='ltr'>art.</span> <span class='ocrx_word' id='word_1_248' title='bbox 278 1844 326 1853; x_wconf 85' lang='lat'>—-·</span> <span class='ocrx_word' id='word_1_249' title='bbox 351 1826 495 1860; x_wconf 72' lang='lat' dir='ltr'>dulciss.</span> <span class='ocrx_word' id='word_1_250' title='bbox 526 1828 626 1860; x_wconf 86' lang='lat' dir='ltr'>Crat.</span> <span class='ocrx_word' id='word_1_251' title='bbox 653 1824 958 1859; x_wconf 74' lang='lat' dir='ltr'>iucundissimum.</span> <span class='ocrx_word' id='word_1_252' title='bbox 977 1842 1022 1848; x_wconf 89' lang='lat'>—</span> <span class='ocrx_word' id='word_1_253' title='bbox 1039 1823 1212 1864; x_wconf 73' lang='lat' dir='ltr'>ferreas,</span> <span class='ocrx_word' id='word_1_254' title='bbox 1238 1818 1442 1867; x_wconf 74' lang='grc' dir='ltr'><em>σιδήρειος,</em></span> <span class='ocrx_word' id='word_1_255' title='bbox 1473 1822 1594 1856; x_wconf 83' lang='lat' dir='ltr'>eisern</span> <span class='ocrx_word' id='word_1_256' title='bbox 1616 1838 1663 1855; x_wconf 69' lang='lat' dir='ltr'><strong><em>z</em></strong></span> 
     </span>
    </p>
   </div>
   <div class='ocr_carea' id='block_1_4' title="bbox 176 1869 1664 2352">
    <p class='ocr_par' dir='ltr' id='par_1_4' title="bbox 176 1869 1664 2352">
     <span class='ocr_line' id='line_1_31' title="bbox 178 1869 1664 1923; baseline -0.003 -14"><span class='ocrx_word' id='word_1_257' title='bbox 178 1875 395 1923; x_wconf 78' lang='lat' dir='ltr'>gefiihllos,</span> <span class='ocrx_word' id='word_1_258' title='bbox 422 1873 524 1911; x_wconf 84' lang='lat' dir='ltr'>hart.</span> <span class='ocrx_word' id='word_1_259' title='bbox 574 1874 680 1908; x_wconf 84' lang='lat' dir='ltr'>Eben</span> <span class='ocrx_word' id='word_1_260' title='bbox 707 1884 744 1907; x_wconf 85' lang='lat' dir='ltr'>so</span> <span class='ocrx_word' id='word_1_261' title='bbox 771 1872 932 1906; x_wconf 88' lang='lat' dir='ltr'>bildlich</span> <span class='ocrx_word' id='word_1_262' title='bbox 958 1869 1166 1918; x_wconf 77' lang='lat' dir='ltr'>gebraucht</span> <span class='ocrx_word' id='word_1_263' title='bbox 1192 1870 1237 1903; x_wconf 88' lang='lat' dir='ltr'>ad</span> <span class='ocrx_word' id='word_1_264' title='bbox 1255 1870 1400 1904; x_wconf 83' lang='lat' dir='ltr'>Divers.</span> <span class='ocrx_word' id='word_1_265' title='bbox 1427 1871 1509 1912; x_wconf 87' lang='lat' dir='ltr'>XV,</span> <span class='ocrx_word' id='word_1_266' title='bbox 1537 1872 1593 1905; x_wconf 82' lang='lat'>21.</span> <span class='ocrx_word' id='word_1_267' title='bbox 1620 1873 1664 1906; x_wconf 84' lang='lat' dir='ltr'>ad</span> 
     </span>
     <span class='ocr_line' id='line_1_32' title="bbox 176 1918 1661 1963; baseline -0.003 -6"><span class='ocrx_word' id='word_1_268' title='bbox 176 1923 296 1957; x_wconf 76' lang='lat' dir='ltr'>Attic-</span> <span class='ocrx_word' id='word_1_269' title='bbox 321 1923 426 1963; x_wconf 88' lang='lat' dir='ltr'>XIII,</span> <span class='ocrx_word' id='word_1_270' title='bbox 452 1924 511 1958; x_wconf 85' lang='lat'>30.</span> <span class='ocrx_word' id='word_1_271' title='bbox 545 1923 659 1955; x_wconf 87' lang='lat' dir='ltr'>Verr.</span> <span class='ocrx_word' id='word_1_272' title='bbox 687 1924 729 1963; x_wconf 82' lang='lat' dir='ltr'>V,</span> <span class='ocrx_word' id='word_1_273' title='bbox 756 1921 812 1956; x_wconf 76' lang='lat'>46.</span> <span class='ocrx_word' id='word_1_274' title='bbox 847 1921 931 1963; x_wconf 81' lang='lat' dir='ltr'>Vgl.</span> <span class='ocrx_word' id='word_1_275' title='bbox 959 1922 1086 1952; x_wconf 82' lang='lat' dir='ltr'>Horat.</span> <span class='ocrx_word' id='word_1_276' title='bbox 1114 1919 1238 1952; x_wconf 80' lang='lat' dir='ltr'>carm.</span> <span class='ocrx_word' id='word_1_277' title='bbox 1266 1918 1296 1956; x_wconf 89' lang='lat'>1,</span> <span class='ocrx_word' id='word_1_278' title='bbox 1324 1919 1358 1956; x_wconf 89' lang='lat'>3,</span> <span class='ocrx_word' id='word_1_279' title='bbox 1385 1919 1418 1953; x_wconf 88' lang='grc'>9.</span> <span class='ocrx_word' id='word_1_280' title='bbox 1445 1938 1489 1943; x_wconf 88' lang='grc'>-</span> <span class='ocrx_word' id='word_1_281' title='bbox 1515 1929 1593 1962; x_wconf 78' lang='lat' dir='ltr'>sap.</span> <span class='ocrx_word' id='word_1_282' title='bbox 1621 1946 1628 1952; x_wconf 88' lang='lat'><strong>.</strong></span> <span class='ocrx_word' id='word_1_283' title='bbox 1657 1948 1661 1952; x_wconf 90' lang='lat'><strong>.</strong></span> 
     </span>
     <span class='ocr_line' id='line_1_33' title="bbox 178 1965 1663 2016; baseline -0.004 -10"><span class='ocrx_word' id='word_1_284' title='bbox 178 1982 283 2016; x_wconf 78' lang='lat' dir='ltr'>quam</span> <span class='ocrx_word' id='word_1_285' title='bbox 306 1971 456 2014; x_wconf 80' lang='lat' dir='ltr'>vellem,</span> <span class='ocrx_word' id='word_1_286' title='bbox 483 1970 545 2004; x_wconf 88' lang='lat' dir='ltr'>ein</span> <span class='ocrx_word' id='word_1_287' title='bbox 572 1969 670 2003; x_wconf 88' lang='lat' dir='ltr'>Kind</span> <span class='ocrx_word' id='word_1_288' title='bbox 697 1980 770 2003; x_wconf 87' lang='lat' dir='ltr'>von</span> <span class='ocrx_word' id='word_1_289' title='bbox 797 1968 905 2001; x_wconf 80' lang='lat' dir='ltr'>mehr</span> <span class='ocrx_word' id='word_1_290' title='bbox 918 1965 1126 2004; x_wconf 78' lang='lat' dir='ltr'>Ver-stand,</span> <span class='ocrx_word' id='word_1_291' title='bbox 1154 1966 1208 1998; x_wconf 83' lang='lat' dir='ltr'>als</span> <span class='ocrx_word' id='word_1_292' title='bbox 1235 1966 1310 1998; x_wconf 89' lang='lat' dir='ltr'>mir</span> <span class='ocrx_word' id='word_1_293' title='bbox 1335 1967 1375 1997; x_wconf 87' lang='lat' dir='ltr'>in</span> <span class='ocrx_word' id='word_1_294' title='bbox 1401 1966 1547 1999; x_wconf 79' lang='lat' dir='ltr'>uns&#39;rer</span> <span class='ocrx_word' id='word_1_295' title='bbox 1572 1967 1663 2000; x_wconf 76' lang='lat' dir='ltr'>ian·-</span> 
     </span>
     <span class='ocr_line' id='line_1_34' title="bbox 176 2013 1664 2067; baseline -0.004 -13"><span class='ocrx_word' id='word_1_296' title='bbox 176 2019 393 2054; x_wconf 83' lang='lat' dir='ltr'>mervollen</span> <span class='ocrx_word' id='word_1_297' title='bbox 427 2019 527 2067; x_wconf 76' lang='lat' dir='ltr'>Luge</span> <span class='ocrx_word' id='word_1_298' title='bbox 561 2030 624 2051; x_wconf 88' lang='lat' dir='ltr'>um</span> <span class='ocrx_word' id='word_1_299' title='bbox 657 2016 906 2050; x_wconf 80' lang='lat' dir='ltr'>seinetwillen</span> <span class='ocrx_word' id='word_1_300' title='bbox 941 2015 1018 2048; x_wconf 86' lang='lat' dir='ltr'>lieb</span> <span class='ocrx_word' id='word_1_301' title='bbox 1058 2013 1137 2047; x_wconf 79' lang='lat' dir='ltr'>sein</span> <span class='ocrx_word' id='word_1_302' title='bbox 1170 2013 1284 2046; x_wconf 87' lang='lat' dir='ltr'>kann.</span> <span class='ocrx_word' id='word_1_303' title='bbox 1331 2014 1443 2047; x_wconf 86' lang='lat' dir='ltr'>&#39;Denn</span> <span class='ocrx_word' id='word_1_304' title='bbox 1471 2024 1514 2047; x_wconf 86' lang='lat' dir='ltr'>er</span> <span class='ocrx_word' id='word_1_305' title='bbox 1539 2017 1664 2060; x_wconf 74' lang='lat' dir='ltr'>griimt</span> 
     </span>
     <span class='ocr_line' id='line_1_35' title="bbox 178 2060 1664 2110; baseline -0.002 -9"><span class='ocrx_word' id='word_1_306' title='bbox 178 2066 262 2101; x_wconf 79' lang='lat' dir='ltr'>sich</span> <span class='ocrx_word' id='word_1_307' title='bbox 290 2079 336 2100; x_wconf 91' lang='lat' dir='ltr'>zu</span> <span class='ocrx_word' id='word_1_308' title='bbox 369 2065 467 2101; x_wconf 86' lang='lat' dir='ltr'>sehr.</span> <span class='ocrx_word' id='word_1_309' title='bbox 501 2085 547 2090; x_wconf 91' lang='lat'><em>-</em></span> <span class='ocrx_word' id='word_1_310' title='bbox 579 2065 699 2099; x_wconf 76' lang='lat' dir='ltr'>vereri</span> <span class='ocrx_word' id='word_1_311' title='bbox 731 2065 913 2108; x_wconf 82' lang='lat' dir='ltr'>aliquem,</span> <span class='ocrx_word' id='word_1_312' title='bbox 949 2073 1064 2110; x_wconf 80' lang='lat' dir='ltr'>gcgen</span> <span class='ocrx_word' id='word_1_313' title='bbox 1098 2061 1302 2095; x_wconf 81' lang='lat' dir='ltr'>Iemanden</span> <span class='ocrx_word' id='word_1_314' title='bbox 1336 2060 1664 2107; x_wconf 73' lang='lat' dir='ltr'>Ehrerbietigkeit</span> 
     </span>
     <span class='ocr_line' id='line_1_36' title="bbox 177 2110 1662 2158; baseline -0.005 -9"><span class='ocrx_word' id='word_1_315' title='bbox 177 2115 330 2149; x_wconf 78' lang='lat' dir='ltr'>ffihlen.</span> <span class='ocrx_word' id='word_1_316' title='bbox 359 2136 401 2141; x_wconf 96' lang='lat'><strong>—</strong></span> <span class='ocrx_word' id='word_1_317' title='bbox 436 2113 616 2158; x_wconf 79' lang='lat' dir='ltr'>reliquias</span> <span class='ocrx_word' id='word_1_318' title='bbox 649 2112 840 2146; x_wconf 80' lang='lat' dir='ltr'>communis</span> <span class='ocrx_word' id='word_1_319' title='bbox 867 2110 1111 2152; x_wconf 73' lang='lat' dir='ltr'>calamitatis,</span> <span class='ocrx_word' id='word_1_320' title='bbox 1140 2111 1236 2150; x_wconf 80' lang='lat' dir='ltr'>Das,</span> <span class='ocrx_word' id='word_1_321' title='bbox 1263 2121 1339 2142; x_wconf 81' lang='lat' dir='ltr'>was</span> <span class='ocrx_word' id='word_1_322' title='bbox 1365 2121 1434 2142; x_wconf 84' lang='lat' dir='ltr'>uns</span> <span class='ocrx_word' id='word_1_323' title='bbox 1460 2120 1572 2144; x_wconf 84' lang='lat' dir='ltr'>unser</span> <span class='ocrx_word' id='word_1_324' title='bbox 1599 2122 1662 2157; x_wconf 82' lang='lat' dir='ltr'>ge-</span> 
     </span>
     <span class='ocr_line' id='line_1_37' title="bbox 178 2155 1660 2208; baseline -0.003 -12"><span class='ocrx_word' id='word_1_325' title='bbox 178 2163 404 2196; x_wconf 81' lang='lat' dir='ltr'>meinsames</span> <span class='ocrx_word' id='word_1_326' title='bbox 443 2161 626 2208; x_wconf 78' lang='lat' dir='ltr'>Ungliick</span> <span class='ocrx_word' id='word_1_327' title='bbox 667 2162 781 2208; x_wconf 80' lang='lat' dir='ltr'>iibrig</span> <span class='ocrx_word' id='word_1_328' title='bbox 818 2160 984 2207; x_wconf 81' lang='lat' dir='ltr'>gelassen</span> <span class='ocrx_word' id='word_1_329' title='bbox 1021 2158 1095 2190; x_wconf 83' lang='lat' dir='ltr'>hat.</span> <span class='ocrx_word' id='word_1_330' title='bbox 1147 2156 1195 2190; x_wconf 90' lang='lat' dir='ltr'>So</span> <span class='ocrx_word' id='word_1_331' title='bbox 1236 2155 1373 2202; x_wconf 82' lang='lat' dir='ltr'>virgil.</span> <span class='ocrx_word' id='word_1_332' title='bbox 1406 2157 1495 2190; x_wconf 81' lang='lat' dir='ltr'>Aen.</span> <span class='ocrx_word' id='word_1_333' title='bbox 1528 2159 1558 2200; x_wconf 89' lang='lat' dir='ltr'>I,</span> <span class='ocrx_word' id='word_1_334' title='bbox 1597 2161 1660 2194; x_wconf 85' lang='lat'>30:</span> 
     </span>
     <span class='ocr_line' id='line_1_38' title="bbox 176 2203 1663 2253; baseline -0.003 -8"><span class='ocrx_word' id='word_1_335' title='bbox 176 2211 318 2250; x_wconf 82' lang='lat' dir='ltr'>Troas,</span> <span class='ocrx_word' id='word_1_336' title='bbox 346 2209 525 2253; x_wconf 82' lang='lat' dir='ltr'>reliquias</span> <span class='ocrx_word' id='word_1_337' title='bbox 550 2211 722 2242; x_wconf 82' lang='lat' dir='ltr'>Danaum</span> <span class='ocrx_word' id='word_1_338' title='bbox 749 2215 860 2251; x_wconf 81' lang='lat' dir='ltr'>atque</span> <span class='ocrx_word' id='word_1_339' title='bbox 888 2206 1044 2240; x_wconf 81' lang='lat' dir='ltr'>immitis</span> <span class='ocrx_word' id='word_1_340' title='bbox 1070 2203 1212 2238; x_wconf 87' lang='lat' dir='ltr'>Achilli</span> <span class='ocrx_word' id='word_1_341' title='bbox 1238 2211 1325 2238; x_wconf 79' lang='lat' dir='ltr'>statt</span> <span class='ocrx_word' id='word_1_342' title='bbox 1350 2216 1371 2237; x_wconf 88' lang='lat' dir='ltr'>a</span> <span class='ocrx_word' id='word_1_343' title='bbox 1397 2205 1532 2239; x_wconf 80' lang='lat' dir='ltr'>Danais</span> <span class='ocrx_word' id='word_1_344' title='bbox 1558 2212 1595 2240; x_wconf 83' lang='lat' dir='ltr'>et</span> <span class='ocrx_word' id='word_1_345' title='bbox 1620 2207 1663 2240; x_wconf 88' lang='lat' dir='ltr'>ab</span> 
     </span>
     <span class='ocr_line' id='line_1_39' title="bbox 176 2253 1663 2298; baseline -0.003 -6"><span class='ocrx_word' id='word_1_346' title='bbox 176 2258 331 2292; x_wconf 84' lang='lat' dir='ltr'>Achille</span> <span class='ocrx_word' id='word_1_347' title='bbox 364 2257 518 2291; x_wconf 83' lang='lat' dir='ltr'>relictos</span> <span class='ocrx_word' id='word_1_348' title='bbox 550 2258 752 2298; x_wconf 74' lang='lat' dir='ltr'>Troianost,</span> <span class='ocrx_word' id='word_1_349' title='bbox 798 2255 891 2290; x_wconf 84' lang='lat' dir='ltr'>ibid.</span> <span class='ocrx_word' id='word_1_350' title='bbox 926 2255 995 2296; x_wconf 90' lang='lat'>111,</span> <span class='ocrx_word' id='word_1_351' title='bbox 1029 2255 1084 2289; x_wconf 71' lang='lat'>87.</span> <span class='ocrx_word' id='word_1_352' title='bbox 1117 2253 1200 2287; x_wconf 86' lang='lat' dir='ltr'>Liv.</span> <span class='ocrx_word' id='word_1_353' title='bbox 1231 2253 1348 2291; x_wconf 84' lang='lat' dir='ltr'>XXII,</span> <span class='ocrx_word' id='word_1_354' title='bbox 1381 2254 1446 2288; x_wconf 85' lang='lat'>56:</span> <span class='ocrx_word' id='word_1_355' title='bbox 1483 2253 1663 2297; x_wconf 84' lang='lat' dir='ltr'>reliquias</span> 
     </span>
     <span class='ocr_line' id='line_1_40' title="bbox 176 2300 1661 2352; baseline -0.004 -12"><span class='ocrx_word' id='word_1_356' title='bbox 176 2312 306 2340; x_wconf 81' lang='lat' dir='ltr'>tantae</span> <span class='ocrx_word' id='word_1_357' title='bbox 339 2305 454 2339; x_wconf 82' lang='lat' dir='ltr'>cladis</span> <span class='ocrx_word' id='word_1_358' title='bbox 495 2305 692 2352; x_wconf 78' lang='lat' dir='ltr'>colligere.</span> <span class='ocrx_word' id='word_1_359' title='bbox 731 2304 808 2338; x_wconf 85' lang='lat' dir='ltr'>Cic.</span> <span class='ocrx_word' id='word_1_360' title='bbox 842 2304 985 2336; x_wconf 82' lang='lat' dir='ltr'>Senect.</span> <span class='ocrx_word' id='word_1_361' title='bbox 1020 2303 1056 2335; x_wconf 83' lang='lat'>6:</span> <span class='ocrx_word' id='word_1_362' title='bbox 1093 2302 1151 2336; x_wconf 86' lang='lat' dir='ltr'>avi</span> <span class='ocrx_word' id='word_1_363' title='bbox 1186 2301 1366 2346; x_wconf 84' lang='lat' dir='ltr'>reliquias</span> <span class='ocrx_word' id='word_1_364' title='bbox 1400 2300 1424 2334; x_wconf 89' lang='lat' dir='ltr'>i.</span> <span class='ocrx_word' id='word_1_365' title='bbox 1461 2312 1492 2335; x_wconf 92' lang='lat' dir='ltr'>e.</span> <span class='ocrx_word' id='word_1_366' title='bbox 1520 2302 1661 2335; x_wconf 84' lang='lat' dir='ltr'>bellum</span> 
     </span>
    </p>
   </div>
   <div class='ocr_carea' id='block_1_5' title="bbox 177 2352 1661 2437">
    <p class='ocr_par' dir='ltr' id='par_1_5' title="bbox 177 2352 1661 2437">
     <span class='ocr_line' id='line_1_41' title="bbox 177 2352 906 2401; baseline -0.007 -12"><span class='ocrx_word' id='word_1_367' title='bbox 177 2366 269 2389; x_wconf 79' lang='lat' dir='ltr'>oum</span> <span class='ocrx_word' id='word_1_368' title='bbox 284 2353 659 2401; x_wconf 78' lang='lat' dir='ltr'>Carthaginiensibus</span> <span class='ocrx_word' id='word_1_369' title='bbox 685 2352 906 2401; x_wconf 81' lang='lat' dir='ltr'>gerendum.</span> 
     </span>
     <span class='ocr_line' id='line_1_42' title="bbox 276 2396 1661 2437; baseline -0.006 -2"><span class='ocrx_word' id='word_1_370' title='bbox 276 2404 310 2437; x_wconf 83' lang='lat'>4.</span> <span class='ocrx_word' id='word_1_371' title='bbox 345 2402 417 2436; x_wconf 79' lang='lat' dir='ltr'>Sed</span> <span class='ocrx_word' id='word_1_372' title='bbox 447 2406 563 2435; x_wconf 81' lang='lat' dir='ltr'>lamen</span> <span class='ocrx_word' id='word_1_373' title='bbox 596 2400 629 2434; x_wconf 88' lang='lat' dir='ltr'>d.</span> <span class='ocrx_word' id='word_1_374' title='bbox 664 2402 687 2437; x_wconf 81' lang='lat' dir='ltr'>i.</span> <span class='ocrx_word' id='word_1_375' title='bbox 721 2406 832 2434; x_wconf 83' lang='lat' dir='ltr'>unter</span> <span class='ocrx_word' id='word_1_376' title='bbox 873 2399 971 2432; x_wconf 81' lang='lat' dir='ltr'>allen</span> <span class='ocrx_word' id='word_1_377' title='bbox 1014 2397 1139 2432; x_wconf 77' lang='lat' dir='ltr'>diesen</span> <span class='ocrx_word' id='word_1_378' title='bbox 1189 2396 1434 2431; x_wconf 83' lang='lat' dir='ltr'>driickenden</span> <span class='ocrx_word' id='word_1_379' title='bbox 1469 2396 1661 2431; x_wconf 82' lang='lat' dir='ltr'>Gesiihlen</span> 
     </span>
    </p>
   </div>
   <div class='ocr_carea' id='block_1_6' title="bbox 177 2444 1662 2780">
    <p class='ocr_par' dir='ltr' id='par_1_6' title="bbox 177 2444 1662 2640">
     <span class='ocr_line' id='line_1_43' title="bbox 177 2444 1662 2491; baseline -0.003 -9"><span class='ocrx_word' id='word_1_380' title='bbox 177 2450 254 2484; x_wconf 81' lang='lat' dir='ltr'>hab</span> <span class='ocrx_word' id='word_1_381' title='bbox 281 2449 348 2484; x_wconf 81' lang='lat' dir='ltr'>ich</span> <span class='ocrx_word' id='word_1_382' title='bbox 374 2448 472 2483; x_wconf 87' lang='lat' dir='ltr'>doch</span> <span class='ocrx_word' id='word_1_383' title='bbox 499 2462 532 2482; x_wconf 88' lang='lat' dir='ltr'>u.</span> <span class='ocrx_word' id='word_1_384' title='bbox 561 2461 587 2483; x_wconf 87' lang='lat' dir='ltr'>s.</span> <span class='ocrx_word' id='word_1_385' title='bbox 616 2460 662 2481; x_wconf 82' lang='lat' dir='ltr'>w.</span> <span class='ocrx_word' id='word_1_386' title='bbox 692 2468 735 2473; x_wconf 92' lang='lat'>—-</span> <span class='ocrx_word' id='word_1_387' title='bbox 770 2451 916 2491; x_wconf 69' lang='lat' dir='ltr'>postca,</span> <span class='ocrx_word' id='word_1_388' title='bbox 943 2452 1017 2480; x_wconf 79' lang='lat' dir='ltr'>erst</span> <span class='ocrx_word' id='word_1_389' title='bbox 1044 2445 1140 2478; x_wconf 83' lang='lat' dir='ltr'>nach</span> <span class='ocrx_word' id='word_1_390' title='bbox 1167 2446 1323 2491; x_wconf 75' lang='lat' dir='ltr'>Abgang</span> <span class='ocrx_word' id='word_1_391' title='bbox 1355 2444 1490 2478; x_wconf 76' lang='lat' dir='ltr'>Deines</span> <span class='ocrx_word' id='word_1_392' title='bbox 1522 2445 1662 2479; x_wconf 86' lang='lat' dir='ltr'>letzten</span> 
     </span>
     <span class='ocr_line' id='line_1_44' title="bbox 177 2493 1661 2538; baseline -0.003 -7"><span class='ocrx_word' id='word_1_393' title='bbox 177 2499 318 2532; x_wconf 82' lang='lat' dir='ltr'>Briess.</span> <span class='ocrx_word' id='word_1_394' title='bbox 348 2516 388 2522; x_wconf 89' lang='lat'>—</span> <span class='ocrx_word' id='word_1_395' title='bbox 417 2498 536 2530; x_wconf 80' lang='lat' dir='ltr'>verbis</span> <span class='ocrx_word' id='word_1_396' title='bbox 552 2497 659 2534; x_wconf 71' lang='lat' dir='ltr'>meis,</span> <span class='ocrx_word' id='word_1_397' title='bbox 685 2496 892 2528; x_wconf 83' lang='lat' dir='ltr'>miindlieh.</span> <span class='ocrx_word' id='word_1_398' title='bbox 921 2514 962 2519; x_wconf 89' lang='lat'>—</span> <span class='ocrx_word' id='word_1_399' title='bbox 989 2494 1187 2538; x_wconf 75' lang='lat' dir='ltr'>praesidio.</span> <span class='ocrx_word' id='word_1_400' title='bbox 1216 2494 1333 2526; x_wconf 86' lang='lat' dir='ltr'>Volui</span> <span class='ocrx_word' id='word_1_401' title='bbox 1359 2498 1394 2524; x_wconf 78' lang='lat' dir='ltr'>te</span> <span class='ocrx_word' id='word_1_402' title='bbox 1415 2493 1552 2538; x_wconf 43' lang='lat' dir='ltr'>Rom-ae</span> <span class='ocrx_word' id='word_1_403' title='bbox 1576 2503 1661 2530; x_wconf 73' lang='lat' dir='ltr'>esse,</span> 
     </span>
     <span class='ocr_line' id='line_1_45' title="bbox 177 2539 1657 2591; baseline -0.003 -14"><span class='ocrx_word' id='word_1_404' title='bbox 177 2551 221 2579; x_wconf 81' lang='lat' dir='ltr'>ut</span> <span class='ocrx_word' id='word_1_405' title='bbox 247 2546 318 2579; x_wconf 76' lang='lat' dir='ltr'>tibi</span> <span class='ocrx_word' id='word_1_406' title='bbox 346 2546 422 2589; x_wconf 85' lang='lat' dir='ltr'>ipse</span> <span class='ocrx_word' id='word_1_407' title='bbox 449 2556 572 2591; x_wconf 75' lang='lat' dir='ltr'>posses</span> <span class='ocrx_word' id='word_1_408' title='bbox 598 2544 784 2588; x_wconf 79' lang='lat' dir='ltr'>praesidio</span> <span class='ocrx_word' id='word_1_409' title='bbox 811 2554 906 2583; x_wconf 71' lang='lat' dir='ltr'>esse,</span> <span class='ocrx_word' id='word_1_410' title='bbox 935 2542 1065 2587; x_wconf 78' lang='lat' dir='ltr'>siquis</span> <span class='ocrx_word' id='word_1_411' title='bbox 1085 2548 1121 2575; x_wconf 79' lang='lat' dir='ltr'>te</span> <span class='ocrx_word' id='word_1_412' title='bbox 1148 2546 1348 2575; x_wconf 73' lang='lat' dir='ltr'>accusaret.</span> <span class='ocrx_word' id='word_1_413' title='bbox 1374 2539 1591 2574; x_wconf 75' lang='lat' dir='ltr'>SCHUTZ.</span> <span class='ocrx_word' id='word_1_414' title='bbox 1619 2559 1657 2564; x_wconf 92' lang='grc'>-</span> 
     </span>
     <span class='ocr_line' id='line_1_46' title="bbox 178 2592 960 2640; baseline -0.004 -14"><span class='ocrx_word' id='word_1_415' title='bbox 178 2593 331 2627; x_wconf 75' lang='lat' dir='ltr'>satiata.</span> <span class='ocrx_word' id='word_1_416' title='bbox 358 2595 447 2640; x_wconf 78' lang='lat' dir='ltr'>Vgl.</span> <span class='ocrx_word' id='word_1_417' title='bbox 476 2605 532 2637; x_wconf 85' lang='lat' dir='ltr'>cp.</span> <span class='ocrx_word' id='word_1_418' title='bbox 558 2593 671 2627; x_wconf 79' lang='lat' dir='ltr'>an.</span> <span class='ocrx_word' id='word_1_419' title='bbox 700 2592 751 2624; x_wconf 86' lang='lat' dir='ltr'>im</span> <span class='ocrx_word' id='word_1_420' title='bbox 778 2592 960 2639; x_wconf 65' lang='lat' dir='ltr'>Ansange.</span> 
     </span>
    </p>

    <p class='ocr_par' dir='ltr' id='par_1_7' title="bbox 180 2635 1661 2780">
     <span class='ocr_line' id='line_1_47' title="bbox 277 2635 1661 2683; baseline -0.007 -8"><span class='ocrx_word' id='word_1_421' title='bbox 277 2643 313 2676; x_wconf 89' lang='lat'>5.</span> <span class='ocrx_word' id='word_1_422' title='bbox 334 2641 466 2683; x_wconf 67' lang='lat' dir='ltr'>sorti-3.</span> <span class='ocrx_word' id='word_1_423' title='bbox 492 2642 552 2674; x_wconf 65' lang='lat' dir='ltr'>Sic</span> <span class='ocrx_word' id='word_1_424' title='bbox 578 2640 657 2674; x_wconf 84' lang='lat' dir='ltr'>Md.</span> <span class='ocrx_word' id='word_1_425' title='bbox 687 2640 778 2673; x_wconf 83' lang='lat' dir='ltr'>Vict.</span> <span class='ocrx_word' id='word_1_426' title='bbox 799 2642 828 2673; x_wconf 92' lang='lat' dir='ltr'>l.</span> <span class='ocrx_word' id='word_1_427' title='bbox 848 2642 881 2674; x_wconf 86' lang='lat'>2.</span> <span class='ocrx_word' id='word_1_428' title='bbox 901 2638 1025 2682; x_wconf 73' lang='lat' dir='ltr'>fortis</span> <span class='ocrx_word' id='word_1_429' title='bbox 1051 2636 1116 2668; x_wconf 62' lang='lat' dir='ltr'>tibi</span> <span class='ocrx_word' id='word_1_430' title='bbox 1141 2646 1276 2679; x_wconf 77' lang='lat' dir='ltr'>semper</span> <span class='ocrx_word' id='word_1_431' title='bbox 1302 2637 1395 2670; x_wconf 76' lang='lat' dir='ltr'>Celt.</span> <span class='ocrx_word' id='word_1_432' title='bbox 1419 2655 1461 2660; x_wconf 88' lang='lat'>—</span> <span class='ocrx_word' id='word_1_433' title='bbox 1488 2635 1661 2675; x_wconf 80' lang='lat' dir='ltr'>confirma</span> 
     </span>
     <span class='ocr_line' id='line_1_48' title="bbox 180 2683 1659 2730; baseline -0.004 -9"><span class='ocrx_word' id='word_1_434' title='bbox 180 2694 238 2728; x_wconf 74' lang='lat' dir='ltr'>te,</span> <span class='ocrx_word' id='word_1_435' title='bbox 269 2691 389 2722; x_wconf 74' lang='lat' dir='ltr'>nimiu</span> <span class='ocrx_word' id='word_1_436' title='bbox 416 2688 515 2723; x_wconf 82' lang='lat' dir='ltr'>Dich</span> <span class='ocrx_word' id='word_1_437' title='bbox 542 2699 767 2722; x_wconf 84' lang='lat' dir='ltr'>zusammen.</span> <span class='ocrx_word' id='word_1_438' title='bbox 794 2706 835 2711; x_wconf 89' lang='lat'>—-</span> <span class='ocrx_word' id='word_1_439' title='bbox 863 2688 894 2719; x_wconf 79' lang='lat' dir='ltr'>si</span> <span class='ocrx_word' id='word_1_440' title='bbox 921 2697 1000 2730; x_wconf 76' lang='lat' dir='ltr'>qua.</span> <span class='ocrx_word' id='word_1_441' title='bbox 1029 2683 1127 2717; x_wconf 80' lang='lat' dir='ltr'>vict.</span> <span class='ocrx_word' id='word_1_442' title='bbox 1149 2686 1177 2717; x_wconf 94' lang='lat' dir='ltr'>l.</span> <span class='ocrx_word' id='word_1_443' title='bbox 1194 2685 1225 2718; x_wconf 86' lang='lat'>2.</span> <span class='ocrx_word' id='word_1_444' title='bbox 1253 2695 1340 2727; x_wconf 76' lang='lat' dir='ltr'>quae</span> <span class='ocrx_word' id='word_1_445' title='bbox 1356 2689 1486 2717; x_wconf 80' lang='lat' dir='ltr'>contra</span> <span class='ocrx_word' id='word_1_446' title='bbox 1513 2683 1590 2716; x_wconf 82' lang='lat' dir='ltr'>Md.</span> <span class='ocrx_word' id='word_1_447' title='bbox 1618 2701 1659 2706; x_wconf 76' lang='lat'>—-</span> 
     </span>
     <span class='ocr_line' id='line_1_49' title="bbox 181 2730 1660 2780; baseline -0.004 -11"><span class='ocrx_word' id='word_1_448' title='bbox 181 2735 447 2771; x_wconf 56' lang='lat' dir='ltr'>dimicationem</span> <span class='ocrx_word' id='word_1_449' title='bbox 474 2737 611 2780; x_wconf 67' lang='lat' dir='ltr'>subire,</span> <span class='ocrx_word' id='word_1_450' title='bbox 650 2737 756 2770; x_wconf 83' lang='lat' dir='ltr'>einen</span> <span class='ocrx_word' id='word_1_451' title='bbox 791 2736 929 2780; x_wconf 81' lang='lat' dir='ltr'>Kampf</span> <span class='ocrx_word' id='word_1_452' title='bbox 953 2746 1001 2769; x_wconf 88' lang='lat' dir='ltr'>zu</span> <span class='ocrx_word' id='word_1_453' title='bbox 1026 2732 1200 2766; x_wconf 52' lang='lat' dir='ltr'>beatu-heu</span> <span class='ocrx_word' id='word_1_454' title='bbox 1227 2732 1357 2766; x_wconf 78' lang='lat' dir='ltr'>haben.</span> <span class='ocrx_word' id='word_1_455' title='bbox 1386 2732 1471 2766; x_wconf 72' lang='lat' dir='ltr'>Seii.</span> <span class='ocrx_word' id='word_1_456' title='bbox 1501 2730 1530 2765; x_wconf 77' lang='lat' dir='ltr'>si</span> <span class='ocrx_word' id='word_1_457' title='bbox 1558 2741 1660 2775; x_wconf 75' lang='lat' dir='ltr'>repe-</span> 
     </span>
    </p>
   </div>
  </div>
 </body>
</html>
