1742 3006
108 210 191 250 ego
220 195 341 238 diem
370 193 410 236 si
448 192 608 237 videro
648 194 695 233 et
730 191 772 233 si
800 189 849 232 in
877 189 1078 232 vestrum
1109 187 1396 244 complexum
1425 201 1592 233 venero

108 268 163 296 ac
191 254 231 294 si
261 257 308 294 et
333 265 415 295 vos
445 254 491 292 et
517 262 588 290 me
618 247 764 303 ipsum
793 259 1087 301 recuperare,
1117 247 1228 287 satis
1248 259 1457 300 magnum
1477 246 1593 287 mihi

109 309 306 351 fructum
342 307 533 351 videbor
570 304 827 360 percepisse
857 306 903 343 et
939 305 1117 343 vestrae
1157 303 1342 356 pietatis
1381 306 1426 342 et
1453 313 1591 343 meae.

109 366 292 407 Pisonis
322 363 601 413 humanitas,
631 361 800 411 virtus,
830 371 956 400 amor
984 358 1032 398 in
1052 371 1205 398 omnes
1235 371 1316 398 nos
1336 360 1486 398 tantus
1508 361 1591 408 est,
1631 365 1657 404 4

109 426 159 463 ut
188 421 307 462 nihil
336 431 471 473 supra
500 416 658 472 possit.
727 416 913 457 Utinam
952 426 1008 454 ea
1047 426 1119 453 res
1164 414 1207 454 ei
1243 414 1468 467 voluptati
1509 415 1593 454 sit!

109 478 283 533 gloriae
313 474 495 530 quidem
524 473 661 515 video
700 471 812 512 fore.
878 469 951 510 De
991 468 1048 518 Q.
1090 468 1232 510 fratre
1270 469 1389 509 nihil
1430 482 1513 524 ego
1549 472 1596 510 te

109 531 339 575 accusavi:
369 531 449 572 sed
477 543 581 582 vos,
612 542 748 583 quum
778 525 1047 582 praesertim
1076 528 1168 566 tam
1198 526 1331 580 pauci
1360 525 1489 578 sitis,
1518 539 1596 567 vo-

111 590 177 630 lui
206 601 302 629 esse
331 600 463 642 quam
493 585 903 626 coniunctissimos,
963 581 1138 631 Quibus
1160 595 1230 623 me
1253 582 1443 624 voluisti
1464 594 1596 635 agere
1633 584 1662 630 5

109 646 310 700 gratias,
356 643 429 698 egi
471 646 518 683 et
546 655 616 682 me
646 654 672 682 a
701 644 747 681 te
786 639 1028 680 certiorem
1069 637 1241 679 factum
1281 651 1379 679 esse
1417 638 1597 691 scripsi.

6 688 17 755 ’ξ
110 700 245 750 Quod
276 699 334 740 ad
363 714 457 752 me,
495 711 594 738 mea
623 697 868 747 Terentia,
908 694 1094 747 scribis,
1135 698 1179 735 te
1208 695 1360 737 vicum
1388 693 1600 735 venditu-

3 0 19 456 1
550 75 872 124 EPISTOLA
909 74 1138 121 Lxx1x.
1500 71 1594 121 283

4 489 17 599 Ξ

109 770 228 798 ram:
257 755 368 809 quid
399 757 584 797 obsecro
615 756 684 805 te,
714 775 769 782 —-
798 765 868 792 me
897 753 1132 793 miserum!
1163 773 1219 779 —
1258 750 1368 805 quid
1400 749 1601 791 futurum

4 829 23 881 ἀ,
111 812 203 854 est?
251 812 337 864 Et,
379 812 419 852 si
459 823 539 851 nos
569 813 743 864 premet
773 807 929 848 eadem
959 806 1165 858 fortuna,
1206 806 1317 861 quid
1346 820 1486 861 puero
1515 806 1600 846 mi-

112 881 214 909 sero
243 867 350 908 fiet?
389 866 492 909 Non
520 880 635 920 queo
666 864 847 918 reliqua
877 864 1102 914 scribere,
1132 884 1186 891 —-
1215 865 1344 903 tanta
1369 863 1439 904 vis
1463 862 1601 902 lacri-

112 937 286 965 marum
316 925 384 964 est
411 945 466 952 —
494 935 637 976 neque
657 925 701 962 te
724 921 771 960 in
796 919 986 960 eundem
1007 919 1164 959 fletum
1185 918 1419 959 adducam.
1479 918 1601 959 Tan-

113 984 208 1022 tum
232 980 403 1020 scribo:
434 979 473 1019 si
498 981 628 1020 erunt
652 977 698 1017 in
720 974 879 1018 officio
904 975 1065 1026 amici,
1096 976 1290 1029 pecunia
1313 988 1404 1015 non
1427 974 1603 1022 deerit3

113 1037 154 1077 si
183 1049 271 1076 non
302 1039 458 1087 erunt,
495 1039 545 1076 tu
583 1032 769 1074 efficere
813 1037 893 1073 tua
931 1032 1123 1086 pecunia
1151 1044 1240 1071 non
1269 1031 1453 1085 poteris.
1512 1030 1605 1071 Per

114 1091 318 1133 fortunas
347 1092 534 1132 miseras
564 1094 765 1141 nostras,
793 1088 926 1141 vide,
955 1102 1010 1129 ne
1040 1100 1225 1142 puerum
1247 1086 1473 1141 perditum
1504 1099 1605 1140 per-

112 1148 285 1189 damus.
352 1148 439 1188 Cui
470 1148 509 1188 si
539 1146 717 1200 aliquid
747 1145 860 1197 erit,
898 1158 954 1185 ne
984 1148 1140 1198 egeat,
1180 1143 1404 1184 mediocri
1433 1143 1605 1184 virtute

115 1216 226 1258 opus
256 1206 326 1244 est
354 1207 400 1244 et
419 1204 641 1244 mediocri
661 1202 869 1254 fortuna,
898 1205 948 1241 ut
968 1206 1119 1241 cetera
1139 1203 1453 1254 consequatur.
1512 1199 1605 1240 Fac
1642 1202 1670 1244 6

114 1260 268 1300 valeas
299 1263 345 1300 et
373 1259 431 1300 ad
460 1273 530 1300 me
560 1258 824 1300 tabellarios
854 1257 1035 1307 mittas,
1069 1260 1120 1296 ut
1149 1257 1315 1308 sciam,
1355 1254 1467 1310 quid
1500 1268 1608 1309 aga-

117 1320 192 1356 tur
221 1320 266 1356 et
295 1328 374 1356 vos
397 1316 506 1369 quid
529 1316 686 1369 agatis.
743 1312 865 1353 Mihi
888 1313 1067 1353 omnino
1089 1312 1177 1352 iam
1199 1312 1349 1353 brevis
1369 1315 1608 1364 exspecta-

119 1371 184 1411 tio
224 1374 305 1411 est.
364 1371 599 1412 Tulliolae
641 1374 686 1411 et
730 1369 945 1410 Ciceroni
975 1369 1166 1409 salutem
1197 1368 1287 1409 dic.
1318 1366 1486 1408 Valete
1544 1366 1605 1408 D.

118 1440 158 1467 a.
200 1426 242 1466 d.
286 1426 370 1468 VI.
411 1426 641 1468 Kalendas
683 1425 982 1477 Decembre&
1022 1423 1327 1479 Dyrrhachii,
1395 1421 1609 1476 Dyrrha-
1646 1423 1674 1466 7

120 1481 274 1522 chium
302 1483 433 1536 veni,
463 1483 583 1538 quod
612 1486 659 1524 et
687 1482 832 1523 libera
861 1482 1023 1522 civitas
1054 1484 1122 1521 est
1153 1484 1198 1521 et
1227 1481 1276 1521 in
1304 1493 1375 1521 me
1400 1479 1611 1521 officiosa

15 1504 24 1516 :
15 1487 17 1494 ⁴
5 1468 12 1476 ·
8 1446 17 1457 Q
4 1426 17 1434 .-
2 1210 24 1413 -ζᾼῗὸιψήιρνηνι
4 1183 17 1200 ;’
5 1168 13 1171 2
2 1093 16 1158 few-n,
4 1039 17 1078 :r
7 939 24 1006 *4-11-
4 866 24 927 2...»—

121 1613 322 1648 observare
348 1614 465 1648 iussus
482 1614 615 1647 fuerit.
642 1632 687 1639 -
714 1613 875 1647 decedat.
903 1613 982 1657 Vgl.
1011 1624 1071 1657 ep.
1097 1612 1270 1653 LXVIII,
1301 1614 1332 1647 1.
1359 1632 1403 1638 —
1429 1611 1527 1645 diem
1551 1622 1613 1644 re-

122 1663 233 1696 ditus.
260 1681 302 1687 --
329 1663 473 1705 videro,
501 1663 653 1697 erleben
680 1663 804 1699 sollte.
857 1662 906 1695 So
925 1663 1074 1694 Terent.
1100 1661 1258 1706 Adelph.
1285 1662 1335 1703 V,
1357 1662 1392 1703 4,
1412 1662 1474 1696 13:
1502 1671 1613 1705 quam

121 1711 314 1745 miseriam
339 1712 436 1745 vidi!
464 1729 509 1736 —

3 1783 25 1803 ί·
217 1779 251 1813 4.
278 1778 426 1813 Pisonis
449 1778 575 1823 generi
595 1778 803 1814 Ciceronis.
831 1794 875 1803 ·-
900 1787 1076 1811 accusare
1102 1791 1151 1808 z
1179 1776 1385 1810 Vorwiirfe
1411 1776 1581 1810 macheu.

218 1846 253 1881 5.
281 1845 471 1879 certiorem
488 1848 593 1889 fact.
613 1858 710 1890 esse,
738 1846 822 1880 dass
837 1846 899 1878 Du
915 1844 1021 1878 mich
1037 1855 1108 1877 von
1129 1844 1201 1877 den
1220 1844 1614 1885 Verbindlichkeiten‚

123 1893 184 1928 die
209 1894 275 1927 ich
301 1895 417 1927 ilmen
454 1895 628 1940 schuldig
662 1896 734 1937 sei,
771 1892 1027 1929 unterrichtet
1054 1893 1207 1926 hattest.
1242 1913 1287 1918 —
1335 1894 1471 1934 vicum,
1514 1894 1615 1926 Dein

122 1942 366 1984 Weichbiffl,
386 1943 474 1976 Gut.
500 1943 536 1978 S.
557 1956 616 1989 ep.
634 1944 763 1985 XXIX,
778 1943 813 1978 5.
829 1942 991 1984 LXXVI,
1004 1942 1036 1975 3.
1054 1942 1294 1975 venditat-am.
1310 1942 1394 1976 Md.
1412 1942 1508 1975 Vict.
1529 1944 1560 1975 l.
1579 1942 1615 1975 2.

125 1992 260 2025 Graev.
287 1991 533 2033 venditurum,
562 1993 660 2037 quod
687 1991 897 2026 defendunt
921 2001 964 2024 ex
991 1990 1119 2023 Gellio
1146 1990 1193 2023 Ν.
1221 1990 1270 2024 Α.
1299 1992 1326 2024 I.
1355 1993 1391 2027 7.
1419 2011 1462 2017 —
1497 1990 1618 2023 eadem

121 2040 219 2082 fort.
236 2064 246 2082 ‚
286 2051 388 2072 wenn
416 2039 478 2072 das
504 2040 675 2085 Ungliick
700 2039 812 2074 nicht
837 2052 912 2073 von
940 2039 1014 2084 ῌηε
1041 2039 1209 2071 ablassen
1236 2039 1344 2072 sollte
1368 2039 1394 2072 i.
1423 2050 1456 2071 e.
1485 2038 1515 2071 si
1541 2049 1617 2070 non

127 2088 234 2121 fuero
261 2095 472 2122 revocatus.
500 2109 541 2114 —
566 2101 683 2133 puero
699 2090 894 2123 Cicerone.
944 2087 1049 2121 Uber
1069 2086 1138 2127 fiet
1165 2098 1250 2120 cum
1276 2088 1390 2120 ablat.
1417 2100 1445 2120 s.
1465 2086 1616 2121 Ramsh.

128 2136 162 2179 ἕ.
191 2137 271 2177 143,
305 2137 338 2171 2.
373 2147 403 2169 a.
439 2155 484 2161 —
530 2148 636 2181 neque
670 2142 726 2180 te,
763 2139 864 2172 Crat.
897 2146 940 2169 ne
972 2139 1017 2168 te.
1051 2155 1095 2160 —
1138 2133 1177 2167 in
1212 2135 1345 2177 officio
1379 2146 1475 2177 esse,
1513 2135 1618 2169 seine

127 2184 386 2228 Schuldigkeit
411 2183 520 2219 thun.
547 2205 592 2210 -
630 2185 804 2230 efficere,
838 2192 879 2220 ut
909 2184 1096 2218 restituar.
1130 2202 1174 2207 —
1208 2184 1493 2227 Per-fortunas.
1526 2185 1618 2217 For-

129 2240 243 2266 tasse:
279 2233 351 2266 I’er
378 2236 411 2266 te
433 2234 626 2274 fortunas,
663 2234 864 2272 ORELLI.
916 2232 1189 2266 obtestationis
1222 2233 1401 2267 formula.
1442 2232 1521 2277 Vgl.
1559 2242 1618 2276 ep.

129 2281 275 2320 LXXV,
306 2284 339 2318 1.
366 2300 411 2306 -
439 2281 535 2324 ride,
563 2293 614 2315 ne.
642 2284 676 2317 S.
702 2283 855 2316 Ramsh.
881 2281 914 2325 ἓ.
942 2281 1023 2322 193,
1051 2281 1084 2322 1,
1112 2282 1148 2317 3.
1182 2300 1226 2305 -
1262 2282 1442 2326 perditum
1468 2280 1622 2313 calami-

131 2335 209 2363 tate
235 2336 362 2363 nostra
386 2330 578 2374 perdamus
611 2332 693 2365 vico
727 2332 880 2365 vendito
914 2336 953 2362 et
986 2330 1042 2362 rei
1079 2329 1278 2364 familiaris
1318 2330 1476 2363 iactura.
1527 2328 1622 2361 Eine

131 2377 298 2422 kraftige
325 2378 619 2425 VViederholung
644 2380 836 2414 desselben
862 2379 1037 2412 Wortes!
1064 2397 1108 2403 —
1145 2382 1182 2412 ul
1207 2383 1328 2413 celera
1352 2388 1513 2421 conseq„
1542 2376 1623 2409 dass

133 2436 175 2459 er
201 2428 331 2460 weiter
359 2428 516 2461 komme.

229 2496 262 2530 6.
292 2495 364 2531 sal.
403 2495 473 2528 dic.
509 2496 645 2533 Lamb.
678 2496 786 2529 dices.
825 2513 868 2520 —
903 2505 936 2529 a.
970 2495 1007 2532 d.
1046 2494 1113 2531 VI.
1149 2494 1239 2529 Kal.
1273 2494 1383 2538 Dec„
1418 2506 1477 2528 am
1515 2493 1624 2529 25ten

137 2542 230 2578 Nov.
259 2543 372 2576 Forte
401 2543 641 2588 Dyrrhachio.
669 2543 868 2579 ORELLI.

231 2611 266 2643 7·
296 2609 430 2653 Dyrrlt.
481 2612 637 2646 wieder
663 2613 725 2647 ein
748 2612 973 2657 Postscript.
1008 2630 1050 2637 —-
1086 2610 1203 2643 libera
1236 2609 1388 2651 cit-itas,
1424 2610 1481 2644 sui
1520 2610 1624 2652 iuris,

137 2663 178 2689 ut
205 2658 241 2689 in
271 2667 313 2690 ea
338 2659 502 2692 Romani
528 2663 671 2694 exsules
696 2661 769 2694 tuti
796 2672 874 2694 csse
908 2661 1063 2705 possint.
1100 2659 1204 2692 5011.
1241 2677 1283 2682 —
1317 2658 1506 2700 officiosa.
1541 2658 1623 2705 Vgl.

140 2718 196 2748 cp.
224 2706 426 2748 LXXVIII,
452 2708 485 2740 4.
512 2721 548 2745 u.
577 2711 682 2744 Orat.
710 2721 778 2755 pro
804 2710 931 2742 Plane.
960 2711 990 2742 1.
1026 2726 1068 2732 —-
1106 2706 1191 2748 Qlfi.
1219 2717 1282 2739 me.
1309 2708 1370 2741 Sic
1397 2708 1478 2742 Md.
1507 2709 1622 2751 Neap.

141 2756 223 2787 Asc·
255 2756 283 2787 l·
313 2754 415 2787 Vict-
445 2756 478 2790 2.
506 2759 638 2793 Lamb.
665 2769 721 2792 me
747 2757 810 2799 off.
847 2760 949 2792 Crat.
983 2756 1083 2789 Vict.
1121 2757 1154 2789 l.
1193 2755 1328 2791 GraeV.
1364 2757 1452 2791 En».
1487 2755 1625 2791 Dent-d.
