1742 3006
82 519 136 561 15

138 71 232 119 228
413 72 480 114 Μ.
513 72 567 115 Τ.
601 69 942 113 CICERONIS
975 69 1349 113 EPISTOLAE.

144 187 353 243 quoniam
385 184 556 240 Ephesi
588 189 683 237 est,
715 182 941 224 hominem
972 183 1220 237 investiges
1249 182 1412 235 velim,
1441 195 1629 226 summa-

145 258 231 298 que
258 243 500 297 diligentia
531 240 602 281 vel
636 244 782 280 tecum
813 239 1024 280 deducas.
1084 238 1192 280 Noli
1223 242 1443 294 spectare,
1474 241 1631 294 quanti

146 300 280 341 hoino
310 300 390 339 sit:
442 297 570 352 parvi
601 296 719 336 enim
749 296 885 350 pretii
917 299 1012 347 est,
1042 296 1119 349 qui
1150 295 1237 336 iam
1272 294 1390 335 nihil
1422 295 1508 336 sit:
1551 296 1632 336 sed

146 360 273 397 tanto
304 354 463 393 dolore
494 354 696 406 Aesopus
726 356 796 392 est
825 351 1016 391 affectus
1046 356 1231 405 propter
1259 351 1379 392 servi
1410 351 1558 391 scelus
1588 355 1635 392 et

145 411 406 461 audaciam,
445 412 495 448 ut
524 407 640 448 nihil
677 407 719 448 ei
751 407 923 461 gratius
953 406 1103 447 facere
1132 408 1302 462 possis,
1344 419 1476 461 quam
1504 407 1545 447 si
1574 406 1631 448 il-

147 468 240 509 lum
270 478 350 519 per
379 468 423 505 te
455 464 747 519 recuperarit.

258 521 318 564 V.
366 519 498 562 Nunc
529 534 582 561 ea
611 531 848 574 cognosce,
878 530 992 572 quae
1022 517 1221 559 maxime
1253 522 1456 573 exoptas.
1515 515 1633 559 Rem

144 577 370 634 publicam
402 576 604 617 funditus
644 575 896 616 amisimus:
944 573 1055 614 adeo
1095 579 1144 615 ut
1178 574 1316 627 Cato,
1369 574 1634 616 adolescens

145 635 313 675 nullius
343 633 553 684 consilii,
594 631 673 672 sed
704 636 853 671 tamen
884 630 998 671 civis
1029 628 1259 670 Romanus
1291 634 1335 671 et
1365 631 1506 682 Cato,
1550 630 1634 671 vix

144 691 274 731 vivus
305 689 548 743 effugeret3
594 687 739 741 quod,
772 699 905 740 quum
937 685 1177 726 Gabinium
1208 685 1262 726 de
1292 687 1460 727 ambitu
1492 686 1635 726 vellet

146 745 398 800 postulare,
452 756 594 797 neque
637 746 868 797 praetores
909 740 1066 781 diebus
1096 741 1273 796 aliquot
1301 742 1421 782 adiri
1451 745 1634 796 possent

147 802 219 842 vel
269 804 536 855 potestatem
580 799 649 840 sui
691 798 921 847 facerent,
973 797 1019 837 in
1051 798 1314 837 concionem
1345 798 1548 838 escendit
1587 802 1634 838 et

146 857 413 911 Pompeium
464 873 481 887 u
496 856 723 909 privatum
763 853 1066 894 dictatorem«
1111 854 1371 907 appellavit.
1438 852 1634 907 Propius

146 913 265 954 nihil
296 917 363 953 est
395 910 579 963 sactum,
609 924 741 964 quam
771 914 821 950 ut
852 909 1153 951 occideretur.
1224 909 1299 950 Ex
1331 908 1434 960 hoc,
1464 910 1542 963 qui
1572 909 1634 950 sit

82 978 134 1019 16
147 974 288 1010 status
331 969 469 1008 totius
512 968 578 1007 rei
609 967 841 1020 publicae,
870 964 1028 1006 videre
1059 970 1202 1020 potes.
1260 965 1454 1006 Nostrae
1485 969 1634 1006 tamen

146 1038 305 1067 causae
347 1037 434 1063 non
483 1023 696 1064 videntur
742 1020 947 1062 homines
986 1021 1202 1063 defuturi.
1288 1020 1547 1062 Mirandum
1587 1021 1634 1061 in

142 1182 261 1216 niodo.
321 1181 404 1216 Md.
441 1181 557 1215 Oxou.
595 1181 626 1213 1.
653 1181 686 1214 2.
717 1178 829 1212 Amh.
869 1179 925 1213 16.
958 1179 1072 1213 Rom.
1103 1178 1207 1212 modo
1235 1182 1297 1211 est.
1340 1179 1488 1215 Bentiv.
1532 1190 1632 1223 susp.

142 1231 249 1263 modo
279 1234 392 1274 potes.
443 1248 488 1253 ——
536 1228 593 1260 vel
618 1240 667 1258 >..τ
693 1227 829 1267 selbst‚
864 1237 985 1271 sogar.
1046 1226 1080 1260 S.
1119 1227 1268 1261 Grotef.
1294 1230 1322 1270 §.
1348 1227 1430 1262 364.
1477 1228 1633 1262 Ramsh.

141 1281 170 1322 §.
203 1279 282 1320 18⁰,
310 1281 343 1312 1.
369 1279 452 1310 Not.
484 1280 512 1311 l.
539 1293 586 1300 —
627 1275 783 1309 deducas
809 1276 984 1315 Romam,
1011 1274 1100 1309 huc.
1125 1293 1173 1299 —
1221 1275 1314 1309 Noli
1340 1280 1529 1318 spectare,
1555 1275 1635 1308 sieh

142 1325 253 1359 nicht
278 1325 424 1360 darauf.
474 1323 623 1360 Ramsh.
649 1322 684 1366 ς.
713 1324 793 1365 167,
822 1324 867 1355 Ν.
898 1325 932 1358 1.
962 1323 1114 1356 Grotef.
1142 1325 1172 1368 ξ.
1202 1324 1279 1357 186.
1307 1322 1418 1356 Anni.
1442 1324 1476 1358 2.
1504 1341 1546 1346 —
1575 1322 1636 1366 qui

142 1375 217 1408 iam
242 1373 335 1407 nihil
359 1374 418 1416 sit,
447 1373 509 1406 ein
536 1370 698 1406 Mensch
725 1371 793 1404 der
818 1371 898 1412 Art,
921 1369 1004 1403 dass
1030 1382 1071 1404 er
1096 1371 1190 1404 ietzt
1215 1371 1350 1404 Nichts
1374 1372 1433 1404 ist.
1483 1369 1633 1404 Grotef.

141 1425 170 1467 §.
198 1423 282 1457 431.
310 1422 464 1455 Ramsh.
492 1423 523 1464 ξ.
553 1420 633 1460 184,
658 1420 692 1453 4.
745 1420 807 1453 Sic
833 1419 911 1454 Md.
939 1419 1057 1453 Oxon.
1084 1421 1117 1455 2.
1147 1422 1248 1452 Crat.
1277 1419 1383 1455 Vict.
1412 1421 1447 1453 1.
1473 1420 1504 1454 2.
1532 1421 1634 1452 Man.

141 1471 292 1504 Schutz.
320 1470 427 1503 nihili
451 1469 584 1504 Lamb.
610 1469 701 1504 Em.
728 1468 778 1501 cf.
807 1467 973 1501 Tusculi.
999 1469 1035 1503 3.
1064 1467 1097 1512 ᾖ.
1127 1469 1170 1502 18
1198 1474 1236 1500 et
1263 1469 1317 1502 77.
1345 1468 1379 1509 4,
1403 1467 1463 1504 74.
1490 1486 1534 1492 —
1560 1467 1634 1502 secl.

143 1521 235 1553 Man
272 1519 403 1552 wiirde
435 1523 618 1551 erwarten
651 1515 717 1549 sed
749 1516 833 1553 scil.
867 1522 1020 1560 specta,
1061 1523 1202 1562 quanto
1238 1515 1368 1549 dolore
1401 1517 1560 1560 Aesopus
1585 1516 1635 1548 sit

142 1569 309 1601 affectus.
369 1568 417 1600 Es
454 1567 502 1599 ist
535 1567 654 1609 figura
686 1561 990 1598 Ἀνανταπόδοῑον
1036 1564 1072 1598 d.
1114 1565 1139 1599 i.
1178 1564 1274 1597 ohne
1308 1564 1536 1609 Gegensatz.
1594 1562 1632 1598 S.

140 1615 297 1650 Ramsh.
325 1615 358 1659 ἕ.
385 1616 467 1658 206,
493 1616 533 1647 Β.
561 1616 594 1654 6,
621 1625 650 1646 e.

242 1683 287 1719 V.
316 1683 373 1717 15.
403 1685 556 1724 exoptas
581 1680 660 1714 scil.
688 1690 928 1724 cognoscere.
982 1697 1022 1704 ——
1076 1680 1171 1714 adol.
1205 1679 1341 1713 nullius
1366 1678 1528 1722 consilii,
1574 1680 1634 1714 ein

141 1732 428 1765 unbesonnener
461 1729 654 1773 Iiingling.
715 1727 806 1761 Drei
835 1728 921 1761 Iahr
955 1730 1082 1773 spiiter
1115 1739 1193 1761 war
1220 1739 1260 1760 er
1285 1728 1470 1761 Tribunus
1495 1728 1633 1764 Plebis.

140 1782 177 1814 S.
208 1780 255 1813 ad
283 1779 414 1812 famil.
444 1779 475 1819 l,
502 1778 540 1814 5.
567 1796 611 1801 --
641 1779 680 1809 C.
709 1776 800 1810 Cato
837 1776 1061 1813 adolescens,
1089 1793 1132 1801 —-
1168 1776 1356 1819 efficgerel.
1408 1777 1553 1810 Sch'utz
1586 1777 1633 1811 de

141 1829 296 1862 Ernest.
329 1827 518 1860 sententia
552 1824 738 1867 effugerit.
798 1824 878 1857 Cfr.
912 1831 1039 1858 tamen
1068 1824 1174 1858 Hand
1204 1825 1397 1858 ansellin.
1428 1827 1459 1867 l,
1487 1837 1521 1870 p.
1554 1826 1631 1860 140.

144 1874 343 1910 ORELLI.
371 1892 415 1900 --
457 1873 671 1914 Gabinium,
709 1872 777 1905 der
804 1873 868 1905 fiir
896 1872 959 1906 das
986 1873 1159 1918 folgende
1186 1873 1274 1906 Iahr
1299 1885 1380 1906 zum
1411 1874 1547 1907 Consul
1572 1884 1633 1907 er-

144 1924 258 1958 wahlt
285 1935 372 1956 war.
398 1941 445 1946 ——-
471 1922 657 1965 postulare
683 1920 837 1964 aliquem
864 1921 907 1954 de
935 1922 1093 1962 (nabitu,
1133 1920 1338 1955 lemanden
1367 1933 1498 1966 wegen
1525 1933 1632 1955 uner-

142 1973 294 2007 laubter
318 1970 653 2013 Amtsbewerbung
678 1969 914 2010 vorfordern,
942 1969 1143 2014 anklagen.
1171 1989 1214 1994 -—
1266 1969 1368 2002 adiri
1399 1980 1526 2013 posse,
1560 1971 1631 2003 Zu-

143 2022 230 2054 tritt
264 2032 309 2054 zu
345 2020 431 2054 sich
467 2023 685 2051 verstatten.
713 2036 755 2041 --
807 2021 1025 2060 potestatem
1056 2017 1115 2050 sni
1139 2018 1300 2059 facere,
1333 2017 1416 2051 sich
1443 2019 1631 2063 sprechen

143 2069 277 2102 lassen.
305 2088 349 2093 —
377 2068 415 2101 in
440 2067 645 2100 com-ionem
671 2065 836 2108 escendit,
863 2066 1027 2110 privatus
1054 2077 1165 2112 quum
1194 2072 1314 2107 esset,
1341 2078 1380 2099 so
1407 2067 1550 2111 bestieg
1575 2078 1629 2108 er,
1681 2072 1684 2073 ’

143 2115 375 2165 ungeachtet
402 2127 443 2149 er
469 2115 530 2148 ein
559 2114 701 2147 blosser
726 2114 963 2147 Privatinann
991 2126 1088 2153 war,
1125 2114 1222 2147 ohne
1248 2114 1537 2160 obrigkeitliclie
1561 2116 1630 2149 Er-

144 2165 311 2200 laubniss
361 2164 398 2197 iu
441 2163 509 2198 der
559 2162 958 2208 Volksversammlung
1004 2162 1062 2195 die
1102 2162 1389 2196 Rednerbiiline.
1448 2165 1509 2198 Sic
1547 2163 1628 2198 Md.

147 2213 311 2247 ascendit
338 2213 438 2248 cett.
469 2230 511 2235 ——
537 2215 572 2243 et
600 2210 721 2254 Pomp.
747 2210 841 2253 priv.
870 2211 955 2244 dice.
984 2212 1193 2254 appellavit.
1246 2213 1351 2253 Cato,
1379 2212 1441 2257 qui
1470 2213 1630 2255 optima-

144 2264 242 2296 tium
267 2261 439 2307 partibus
467 2259 707 2300 adhaerebat,
733 2259 913 2292 abductus
939 2259 995 2292 ira
1018 2259 1171 2302 publice
1198 2260 1365 2293 invectus
1392 2261 1500 2294 estin
1522 2261 1629 2294 Poni-

144 2310 271 2357 peium
297 2319 453 2353 eumque
477 2308 661 2352 privatum
688 2307 916 2340 dictatorem
941 2308 1143 2353 appellavit
1169 2308 1208 2345 h.
1236 2321 1265 2342 e.
1291 2319 1387 2347 cuni,
1416 2309 1490 2353 qui,
1518 2320 1630 2354 quum

144 2365 243 2393 esset
268 2357 446 2403 privatus,
475 2363 599 2402 tamen
621 2355 693 2389 sibi
720 2355 775 2389 vel
802 2356 998 2388 dictatoris
1024 2356 1229 2401 potentiam
1257 2356 1296 2389 in
1322 2369 1363 2389 rc
1391 2357 1543 2401 publica
1570 2368 1629 2390 ai·-

144 2412 311 2451 rogaret.
362 2397 580 2438 scnts'rz.
648 2403 709 2437 Sic
737 2403 801 2438 Cd.
830 2405 1046 2441 l‘Vouwerii.
1082 2406 1192 2438 Rom.
1228 2403 1315 2441 sch.
1344 2405 1519 2447 pris-atus.
1571 2405 1631 2439 Al·

146 2456 222 2490 lein
254 2455 307 2488 als
347 2453 516 2499 Optimat
547 2452 631 2485 liess
666 2463 707 2485 er
740 2452 822 2485 sicli
856 2463 893 2485 es
928 2454 1036 2486 nicht
1068 2453 1268 2495 einfallen,
1313 2452 1372 2486 die
1399 2454 1531 2487 Macht
1564 2454 1628 2487 des

146 2502 346 2548 Pompeius
377 2514 422 2534 zu
455 2502 714 2545 vergriissern5
754 2500 850 2534 auch
890 2501 936 2534 ist
972 2513 1059 2535 vom
1084 2503 1280 2534 Ernennen
1306 2501 1408 2534 eines
1434 2501 1630 2536 Dictators

147 2552 280 2597 (licere,
305 2550 417 2583 nicht
443 2549 656 2593 appellare,
689 2548 754 2581 der
783 2549 820 2581 in
848 2549 914 2582 der
935 2549 1215 2594 Staatssprache
1241 2550 1395 2583 iibliclie
1419 2550 1628 2584 Ausdrnck.

146 2599 366 2644 Uberhaupt
399 2597 468 2630 wie
505 2597 643 2630 konnte
677 2597 736 2629 ein
767 2597 867 2630 noch
894 2598 984 2632 dazu
1011 2599 1136 2641 iungor
1166 2598 1401 2631 Privatmann
1427 2600 1493 2632 auf
1511 2598 1627 2632 solch’

145 2648 256 2680 einen
291 2646 495 2681 Gedanken
530 2644 740 2691 geratlncn'?
768 2665 810 2670 —
846 2646 1002 2689 Propius
1034 2646 1128 2680 nihil
1162 2651 1217 2680 est
1240 2646 1390 2689 factum
1427 2653 1499 2681 cet.
1533 2647 1557 2681 ι’.
1593 2656 1624 2680 e.

143 2697 227 2730 Non
253 2696 414 2729 multum
441 2694 550 2735 afuit,
577 2693 668 2738 quin
697 2693 944 2730 occideretur.

241 2745 298 2781 16.
335 2754 467 2778 causae
500 2742 656 2777 alicuius
690 2753 766 2775 uon
799 2742 942 2786 deesse,
976 2743 1178 2778 lemanden
1206 2743 1426 2786 beistehen‚
1453 2741 1517 2776 ihn
1544 2753 1626 2776 ver-
