1742 3006
0 2888 10 3006 *ᾐ-
0 2669 9 2880 mx<
0 2651 5 2667 ᾗ

607 36 923 80 EPISTOLA
957 36 1047 78 V11
1052 68 1060 77 .
1537 33 1590 79 15

101 153 281 208 quidem
311 151 429 193 illud
458 162 584 190 snum
622 149 860 190 arbitrium
890 154 934 190 et
955 162 1021 201 ea,
1052 161 1166 204 quae
1197 148 1287 189 iam
1311 152 1419 199 tum,
1450 161 1588 201 quum

101 211 287 261 aderas,
325 206 554 250 offendere
584 207 680 247 eius
710 205 902 246 animum
942 205 1278 260 intelligebam3
1328 209 1477 245 tamen
1509 203 1588 245 ha-

102 268 176 307 bet,
205 264 420 320 quiddam
450 261 671 316 profecto,
701 261 822 316 quod
853 263 995 316 magis
1027 262 1071 301 in
1102 262 1251 303 animo
1282 260 1378 301 eius
1411 260 1589 300 insede-

104 323 188 374 rit,
235 320 354 375 quod
396 332 540 373 neque
581 318 801 373 epistolae
841 322 945 358 tuae
983 331 1125 372 neque
1166 321 1321 358 nostra
1370 316 1591 370 allegatio

103 382 194 419 tam
233 379 381 432 potest
420 374 558 415 facile
598 375 774 426 delere,
824 387 955 428 quam
998 378 1044 414 tu
1085 386 1295 428 praesens
1336 386 1424 414 non
1455 372 1592 413 modo

102 433 331 483 oratione,
379 431 459 472 sed
498 435 574 471 tuo
614 431 743 474 vultu
782 429 862 470 illo
907 428 1127 471 familiari
1171 430 1331 481 tolles,
1376 430 1415 470 si
1456 428 1592 469 modo

103 488 218 531 tanti
248 488 421 543 putaris
451 486 515 538 id,
545 486 680 541 quod,
710 487 749 526 si
779 499 849 527 me
880 486 1035 527 audies
1056 485 1157 526 etsi
1187 484 1458 526 humanitati
1489 489 1594 525 tuae

101 549 306 586 constare
335 544 487 595 voles,
519 548 641 583 certe
672 542 861 596 putabis.
906 543 987 594 Ac,
1025 555 1080 583 ne
1121 541 1237 581 illud
1276 542 1456 593 mirere,
1498 554 1593 591 cur,

100 614 233 655 quum
273 613 356 654 ego
395 603 527 640 antea
556 597 863 653 significarem
892 598 976 638 tibi
1007 612 1087 651 per
1119 598 1276 638 literas
1307 611 1376 637 me
1407 610 1592 651 sperare

101 656 308 697 illumin
336 660 491 696 nostra
519 653 742 708 potestate
783 653 904 706 sore,
952 668 1068 695 nunc
1106 653 1227 694 idem
1266 653 1426 694 videar
1466 653 1593 693 diffi-

101 713 234 761 de1·e;
264 711 533 751 incredibile
563 715 656 762 est,
687 714 854 765 quanto
883 709 999 750 mihi
1037 709 1247 751 videatur
1275 709 1403 750 illius
1432 710 1592 750 volun-

101 772 170 809 tas
201 767 468 808 obstinatior
497 770 542 807 et
571 767 616 807 in
648 766 736 807 hac
765 766 1002 807 iracundia
1031 765 1334 807 obfirmatior:
1364 765 1444 806 sed
1477 763 1593 806 haec

103 828 180 865 aut
219 824 516 875 sanabuntur,
561 836 695 876 quum
723 823 928 870 veneris3
968 826 1046 863 aut.
1076 823 1118 862 ei
1147 822 1339 862 molesta
1368 825 1513 873 erunt,
1544 822 1592 861 in

104 884 205 920 utro
235 880 366 933 culpa
395 879 497 920 erit.
557 879 691 928 Quod
720 878 766 918 in
797 878 991 932 epistola
1020 883 1096 920 tua
1123 878 1341 931 scriptum
1370 881 1483 924 erat,
1523 891 1593 918 me

104 936 193 975 iam
222 935 435 976 arbitrari
465 935 747 989 designatum
777 947 900 983 esse;
948 934 1092 987 scito,
1132 933 1251 974 nihil
1292 937 1383 974 tam
1414 934 1593 974 exerci-

106 994 197 1031 tum
238 1004 334 1031 esse
375 1004 491 1030 nunc
519 990 690 1031 Romae
734 1003 865 1044 quam
896 991 1162 1031 candidatos
1193 990 1396 1031 omnibus
1426 989 1593 1043 iniqui-

106 1047 272 1088 tatibus
310 1060 417 1100 nec,
456 1047 633 1101 quando
676 1045 829 1087 futura
867 1046 958 1087 sint
1003 1046 1203 1100 comitia,
1233 1045 1359 1087 sciri.
1419 1045 1593 1086 Verum

105 1206 335 1240 bezeichnet.
385 1204 421 1240 S.
460 1205 610 1241 Ramsh.
655 1204 688 1249 ς.
730 1207 811 1246 191,
846 1207 878 1240 1.
904 1224 950 1230 -
975 1205 1105 1248 iactat,
1144 1210 1287 1251 crepat,
1327 1215 1370 1240 er
1404 1204 1515 1240 ffihrt
1540 1205 1595 1240 im

104 1255 269 1296 Munde,
296 1252 403 1287 nicht
429 1253 482 1287 im
509 1256 669 1287 Herzen.
699 1273 742 1278 ·-
768 1264 874 1287 suum
898 1254 1107 1296 arbitrium,
1142 1253 1223 1288 sein
1249 1252 1487 1295 Gutachten,
1523 1254 1597 1287 sei-

105 1314 177 1335 nen
203 1301 420 1347 Ausspruch
446 1302 500 1335 als
526 1300 830 1335 Schiedsrichter
855 1302 1036 1344 (arbiter),
1064 1303 1149 1336 dem
1175 1302 1398 1347 Pomponius
1425 1302 1464 1335 in
1490 1301 1597 1336 einer

105 1350 286 1397 gewissen
313 1349 539 1383 Streitsache
566 1350 629 1382 des
657 1350 837 1384 Lucceius
862 1356 1051 1396 entgegen
1078 1360 1250 1397 gewesen
1277 1361 1368 1385 war.
1394 1352 1471 1384 Fiir
1496 1350 1596 1383 diese

106 1397 452 1430 handschriftliche
470 1398 599 1430 Lesart
629 1397 692 1430 des
710 1398 832 1432 Orelli
859 1397 1005 1443 spricht
1041 1409 1098 1443 ep.
1131 1398 1177 1432 ad
1202 1398 1316 1432 Attio.
1349 1398 1377 1431 Ι.
1396 1404 1481 1444 post
1513 1399 1596 1432 init.

107 1446 203 1479 illud
231 1456 332 1478 suum
375 1456 525 1487 regnum
558 1444 733 1478 iudiciale
763 1457 833 1480 von
862 1446 930 1479 der
953 1445 1328 1492 Vielvermiigenheit
1352 1446 1455 1480 eines
1472 1446 1597 1481 Advo—

108 1500 235 1535 caten,
280 1493 352 1526 wie
379 1504 539 1540 regnum
565 1493 795 1527 iudiciorum
824 1494 977 1527 Verrin.
1012 1495 1049 1534 1,
1086 1495 1142 1529 12.
1162 1495 1323 1535 forense
1349 1495 1396 1528 ad
1422 1495 1506 1529 Div.
1533 1496 1597 1536 lx,

108 1543 162 1577 18.
213 1542 313 1574 Aber
337 1544 452 1582 tuum,
496 1553 571 1574 was
604 1540 684 1574 sich
712 1543 781 1574 auf
804 1541 876 1576 den
902 1542 1190 1587 VViderspruoh
1217 1542 1280 1576 des
1295 1542 1447 1577 Attikus
1472 1544 1598 1578 bezie-

104 1590 178 1623 hen
203 1589 353 1630 Wiirde‚
400 1589 555 1623 wollten
592 1589 719 1632 Herv.,
749 1589 918 1632 com-ad„
953 1590 1152 1631 Graevius,
1184 1590 1348 1632 Ernest„
1373 1590 1526 1626 Schiitz.
1552 1611 1596 1616 ——

107 1648 210 1682 quum
234 1638 381 1672 aderas.
418 1649 443 1670 s.
471 1636 623 1671 Ramsh.
667 1638 701 1681 §-
741 1639 820 1673 194.
857 1640 888 1672 l.
925 1637 974 1672 N.
1002 1639 1145 1683 Zumpt
1169 1640 1196 1682 §.
1223 1640 1303 1675 677.
1331 1658 1376 1664 -
1402 1639 1598 1682 allegatio,

109 1686 170 1719 die
195 1684 467 1732 Abschickung
500 1685 601 1719 eines
627 1686 818 1720 Freundes
855 1697 902 1718 an
928 1687 1132 1720 Iemanden
1165 1686 1287 1720 durch
1319 1687 1428 1721 einen
1457 1688 1601 1722 Privat-

107 1745 217 1768 mann
244 1733 382 1775 (Cicer.
411 1735 518 1767 verr.
553 1735 596 1775 Ι,
637 1736 681 1769 16
714 1734 791 1767 und
824 1734 910 1776 51),
939 1734 1168 1778 Anfflhrung
1201 1734 1310 1769 einer
1334 1736 1503 1771 Ursache
1529 1747 1600 1770 zur

108 1781 445 1828 Entschuldigung
475 1783 516 1823 (s.
545 1782 717 1817 Pandect.
757 1783 831 1823 IV,
864 1783 904 1823 4,
950 1785 993 1818 17
1027 1795 1061 1817 u.
1089 1795 1114 1816 s.
1144 1784 1204 1825 f.)‚
1231 1783 1280 1817 ist
1305 1783 1474 1832 richtige
1500 1785 1600 1818 Ver-

108 1829 298 1877 muthung
335 1841 406 1862 von
433 1830 665 1875 Malaspina‚
702 1831 787 1864 dem
814 1830 995 1873 hammo,
1033 1831 1234 1871 Graevius,
1261 1832 1434 1874 Ernesti,
1460 1832 1600 1866 Schiitz

107 1890 143 1911 u.
171 1878 293 1911 Orelli
318 1878 486 1925 folgten‚
514 1878 602 1911 weil
630 1879 782 1921 legatio,
812 1878 872 1912 die
898 1880 1028 1913 Lesart
1054 1880 1117 1912 des
1146 1880 1233 1913 cod.
1252 1879 1393 1913 Medic.
1421 1880 1487 1914 der
1502 1880 1597 1914 Edd.

109 1926 259 1960 Ascens.
277 1928 375 1961 Crat.
403 1925 499 1959 Vict.
527 1938 565 1962 u.
594 1928 675 1961 Bos.
702 1927 811 1960 einen
837 1926 1002 1974 Austrag
1027 1938 1103 1961 von
1129 1928 1255 1961 Seiten
1281 1928 1345 1961 des
1370 1927 1502 1970 staats,
1538 1929 1601 1962 ein

110 1986 246 2008 munus
270 1974 485 2019 publicum,
512 1974 746 2009 bezeichnet.
764 1975 1022 2017 —j‘a721iliav-i,
1059 1974 1393 2024 herzgewinnend.
1442 1977 1602 2021 putaris,

113 2020 405 2057 Ciceronischer
430 2022 480 2055 als
503 2023 650 2065 putabis
675 2023 737 2057 des
762 2024 907 2058 Manut.
931 2024 1076 2057 Victor.
1092 2026 1173 2058 Bos.
1191 2024 1267 2058 und
1292 2025 1360 2058 der
1381 2025 1602 2072 folgenden.

111 2089 154 2095 -—
182 2073 362 2109 constare,
391 2076 523 2117 getreu
549 2071 707 2105 bleiben.
734 2091 779 2096 -
796 2072 874 2112 Ac,
898 2073 989 2108 eod.
1011 2073 1113 2106 Med.
1135 2073 1257 2106 Oxon.
1292 2073 1322 2115 1,
1349 2075 1381 2108 2.
1408 2075 1490 2106 edd.
1516 2075 1599 2107 Asc.

110 2119 212 2154 Crat.
238 2118 302 2151 At.
329 2119 435 2151 lenes
459 2118 547 2151 aber
573 2119 748 2154 bedeutet
773 2119 860 2153 hier
885 2121 1028 2162 dazu,
1066 2120 1352 2154 obendrein.
1386 2120 1420 2154 S.
1447 2120 1600 2156 Ramsh.

110 2167 143 2210 §.
171 2167 248 2200 179.
275 2167 316 2200 Β.
342 2167 376 2200 3.
402 2167 488 2200 Von
516 2167 637 2201 einen]
666 2168 912 2215 Gegensatze‚
939 2169 1044 2202 einer
1069 2169 1334 2217 Einwendung
1360 2169 1453 2203 oder
1477 2170 1603 2203 War-

109 2225 212 2258 nung
239 2214 286 2248 ist
312 2213 397 2247 hier
423 2214 483 2247 die
508 2215 609 2249 Rede
636 2215 754 2250 nicht.
781 2235 826 2242 —·
850 2217 1099 2259 significarim
1119 2223 1207 2251 statt
1227 2216 1602 2259 signzficaremMat-

111 2262 227 2296 thiae.
267 2281 311 2286 —
353 2262 390 2295 in
423 2273 458 2298 n.
488 2267 562 2306 pot.
591 2264 686 2306 fore
712 2263 747 2298 S.
776 2266 883 2311 epist.
913 2265 973 2307 VI,
1001 2267 1022 2300 2
1048 2277 1107 2298 am
1133 2265 1253 2299 Ende.
1296 2285 1339 2290 —
1379 2276 1470 2298 nunc
1495 2265 1603 2303 idem,

111 2322 186 2344 was
218 2310 330 2344 einen
357 2310 599 2355 Gegenstand
633 2312 731 2345 nach
772 2313 970 2347 ‹lex-selben
998 2312 1298 2347 Persiinlichkeit
1338 2313 1501 2347 benennt
1528 2313 1604 2346 und

112 2357 211 2391 nach
246 2359 368 2392 einen]
396 2358 696 2394 Zwischensatze
728 2360 789 2394 ein
824 2361 1146 2406 vorausgehendes
1172 2362 1320 2395 Nomen
1345 2360 1603 2395 nachdrucks-

112 2407 189 2440 voll
214 2406 441 2441 wiederholt
467 2408 510 2447 (s.
538 2408 688 2442 Ranish.
722 2410 749 2453 §.
778 2411 856 2445 158.
883 2411 914 2445 2.
941 2422 977 2457 g.
1028 2411 1169 2455 Zumpt
1196 2412 1225 2454 §.
1253 2411 1337 2451 697)
1376 2409 1506 2453 gleich
1534 2421 1601 2442 un-

113 2464 235 2488 serem
276 2455 510 2494 dennoch,
552 2457 810 2502 zugleich‚
849 2457 898 2491 ist
935 2457 1104 2506 richtige
1139 2458 1288 2498 Lesart;
1335 2456 1435 2491 doch
1476 2457 1602 2491 bieten

113 2502 204 2536 cod.
230 2503 367 2536 Medic.
395 2503 515 2536 Oxon.
552 2504 583 2543 1,
610 2506 643 2539 2.
671 2505 754 2537 edd.
781 2506 861 2542 Asc.
889 2518 923 2539 u.
951 2507 1051 2541 Crat.
1079 2506 1203 2547 eidem,
1231 2506 1303 2538 wie
1336 2516 1392 2550 ep.
1422 2505 1477 2539 14.
1506 2505 1539 2548 §.
1570 2508 1599 2539 l.

112 2550 224 2631 eGeTtietlzi
251 2550 318 2584 der
343 2551 432 2586 eod.
460 2551 561 2586 Med.
588 2553 652 2586 fiir
677 2553 772 2586 idem
802 2558 963 2598 praecor.
1004 2572 1048 2578 -
1088 2555 1125 2587 in
1158 2553 1226 2587 hac
1251 2555 1343 2586 irae.
1372 2553 1429 2586 bei
1456 2553 1598 2587 diesem

151 2608 191 2631 ro
227 2608 259 2631 e.

209 2647 241 2680 2.
270 2646 398 2683 arbitr.
424 2648 554 2682 Lamb.
582 2652 616 2681 te
640 2649 714 2682 iam
741 2660 795 2682 me
820 2651 901 2685 arb.
929 2651 982 2683 als
1010 2650 1140 2684 Glosse
1157 2669 1200 2674 —
1219 2649 1362 2691 design.
1389 2661 1466 2682 esse
1491 2662 1598 2695 prae-

113 2699 246 2726 torem.
272 2713 315 2717 —
343 2695 481 2738 iniquit.
510 2707 625 2730 erere.
653 2698 691 2729 in
717 2699 817 2731 allen
853 2700 964 2732 b'dsen
991 2700 1156 2731 Kiinsten
1185 2699 1408 2746 ausgelernt,
1450 2699 1596 2732 WIEL.

113 2741 203 2775 aber
228 2753 352 2776 exerc,
379 2743 428 2778 ist
455 2755 501 2772 Ξ
530 2751 720 2784 vexatum,
742 2765 785 2770 —
804 2748 942 2788 sutura
969 2747 1051 2779 sint.
1078 2748 1224 2780 Ascens.
1250 2750 1353 2787 sunt„
1381 2745 1454 2781 wie
1480 2747 1595 2780 nach-
