1742 3006
169 119 229 163 20
450 118 509 158 M.
542 117 595 158 Τ,
630 114 972 158 CICERONIS
1003 114 1379 158 EPISTOLAE.

539 226 856 268 EPISTOLA
888 227 950 269 X.
1011 229 1125 278 (ΑΜ.
1160 227 1194 269 1.
1226 228 1285 276 1.)

338 304 417 336 Sor.
448 303 586 335 Romae
612 301 653 333 A.
683 302 727 338 U.
757 301 799 338 C.
827 302 911 336 689.
941 311 1065 334 menso
1093 301 1266 347 Quintili.
1293 301 1340 343 (a.
1370 302 1409 334 C.
1440 300 1512 342 65.)

171 373 413 407 consulatum
440 369 573 401 Cicero
607 379 722 411 quum
759 377 855 400 anno
883 373 1063 411 sequente
1090 367 1277 412 petiturus
1312 373 1417 410 esset,
1460 366 1653 412 petitionis

173 421 357 453 rationem
391 415 547 461 exponit
580 422 616 449 et
650 416 915 460 competitores
951 415 1132 450 nominat.
1170 418 1203 451 1.
1241 415 1383 449 Deinde
1420 414 1465 448 de
1503 415 1559 453 iis,
1586 416 1650 458 qui

172 469 245 501 boc
281 477 377 499 anno
409 465 596 510 petebant,
632 464 763 496 refert.
803 464 835 497 2.
869 463 965 496 Tum
992 469 1113 509 rogat,
1141 468 1182 496 ut
1209 462 1277 495 sibi
1303 463 1473 507 ignoscat
1496 463 1652 502 Atticus,

171 515 270 559 quod
295 515 373 548 eius
399 512 581 546 avunculo
608 511 771 544 Caecilio
799 511 970 544 adversus
997 510 1160 544 Satrium
1186 510 1311 543 adesse
1345 510 1523 544 noluerit.
1549 512 1585 546 3.
1615 511 1648 543 4.

350 561 511 604 denique
538 569 608 603 pro
637 558 892 592 Hermathena
918 558 988 592 sibi
1014 559 1126 592 missa
1151 558 1292 604 gratias
1318 558 1411 605 agit.
1438 559 1473 593 5.

683 645 869 679 CICERO
903 644 1088 678 ATTICO
1113 643 1151 678 S.

282 710 528 752 petitionis
580 714 784 758 nostrae,
835 719 967 761 quam
1009 707 1093 747 tibi
1134 720 1330 748 summae
1382 720 1515 747 curae
1555 720 1650 747 esse

173 769 293 817 scio,
325 764 581 806 huiusmodi
613 766 729 805 ratio
761 767 850 814 est,
881 761 999 816 quod
1029 761 1179 802 adhuc
1209 762 1467 803 coniectura
1498 764 1648 816 provi-

172 824 268 864 deri
301 822 454 877 possit.
527 819 719 860 Prensat
748 831 855 858 unus
878 817 931 859 P.
948 818 1104 858 Galba.
1162 818 1269 859 Sine
1299 817 1404 858 suco
1433 830 1487 858 ac
1516 816 1649 858 falla-

171 880 280 931 ciis,
308 890 432 918 more
462 876 703 925 maiorum,
745 878 945 927 negatur.
1004 874 1067 914 Ut
1106 874 1257 927 opinio
1297 878 1368 914 est
1404 872 1648 924 hominum,

168 948 256 976 non
297 933 445 974 aliena
483 932 650 972 rationi
688 936 866 970 nostrae
905 928 990 970 fuit
1027 929 1152 970 illius
1192 929 1305 970 haec
1349 941 1649 983 praepropera

166 989 406 1045 prensatio.
464 987 579 1028 Nam
608 987 681 1026 illi
712 987 775 1026 ita
806 989 970 1039 negant
997 985 1149 1039 vulgo,
1178 990 1228 1025 ut
1256 984 1371 1025 mihi
1409 998 1456 1025 se
1487 984 1649 1025 debere

167 1046 333 1086 dicant.
394 1044 465 1084 Ita
494 1041 707 1097 quiddam
736 1053 866 1095 spero
896 1040 1022 1080 nobis
1051 1039 1236 1094 profici,
1267 1054 1399 1094 quum
1430 1039 1519 1080 hoc
1547 1054 1648 1094 per-

167 1100 428 1150 crebrescit,
459 1099 677 1152 plurimos
707 1100 884 1137 nostros
914 1096 1082 1136 amicos
1109 1097 1318 1137 inveniri.
1375 1095 1469 1136 Nos
1500 1101 1647 1136 autem

166 1157 343 1197 initium
383 1153 623 1208 prensandi
662 1151 814 1193 faeere
852 1152 1151 1205 cogitaramus
1200 1165 1252 1192 eo
1292 1153 1389 1205 ipso
1429 1156 1645 1205 tempore,

166 1226 253 1267 quo
282 1217 403 1252 tuum
434 1222 616 1264 puerum
647 1221 746 1248 cum
776 1207 849 1248 his
879 1207 1026 1247 literis
1056 1206 1286 1260 proficisci
1310 1207 1492 1247 Cincius
1523 1207 1644 1247 dice-

165 1270 263 1318 bat,
315 1266 362 1307 in
400 1278 583 1319 campo,
633 1263 831 1304 comitiis
869 1263 1150 1315 tribuniciis,
1193 1276 1231 1303 a.
1255 1263 1297 1303 d.
1329 1275 1420 1304 xvi.
1450 1262 1644 1303 Kalend.

164 1323 291 1363 Sext.
353 1320 709 1374 Competitores‚
747 1319 825 1373 qui
855 1319 970 1358 certi
1000 1331 1096 1359 esse
1126 1318 1388 1370 videantur,
1425 1319 1570 1359 Galba
1599 1323 1645 1358 et

263 1482 292 1512 1.
323 1478 429 1511 Petit.
458 1480 604 1510 nostrae
629 1476 728 1508 ratio
754 1473 901 1508 huiusm.
929 1479 989 1513 est,
1018 1475 1114 1515 „mit
1139 1486 1296 1508 unserer
1320 1476 1554 1522 Bewerbung
1579 1488 1642 1509 um

163 1527 225 1559 (las
247 1527 424 1560 Consulat
440 1526 504 1558 hat
530 1535 566 1556 es
593 1523 770 1567 folgende
796 1523 1093 1555 Bewandtniss.“
1118 1542 1163 1546 —
1189 1523 1282 1566 qnod
1305 1537 1354 1554 z
1379 1529 1573 1566 quantum,
1603 1535 1641 1557 so

162 1575 246 1607 viel.
299 1575 339 1605 ln
367 1574 507 1605 diesem
542 1570 655 1603 lahre
680 1569 776 1603 hielt
804 1570 936 1604 Cicero
963 1569 1063 1602 noch
1090 1569 1197 1602 nicht
1234 1570 1442 1616 eigentlich
1462 1582 1528 1609 an,
1557 1583 1638 1604 son-

162 1623 251 1655 dern
276 1621 473 1664 prensabat
500 1620 598 1652 cives
626 1629 746 1660 manu,
797 1618 908 1658 solos,
960 1627 1002 1650 er
1026 1628 1097 1663 zog·
1122 1617 1181 1650 die
1209 1618 1352 1661 Biirger
1377 1618 1439 1651 bei
1464 1617 1575 1660 Seite,
1602 1619 1639 1651 in

161 1671 232 1703 den
271 1669 433 1702 comitiis
467 1666 636 1707 tributis,
669 1677 732 1697 um
760 1665 837 1697 sich
865 1664 982 1697 ihnen
1009 1665 1156 1697 einzeln
1183 1665 1257 1697 und
1286 1666 1384 1699 allen
1403 1678 1446 1699 zu
1464 1665 1639 1711 empseh-

159 1719 232 1755 len,
254 1716 336 1749 ihre
364 1715 631 1761 Gesinnungen
659 1712 963 1750 auszufomchen,
991 1711 1070 1745 sich
1096 1711 1279 1746 Stimmen
1316 1725 1364 1746 zu
1390 1714 1639 1748 verschaffen.

158 1770 204 1799 bo
232 1766 382 1797 Terent.
412 1762 559 1795 Phoriu.
593 1762 668 1803 IV,
696 1763 730 1800 3,
767 1762 835 1794 15:
862 1760 1005 1805 prendo
1032 1759 1227 1793 hominem
1256 1761 1398 1803 solum3
1434 1762 1548 1795 Andr.
1577 1764 1638 1803 IL,

157 1816 191 1851 2,
223 1815 285 1847 16.·
312 1818 397 1845 tuus
421 1816 529 1855 pater
554 1809 664 1842 modo
692 1818 750 1840 me
776 1808 997 1852 prehendit;
1049 1808 1115 1847 ait,
1141 1819 1177 1841 se
1203 1815 1272 1842 cet.
1301 1809 1399 1844 Plin.
1431 1810 1550 1855 Epist.
1587 1811 1638 1850 11,

156 1863 195 1894 9:
224 1870 360 1905 prenso
387 1858 538 1899 amicos,
565 1855 747 1902 supplico,
775 1856 899 1889 ambio
926 1855 1067 1889 domos.
1095 1857 1185 1902 Vgl.
1212 1857 1291 1890 Liv.
1323 1860 1353 1894 l.
1389 1858 1445 1892 47.
1473 1859 1542 1899 ΙΙΙ,
1578 1860 1634 1897 1⁴2,

156 1909 212 1943 35
242 1928 284 1932 -
316 1908 351 1940 Ρ,
369 1907 499 1943 Galba,
529 1915 659 1937 wovon
674 1905 806 1936 Cicero
818 1915 886 1948 pro
904 1904 1073 1938 Muraen.
1103 1905 1169 1937 ο.8
1197 1912 1300 1951 sagt:
1323 1905 1633 1939 modestissimum

156 1963 266 1999 atquo
294 1955 478 2000 optimum
507 1953 630 1986 virum
660 1963 695 1984 se
727 1952 854 1992 gratia
889 1951 1043 1990 vicisse3
1072 1951 1218 1984 welche
1244 1952 1471 1986 Beliebtheit
1498 1954 1634 1986 iedoch

155 2005 230 2036 sein
257 2003 401 2036 Bruder
427 2001 586 2046 Quintus
613 2000 656 2032 de
683 2000 789 2043 petit.
826 1999 968 2032 consul,
1002 1999 1214 2045 ableugnet.
1251 2019 1293 2024 —
1325 2005 1487 2042 negatur,
1525 2002 1633 2035 Cives

152 2052 273 2097 igitur
299 2051 451 2088 Galbae,
479 2048 577 2092 quod
605 2047 774 2094 rogabat,
802 2057 876 2079 non
895 2047 1022 2079 fucose
1047 2053 1109 2079 aut
1123 2048 1311 2081 fallaciter
1323 2050 1544 2092 promisere,
1570 2050 1632 2082 sed

151 2096 256 2132 inore
282 2099 524 2142 antiquorum
564 2095 762 2128 hominum
789 2094 1014 2139 simpliciter
1038 2101 1073 2127 et
1099 2106 1143 2126 ex
1170 2095 1284 2128 animi
1311 2098 1491 2129 sententia
1517 2108 1630 2143 nega-

152 2153 252 2179 runt.
282 2166 323 2170 —
353 2145 472 2189 opinio
500 2143 690 2181 homiuum,
719 2142 778 2174 die
804 2141 1023 2175 offentliche
1051 2143 1247 2191 Meinung.
1266 2163 1309 2168 -—
1336 2154 1403 2176 non
1420 2145 1540 2177 aliena
1557 2151 1627 2177 cet.

151 2205 189 2227 so
224 2196 268 2227 ist
295 2194 371 2228 sein
399 2192 602 2237 voi-eiliges
630 2189 945 2228 Beiseiteziehen,
994 2190 1204 2229 Ansuchen,
1259 2191 1437 2225 Werben
1467 2193 1626 2224 meinon»

150 2243 263 2275 Plane
290 2241 397 2274 nicht
426 2239 677 2285 nachtheilig.
705 2257 746 2262 —
775 2241 925 2279 negant,
954 2249 1035 2270 man
1063 2244 1143 2284 sagt
1169 2238 1251 2270 ihm
1279 2239 1389 2278 Nein,
1417 2239 1544 2272 weiset
1560 2238 1627 2271 ihn

147 2290 203 2323 ab.
233 2309 274 2314 --
303 2289 484 2332 quiddam.
500 2313 524 2320 ..
543 2285 686 2329 profici,
714 2286 843 2318 classes
864 2286 940 2318 mir
965 2298 1010 2317 zu
1037 2285 1256 2332 einigem
1288 2284 1485 2320 Vortheile
1505 2287 1626 2330 gerei-

145 2337 242 2371 chen
271 2337 403 2372 werde,
431 2335 524 2368 Edd.
553 2335 633 2367 Asc.
664 2337 693 2367 l.
721 2333 794 2365 und
823 2334 922 2367 Crat.
950 2334 1108 2376 quidem
1147 2335 1217 2367 wie
1247 2337 1345 2367 Crat.
1376 2334 1473 2367 vict.
1509 2335 1627 2368 nach-

143 2386 212 2419 her
235 2384 484 2428 percrebescit.
514 2402 554 2406 —
574 2386 744 2424 tempore,
765 2381 844 2413 edd.
870 2382 949 2413 Asc.
970 2381 1113 2413 Victor.
1130 2382 1225 2417 [die
1242 2401 1285 2406 —
1303 2391 1448 2424 puerum
1460 2382 1622 2415 lnumed.

142 2435 335 2466 Ascons.—
346 2432 481 2474 prosis.
492 2431 533 2462 ad
547 2429 745 2461 te.Cc'ncius
755 2428 829 2469 (L.)
839 2428 1192 2472 procuratorAttici.
1206 2449 1248 2454 ——
1260 2430 1625 2463 comitii-stribuniciis

141 2481 303 2518 (Andere
314 2481 370 2514 boi
385 2479 524 2512 Cori-ad
536 2477 695 2516 tributis)
707 2488 752 2508 an
765 2477 833 2509 den
845 2476 1043 2509 zurWnlil
1056 2477 1123 2508 dei·
1134 2478 1546 2511 neuenVolkstribunen
1559 2479 1627 2510 auf

137 2529 207 2559 'len
234 2532 336 2562 l7ten
357 2527 472 2560 lulius
489 2526 755 2558 nuber-nummu
775 2525 1041 2558 Comitiennuf
1055 2525 1137 2557 dem
1157 2525 1361 2559 Marsfelde
1386 2525 1441 2562 (in
1461 2528 1622 2570 campo.)

137 2577 242 2608 Dies-
270 2587 347 2608 war
382 2576 442 2607 ein
476 2572 735 2606 sebicklicher
769 2572 860 2609 Ort,
899 2572 979 2604 eine
1018 2571 1256 2606 schickliche
1290 2573 1544 2617 Geleg-enheit
1571 2573 1621 2605 ini

133 2623 342 2665 Vei-gleich
371 2623 440 2656 mit
468 2622 551 2653 «lem
579 2620 801 2663 voi-eiligen‚
830 2618 939 2651 lzeine
967 2621 1155 2653 Comirien
1182 2621 1445 2654 abwarlenden
1462 2620 1622 2654 Umber-

133 2670 349 2703 schlcichon
378 2672 438 2703 des
466 2669 581 2702 Galba
610 2668 645 2700 in
674 2667 745 2699 ‹lcn
772 2670 954 2706 Hiiusern,
981 2679 1042 2699 uni
1071 2668 1252 2700 Stimmen
1279 2681 1325 2702 zu
1352 2668 1512 2701 werhen.
1551 2668 1617 2701 Co-

132 2720 234 2750 mnia
270 2719 405 2751 tributa
442 2720 562 2751 w'a'ren
606 2727 677 2748 nur
712 2714 807 2747 nach
847 2715 915 2747 den
953 2716 1070 2748 tribus
1108 2716 1383 2763 eingerichtete
1411 2715 1617 2755 Comifien,

130 2767 249 2800 worm
279 2766 340 2798 (las
371 2765 464 2798 vall<
495 2764 587 2796 nauli
626 2764 693 2796 den
729 2762 848 2796 tribus
876 2762 1076 2803 (tributim)
1121 2765 1260 2797 votirte
1288 2769 1329 2803 (s.
1357 2764 1437 2796 Liv.
1469 2764 1518 2802 11,
1558 2765 1614 2797 56.

129 2817 183 2847 (Ἀ).
229 2815 371 2848 Cellius
400 2815 479 2851 XV,
510 2815 563 2854 27,
597 2813 685 2845 Fest.
717 2812 751 2843 in
781 2821 852 2842 voc
893 2811 1056 2852 populi&
1083 2811 1197 2844 alleiu
1227 2812 1262 2843 in
1283 2813 1406 2844 ‹lis-sen
1429 2811 1615 2845 Comiiieu
