1742 3006
140 44 202 91 98
408 45 469 88 M.
501 47 554 89 Τ.
589 42 931 88 CICERONIS
962 45 1337 91 EPISTOLAE.

148 156 260 199 nihil
291 171 318 199 a
347 170 394 199 se
424 159 628 213 cuiquam
658 157 714 200 de
744 161 788 212 te
808 171 942 200 secus
974 171 1069 200 esse
1098 159 1278 202 dictum.
1330 159 1499 203 Verum
1529 161 1639 205 haec

150 214 277 255 nobis
328 227 479 255 coram
518 226 690 255 summa
718 227 826 256 cura
865 220 910 256 et
946 215 1183 268 diligentia
1220 221 1320 257 sunt
1358 218 1552 272 agenda:
1593 223 1638 260 tu

149 269 280 312 modo
312 284 391 311 nos
433 270 578 311 revise
607 270 857 325 aliquando.
918 271 1147 314 Cossinius
1175 272 1274 326 hic,
1306 275 1378 314 cui
1408 274 1513 315 dedi
1542 275 1639 316 lite-

148 339 245 375 ras,
275 325 403 368 valde
444 325 557 366 mihi
595 327 734 369 bonus
763 326 897 370 homo
935 331 980 368 et
1018 342 1106 369 non
1144 328 1256 371 levis
1298 333 1343 371 et
1382 343 1534 371 amans
1574 332 1640 371 tui

148 383 267 423 visus
298 386 366 429 est
393 385 437 422 et
464 382 591 432 talis,
622 384 794 437 qualem
824 396 920 425 esse
949 397 1048 425 eum
1077 389 1177 426 tu'ae
1206 385 1318 427 mihi
1348 386 1505 429 literae
1534 400 1642 428 nun-

151 440 326 480 tiarant.
387 437 539 480 Idibus
569 436 707 481 Mart.
764 446 768 474 ῖ

454 642 776 686 EPISTOLA
806 642 970 686 XXV.
1031 644 1147 695 (Att.
1179 643 1216 684 Ι.
1247 644 1335 693 20.)

330 718 412 751 Ser.
442 719 583 752 nomae
608 717 651 752 A.
680 720 728 757 U.
756 718 799 757 C.
829 720 913 754 694.
943 729 1069 752 mense
1097 718 1210 753 Maio.
1239 719 1286 760 (a.
1315 721 1354 752 c.
1387 721 1460 761 σο.)

149 778 277 824 Ωυυιη
302 783 447 818 Atticus
472 782 654 831 epistolae
680 785 793 819 XXII.
822 784 1095 831 respondisset,
1136 784 1272 820 Cicero
1306 786 1474 830 primum
1509 786 1642 820 laetari

151 841 188 867 Se
215 832 358 875 scribit,
383 834 509 867 Attico
535 845 644 867 suum
681 834 726 867 de
754 835 834 879 ipso
868 834 1055 867 iudicium
1081 838 1323 879 perspectum
1349 844 1448 873 esse,
1481 846 1643 879 eumque

150 878 189 915 in
233 881 434 915 iudicanda
469 881 601 924 Quinti
636 881 770 916 fratris
803 880 1012 916 offensione
1045 881 1389 916 moderatissimum
1426 882 1558 918 fuisse.
1585 889 1587 891 ’
1610 887 1640 917 l.

152 929 297 965 Deinde
323 941 361 963 se
386 929 424 962 in
452 941 493 964 re
519 930 672 975 publica
705 929 757 963 sic
789 936 966 964 acturum
990 930 1217 975 profitetur,
1243 935 1298 972 ut,
1325 941 1442 975 quum
1469 942 1554 964 suae
1587 931 1646 965 di-

153 978 291 1027 gnitati
318 984 355 1012 et
371 978 569 1012 securitati
595 979 777 1018 consulat,
803 989 1009 1023 numquam
1029 984 1155 1011 tamen
1183 983 1329 1012 senatus
1354 985 1392 1012 et
1417 978 1643 1024 optimatum

152 1037 302 1061 causam
337 1026 552 1060 deserturus
583 1027 640 1060 sit.
676 1028 780 1062 2—3.
821 1026 918 1060 Tum
958 1027 1002 1060 de
1038 1026 1215 1071 Sicyonio
1255 1027 1408 1071 negotio
1440 1029 1480 1060 in
1515 1034 1644 1062 senatu

153 1075 232 1120 spei
258 1072 357 1108 nihil
383 1085 459 1108 esse
485 1075 632 1109 scribit.
658 1075 692 1109 4.
720 1075 917 1108 consulum
944 1075 1104 1108 alterum
1131 1075 1272 1118 laudat,
1305 1076 1468 1108 alterum
1495 1075 1644 1121 vitupe-

154 1129 227 1159 rat.
255 1123 287 1157 5.
328 1123 516 1157 Graecum
550 1123 596 1157 de
629 1124 825 1157 consulatu
859 1122 1173 1157 commentarium
1211 1134 1232 1156 a
1267 1133 1304 1156 se
1336 1134 1404 1168 per
1431 1123 1642 1157 cossinium

155 1171 308 1205 missum
341 1181 421 1204 esse
455 1172 588 1204 refert.
615 1172 648 1206 6.
681 1172 724 1212 L.
761 1170 953 1216 Pepirium
979 1172 1130 1205 Paetum
1159 1171 1230 1205 sibi
1263 1171 1400 1214 libros,
1436 1182 1528 1215 quos
1562 1171 1641 1205 Ser.

278 1218 455 1252 Claudius
478 1219 709 1263 reliquerat,
743 1219 896 1252 donasse
930 1225 1061 1253 narrat
1087 1229 1225 1263 eosque
1258 1218 1376 1253 Attici
1411 1229 1524 1252 curae

739 1268 991 1301 commendat.
1022 1269 1054 1302 7.
1135 1268 1138 1272 ¹

669 1335 855 1371 CICERO
880 1334 1063 1369 ATTICO
1091 1336 1123 1367 S.

271 1395 419 1446 Quum
460 1410 484 1438 e
513 1397 788 1452 Pompeiano
819 1411 890 1438 me
921 1396 1114 1438 Romam
1154 1397 1418 1450 recepissem
1447 1409 1484 1438 a.
1516 1396 1557 1437 d.
1587 1410 1643 1437 ιν.

156 1453 262 1493 Idus
292 1454 416 1504 Mai„
447 1453 629 1494 Cincius
659 1457 810 1494 noster
839 1466 935 1493 eam
965 1452 1074 1492 mihi
1105 1454 1182 1493 abs
1211 1457 1256 1493 te
1285 1453 1517 1508 epistolam
1546 1453 1644 1493 red-

157 1509 288 1561 didit,
318 1523 448 1565 quam
477 1514 524 1551 tu
553 1510 668 1551 Idib.
699 1510 828 1551 Febr.
868 1508 1067 1550 dederas.
1125 1509 1183 1549 Ei
1209 1523 1324 1549 nunc
1353 1509 1564 1564 epistolae
1591 1509 1644 1548 li-

156 1567 263 1607 teris
293 1564 362 1607 his
393 1566 681 1620 respondebo.
750 1566 816 1606 Ac
854 1566 1072 1620 primum,
1112 1565 1193 1605 tibi
1233 1569 1511 1620 perspectum
1551 1578 1646 1605 esse

157 1622 373 1663 iudicium
402 1622 456 1663 de
480 1625 524 1663 te
555 1635 700 1663 meum
730 1622 898 1671 laetor3
930 1620 1103 1671 deinde,
1134 1624 1177 1661 te
1199 1621 1243 1661 in
1273 1622 1330 1662 iis
1360 1622 1503 1669 rebus,
1535 1633 1644 1675 quae

159 1824 201 1830 --
229 1815 347 1844 secus,
374 1819 422 1836 z
449 1805 579 1846 aliter,
614 1806 749 1839 andex-s
774 1808 827 1840 als
853 1817 894 1840 ei·
919 1806 1049 1845 sollte,
1083 1807 1159 1840 also
1194 1803 1492 1853 nachtheiligeS,
1529 1805 1644 1839 biises.

160 1853 247 1897 Vgl.
275 1853 320 1886 ad
347 1853 433 1887 Div.
460 1854 531 1896 III,
558 1856 597 1890 6:
631 1865 733 1887 secus
768 1856 982 1888 existimare
1017 1854 1061 1887 de
1087 1854 1215 1887 animo
1243 1853 1416 1894 alicuiu53
1458 1863 1530 1898 pro
1558 1854 1645 1888 Clu-

159 1907 235 1935 ent.
263 1902 309 1935 44
336 1901 383 1934 de
410 1901 553 1946 aiiquo.
581 1903 707 1935 Valer.
735 1904 836 1937 Max.
864 1904 925 1941 IX,
954 1905 1015 1936 ll:
1044 1902 1089 1935 de
1116 1902 1243 1945 aliquo
1270 1911 1374 1934 secus
1401 1899 1549 1941 dicere;
1574 1901 1645 1934 Ta—

157 1949 221 1983 cit.
246 1950 382 1994 Anpal.
411 1950 461 1988 11,
486 1951 555 1985 50:
583 1961 686 1983 secus
712 1951 839 1994 loqu-13
868 1952 949 1984 biv.
977 1950 1085 1989 VIII,
1103 1951 1160 1984 33.
1192 1949 1367 1983 scribere.
1391 1967 1435 1972 —
1461 1949 1565 1982 nobis
1586 1960 1644 1981 co-

158 2008 241 2030 ram
279 1997 385 2040 οὐσι,
429 2009 535 2031 wenn
574 1999 646 2031 wir
678 1999 908 2032 beisammen
948 1998 1050 2040 sind,
1092 1997 1333 2042 persiinli0h3
1387 1998 1422 2031 S.
1457 2009 1502 2030 zu
1536 1998 1644 2042 epist.

159 2046 297 2088 XXIII,
327 2050 357 2081 I.
386 2046 564 2094 iibrigens
589 2046 720 2091 hiingt.
748 2047 851 2080 uobis
878 2057 950 2080 von
985 2047 1129 2088 agenda
1167 2049 1247 2078 sunt
1282 2045 1339 2080 ab.
1366 2063 1410 2069 —
1437 2045 1644 2087 diligentia,

158 2094 230 2127 mit
255 2094 554 2130 Behutsamkeit,
580 2096 615 2128 S.
649 2095 684 2138 ᾗ.
713 2096 749 2131 8.
777 2095 991 2128 cautionem
1020 2100 1055 2128 et
1082 2094 1334 2141 diligentiam.
1368 2111 1412 2117 -
1447 2093 1645 2127 Cossinius.
1706 2100 1713 2108 ⁵

159 2135 265 2175 Uber
291 2142 416 2176 diesen
442 2143 582 2176 Lucius
608 2143 808 2185 Cossinius,
843 2144 952 2176 einen
980 2134 1283 2189 Zunstger'iossen
1311 2142 1374 2175 des
1398 2140 1546 2175 Servius
1571 2141 1648 2174 und

159 2190 311 2224 Freund
338 2191 401 2224 des
429 2190 584 2232 Cicero,
620 2192 688 2225 der
715 2191 842 2225 ‹Iessen
870 2191 953 2225 'rod
987 2190 1158 2237 beklagt.
1197 2202 1222 2224 s.
1249 2189 1295 2222 ad
1323 2189 1434 2223 Attio.
1464 2191 1499 2231 1,
1527 2189 1585 2229 20,
1613 2192 1644 2223 7.

161 2239 212 2279 II,
242 2241 272 2272 1.
300 2239 406 2280 XIII,
433 2240 490 2274 ⁴16.
518 2239 564 2272 ad
588 2240 722 2274 Famil.
753 2240 857 2274 xm.
885 2241 941 2274 23.
969 2257 1013 2263 —
1040 2249 1107 2270 non
1135 2238 1223 2270 Ievis
1250 2251 1299 2268 :-
1326 2237 1464 2284 gravis.
1509 2237 1577 2270 Est
1602 2237 1646 2270 fi-

158 2297 253 2331 gura
278 2287 433 2320 Litotes.
460 2306 504 2311 —-
530 2288 755 2327 nuntiarant,
789 2287 873 2321 edd.
902 2288 984 2320 Asc.
1015 2289 1045 2321 l.
1083 2286 1231 2319 Victor.
1261 2288 1293 2319 I.
1327 2286 1443 2319 Herv.
1482 2285 1646 2318 enuntia-

159 2338 246 2367 rant
272 2341 403 2368 contra
430 2335 658 2370 Mediceum.
697 2335 835 2370 Medic.
863 2347 882 2368 a
909 2345 980 2368 sec.
1007 2345 1120 2368 manu
1147 2334 1365 2367 nuntiarunt.
1392 2332 1453 2366 Sic
1471 2339 1508 2366 et
1525 2333 1644 2367 Oxon.

163 2385 193 2417 1.
225 2382 420 2417 ORELLI.
470 2383 564 2420 Idib.
590 2383 712 2420 Mart,
740 2396 798 2417 am
828 2384 880 2418 15.
908 2384 1027 2417 M'a'rz.

260 2454 292 2485 l.
330 2462 349 2485 e
375 2451 480 2484 omis.
507 2452 608 2487 Med.
642 2453 758 2486 Oxon.
788 2455 819 2486 1.
858 2450 1113 2494 Pompeianum
1147 2461 1223 2484 war
1257 2449 1317 2482 ein
1351 2459 1427 2483 von
1459 2447 1645 2493 Pompeii,

161 2499 232 2532 der
269 2503 395 2544 spiiter
429 2511 468 2532 so
494 2500 790 2547 ungliicklichen
817 2499 922 2534 stadt
949 2498 1222 2542 campaniens,
1249 2497 1354 2530 nicht
1379 2498 1465 2529 sern
1492 2496 1645 2544 gelege-

162 2558 227 2580 nes
255 2548 428 2595 Landgut
455 2548 517 2582 des
543 2545 692 2583 Cicero.
721 2568 763 2572 ——
802 2560 835 2582 a.
865 2549 898 2582 d.
926 2547 994 2581 IV.
1022 2548 1075 2579 Id.
1104 2547 1200 2580 Mai.
1229 2557 1287 2578 am
1316 2547 1371 2579 12.
1400 2544 1489 2578 Mai.
1526 2562 1569 2568 ——
1595 2543 1642 2576 id.

165 2594 268 2628 Febr.
295 2608 355 2629 am
384 2597 438 2630 13.
466 2597 647 2630 Februar.
676 2616 718 2621 —
757 2597 811 2631 lit.
838 2595 906 2633 his,
936 2596 1065 2628 hamb.
1095 2594 1149 2627 his
1175 2594 1303 2626 literis.
1331 2612 1374 2617 -—-
1410 2591 1643 2635 respondebo.

163 2642 313 2676 Attikus
338 2643 444 2677 hatte
478 2647 547 2678 auf
569 2644 640 2678 den
672 2645 763 2678 zwei
790 2657 824 2676 u.
852 2643 1127 2689 zwanzigsten,
1161 2654 1220 2675 am
1247 2643 1278 2676 5.
1307 2640 1515 2675 December
1539 2639 1645 2672 vori-

165 2701 228 2737 ges
255 2690 363 2724 Iahrs
397 2704 468 2725 von
499 2694 630 2726 Cicero
664 2705 709 2725 an
745 2694 812 2725 ihu
846 2692 1096 2738 ahgesandten
1127 2691 1232 2723 Brief
1261 2701 1320 2722 am
1350 2690 1406 2724 13.
1435 2688 1543 2722 Febr.
1581 2697 1645 2730 ge·

163 2745 382 2773 natwortet.
423 2742 556 2775 Cicero
591 2741 688 2775 dieze
717 2742 888 2774 Antwort
923 2745 998 2772 ersi
1026 2738 1122 2771 nach
1150 2739 1237 2771 fiius
1270 2736 1474 2771 Monathen
1501 2746 1560 2768 am
1592 2735 1644 2768 12.
