1742 3006
534 64 848 108 EPISTOLA
881 63 1067 106 XXIII.
1514 59 1573 106 87

95 179 194 229 ciis,
225 179 349 220 nulla
378 178 454 219 lex
485 176 675 230 perlata,
705 176 961 229 exagitatus
991 176 1182 225 senatus,
1228 173 1415 215 alienati
1447 174 1571 225 equi-

96 239 164 275 tes
197 234 400 275 Romani.
460 231 537 273 Sic
567 232 648 272 ille
678 245 817 272 annus
848 230 937 270 duo
960 230 1239 271 firmamenta
1270 230 1333 270 rei
1364 229 1572 282 publicae

95 304 176 343 per
205 305 273 331 nie
303 303 432 330 unum
462 288 708 330 constituta
737 287 923 329 evertit:
963 299 1063 326 nam
1093 291 1139 327 et
1167 289 1344 326 senatus
1375 285 1570 325 {uictori—

96 350 234 387 iatem
266 345 428 387 abiecit
467 349 512 384 et
549 343 755 383 ordinum
795 342 1082 383 concordiam
1123 341 1358 381 disiunxit.
1430 341 1572 380 Instat

95 400 174 442 hic
204 415 316 441 nunc
345 401 425 440 ille
455 413 592 440 annus
613 400 831 453 egregius.
880 398 992 438 Eius
1018 397 1194 437 initium
1225 396 1445 437 eiusmodi
1469 394 1571 446 suit,

96 463 145 498 ut
190 456 497 497 anniversaria
555 468 683 496 sacra
736 455 983 495 luventatis
1032 466 1119 493 non
1171 453 1569 492 committerentur.

93 512 207 554 Nam
238 512 302 552 M.
334 512 518 551 Luculli
558 524 745 550 uxorem
778 510 1015 550 Memmius
1053 509 1145 549 suis
1185 509 1326 547 sacris
1357 506 1569 548 initiavit.

94 567 324 608 Menelaus
364 580 496 621 aegre
535 566 581 607 id
621 580 775 620 passus
815 566 1060 607 divortium
1102 563 1224 604 fecit.
1292 563 1571 617 Quamquam

92 624 174 664 ille
213 627 368 676 pastor
411 623 572 664 Idaeus
615 622 869 663 Meiielaum
918 621 1062 662 solum
1099 623 1454 673 contempserat:
1497 617 1573 657 hic

93 682 245 719 noster
284 679 417 720 Paris
456 682 547 719 tam
577 677 832 721 Menelaum
872 690 1005 731 quam
1045 677 1421 729 Agamemnonem
1461 674 1570 713 libe—

91 748 190 775 rum
228 748 315 775 non
355 735 543 788 putavit.
601 734 687 774 Est
726 740 873 775 autem
903 732 953 773 C.
985 732 1237 772 Herennius
1267 731 1448 785 quidam
1490 728 1570 768 tri-

91 791 231 831 bunus
249 791 409 844 plebis,
441 804 570 845 quem
591 794 638 830 tu
658 789 848 831 fortasse
871 803 924 829 ue
947 788 1067 829 nosti
1089 787 1285 841 quidem,
1317 809 1365 815 —
1392 784 1572 827 tametsi

92 850 218 900 potes
248 859 403 894 nosse3
435 846 612 886 tribulis
636 846 753 886 enim
784 850 884 886 tuus
915 849 996 896 est,
1026 848 1071 885 et
1094 844 1275 892 Sextus,
1304 845 1433 895 pater
1461 841 1573 890 eius,

90 915 291 942 nummos
321 902 448 943 vobis
478 902 684 942 dividere
713 902 913 950 solebat3
942 923 993 930 --
1026 900 1064 940 is
1094 899 1152 940 ad
1181 899 1354 952 plebem
1387 896 1440 936 P.
1464 896 1573 936 Clo-

91 1018 150 1051 bei
177 1017 543 1066 Magistratswahlen
580 1017 658 1051 und
691 1018 731 1050 in
767 1017 839 1051 den
865 1015 1088 1050 Gerichten.
1139 1015 1322 1048 Ersteren
1357 1012 1576 1059 Vorschlag

92 1066 195 1100 hatte
221 1066 286 1099 der
312 1065 457 1098 Tribun
484 1067 608 1099 Lurco
633 1066 707 1099 an’s
735 1065 833 1099 Volk
860 1064 1056 1112 gebracht,
1082 1076 1108 1097 s.
1136 1075 1193 1108 ep.
1219 1063 1318 1103 XXI,
1346 1063 1411 1104 133
1439 1061 1573 1093 letzie-

93 1126 158 1148 rer
182 1114 307 1148 b‹=tr.=·f
329 1114 390 1148 die
418 1112 681 1162 Entweihung
707 1113 771 1147 des
800 1114 926 1147 Festos
952 1112 1018 1146 der
1042 1113 1143 1145 Bona
1163 1113 1240 1146 Dea
1266 1109 1392 1143 durch
1418 1108 1572 1142 Clodius

91 1163 166 1195 und
191 1163 252 1195 die
269 1161 565 1208 Untersuchung
590 1162 711 1196 wider
737 1161 797 1194 die
812 1161 987 1201 Richter,
1015 1160 1076 1192 die
1102 1159 1185 1193 sich
1212 1158 1344 1192 hatten
1370 1155 1572 1190 bostechen

92 1211 221 1244 Iussen.
249 1210 286 1244 S.
313 1222 370 1255 ep.
397 1211 515 1253 XXII,
544 1211 598 1245 18.
627 1230 669 1236 —
702 1210 850 1253 perlata
875 1209 920 1242 ad
946 1208 1141 1253 populum.
1193 1207 1311 1239 Keine
1337 1205 1413 1239 Bill
1439 1203 1573 1238 wurde.

89 1258 164 1292 an‘s
174 1257 274 1291 Volk
298 1258 495 1306 gebracht,
515 1258 678 1292 sondern
690 1258 744 1292 sie
756 1270 805 1292 w.
821 1255 1252 1298 cassirt.—-e.ragitatus‚
1271 1251 1574 1302 gemisshandelt

92 1318 162 1340 von
189 1306 262 1339 den
282 1306 579 1339 Volkstribunen
592 1305 713 1338 durch
729 1304 1146 1350 aufruhr-predioeende
1167 1303 1305 1338 Reden,
1337 1322 1374 1327 --
1405 1300 1571 1334 alienati.

94 1354 249 1397 Equites
288 1353 458 1400 graviter
489 1354 612 1386 tulere
646 1365 691 1386 ex
725 1352 879 1386 Senatus
913 1332 1086 1385 consul’to
1121 1350 1405 1397 promulgatum
1440 1348 1569 1387 fuisse,

91 1408 133 1435 ut
159 1401 205 1434 de
232 1401 297 1441 iis,
338 1401 402 1444 qui
435 1401 480 1434 ob
515 1401 754 1434 iudicandum
793 1399 993 1444 pecuniam
1026 1399 1278 1443 accepissent,
1311 1402 1569 1441 quaereretur.

91 1449 172 1482 Vid.
209 1461 265 1494 ep.
287 1449 402 1490 XXII,
433 1450 485 1482 18.
522 1467 568 1473 —-
599 1449 664 1482 ille
697 1459 808 1482 annus
842 1448 997 1481 Messala
1033 1454 1069 1481 et
1105 1447 1237 1480 Pisone
1273 1444 1496 1479 consulibus.
1528 1461 1568 1467 -—

89 1498 274 1538 ordinum,
312 1496 561 1541 deruSt‘ziude,
595 1497 774 1530 senatorii
801 1503 836 1530 et
865 1495 1060 1539 equestris.
1103 1516 1143 1520 ——
1194 1493 1251 1527 hic
1286 1504 1376 1526 nunc
1412 1492 1478 1525 ille
1516 1496 1571 1524 est

90 1546 322 1579 Graecorum
355 1544 460 1583 οὗτος
494 1545 626 1583 ἐκεῖνος
652 1544 847 1577 ORELLI.
908 1544 982 1576 Ein
1018 1554 1130 1575 neues
1166 1542 1255 1574 Iahr
1290 1541 1447 1588 begiimt
1481 1551 1567 1572 nun-

89 1594 224 1628 Cicero
251 1591 400 1626 schvieb
426 1592 553 1625 diesen
579 1591 689 1626 Brief
710 1604 769 1624 am
799 1593 853 1626 19.
874 1592 950 1624 Iun.
978 1590 1076 1624 nach
1106 1590 1258 1624 Andern
1285 1601 1343 1622 ain
1372 1592 1402 1622 1.
1424 1588 1568 1621 Febru-

90 1653 141 1675 δι’.
171 1660 210 1665 -
244 1644 281 1674 ut
307 1642 425 1673 anniv.
461 1650 569 1673 sacra
600 1641 677 1673 Iuv.
705 1650 774 1672 mm
799 1639 981 1679 committ.,
1017 1639 1098 1671 dass
1124 1638 1186 1671 das
1218 1636 1425 1684 alli'a'hrige
1452 1636 1570 1680 Opfer

88 1689 155 1722 der
181 1688 338 1722 G'duinn
364 1688 432 1722 der
457 1688 612 1735 lug-ond,
649 1687 717 1720 der
742 1687 858 1729 Hebe,
900 1687 1007 1720 nicht
1031 1686 1175 1719 konnte
1200 1685 1410 1732 hog-angen,
1436 1684 1568 1731 dei-*ge-

90 1737 224 1771 bracht
248 1736 418 1770 werden.
469 1735 594 1770 Dahin
619 1735 808 1783 gehorten
833 1734 929 1768 auch
955 1735 1016 1768 die
1051 1734 1130 1767 ludi
1157 1733 1372 1767 luventatis.
1408 1731 1444 1766 S.
1475 1733 1568 1765 Bru‘

89 1791 148 1819 tus
175 1796 206 1818 c.
236 1786 278 1819 18
304 1797 338 1818 u.
366 1785 532 1818 Gronov.
566 1796 613 1817 zu
638 1784 723 1816 Liv.
750 1784 913 1824 XXXVI,
943 1784 999 1818 36.
1051 1782 1120 1816 Ed.
1154 1783 1236 1815 Asc.
1268 1784 1298 1815 1.
1341 1780 1424 1827 gibt
1460 1779 1567 1812 nicht

89 1833 174 1867 iibel
199 1833 394 1866 Iuventati.
447 1832 596 1865 Andere
621 1831 822 1878 unrichtig·
847 1831 1061 1864 Iuventutis.
1101 1849 1145 1854 —-
1188 1831 1244 1863 M.
1272 1828 1430 1864 Luculli.
1459 1827 1494 1862 S.
1522 1840 1567 1860 zu

87 1893 147 1927 ep.
174 1881 217 1922 X,
242 1881 275 1914 5.
328 1881 384 1913 Im
410 1881 441 1914 l.
469 1882 536 1915 681
561 1891 644 1913 war
669 1891 712 1913 er
737 1874 876 1913 Consul
903 1879 973 1912 mit
1000 1879 1146 1912 Cassius
1163 1879 1292 1910 Varus.
1320 1896 1363 1902 —
1391 1876 1431 1910 C.
1448 1876 1569 1909 fisem-

88 1930 192 1968 mius,
227 1928 339 1961 Lucii
372 1928 489 1969 filius,
515 1940 547 1961 a.
573 1939 608 1960 u.
636 1929 706 1962 688
732 1927 984 1960 Volkstribun
1010 1939 1044 1960 u.
1071 1927 1142 1961 695
1179 1927 1312 1959 Pr'zitor
1346 1931 1459 1958 unter
1485 1924 1569 1956 dem

89 1977 289 2011 Consulatu
323 1976 387 2009 des
414 1976 528 2010 Clisar
559 1987 595 2007 u.
629 1975 795 2010 Bibulus.
824 1995 866 2000 —-
907 1975 985 2008 suis
1008 1974 1143 2015 sacris,
1169 1975 1192 2007 i.
1220 1985 1251 2007 e.
1280 1972 1468 2020 pygiacis‚
1496 1973 1567 2004 Ve—

90 2024 190 2059 neris
224 2024 388 2057 initiavit
416 2023 441 2058 i.
470 2036 502 2057 e.
541 2023 736 2056 nocturnis
770 2035 856 2056 cum
892 2034 933 2056 ea
966 2022 1222 2066 voluptatibus
1260 2021 1443 2059 indulsit,
1486 2032 1568 2053 eain

88 2072 289 2117 stupravit.
340 2071 494 2105 Ascens.
521 2082 594 2104 see.
622 2077 660 2105 et
686 2073 786 2106 Crat.
820 2071 975 2104 vitiavit.
1027 2071 1172 2104 Glossa.
1199 2089 1245 2094 -—
1269 2072 1398 2113 pastor
1422 2068 1568 2108 Idaeus,

91 2121 207 2154 Paris.
246 2120 294 2153 cf.
320 2120 446 2153 Horat.
487 2130 600 2152 carm.
630 2121 661 2159 l,
692 2120 744 2152 15.
771 2120 842 2161 ΙΙΙ,
868 2121 901 2160 3,
931 2120 987 2154 25.
1023 2118 1136 2151 iudex
1172 2118 1303 2151 Idaeus
1338 2116 1440 2150 Ovid.
1468 2116 1566 2149 Fast.

90 2170 154 2210 v1,
180 2168 238 2202 44.
265 2167 414 2212 hospeS‚
442 2166 597 2201 Hero'id.
625 2167 722 2207 XVI,
747 2168 829 2201 301.
858 2167 948 2200 Stat.
976 2165 1073 2201 Silv.
1104 2170 1137 2205 l,
1161 2168 1217 2201 20.
1245 2164 1418 2210 Apollod.
1449 2166 1506 2206 12,
1533 2165 1566 2200 5.

91 2215 232 2263 Hygin.
260 2215 347 2248 Fab.
375 2217 432 2250 91.
465 2214 601 2262 Virgil.
628 2214 719 2247 Aen.
747 2215 830 2256 VII,
858 2216 940 2250 363.
978 2234 1024 2239 —-
1063 2218 1341 2258 contempserat,
1366 2213 1506 2246 Victor.
1534 2214 1566 2245 1.

89 2266 123 2300 2.
151 2263 415 2306 contempserit.
441 2283 484 2288 ——
514 2262 582 2295 Hic
605 2267 695 2296 nost.
724 2263 846 2300 Paris,
873 2263 1072 2297 Memmius
1096 2263 1258 2296 adulter.
1290 2280 1331 2286 -
1366 2261 1567 2302 Agamem-

89 2322 216 2346 nonem
241 2311 395 2345 liberum
427 2321 496 2343 non
519 2311 662 2354 pulavit
686 2310 712 2344 i.
739 2322 770 2345 e.
798 2310 912 2344 Marci
939 2310 1094 2344 Luculli
1127 2312 1287 2344 fratrem
1313 2309 1472 2343 Lucium
1506 2307 1565 2340 ni-

90 2359 166 2392 hili
191 2360 293 2397 fecit,
321 2359 432 2392 liberi
458 2357 624 2392 hominis
658 2358 740 2393 loco
775 2370 848 2392 non
873 2358 1030 2403 habuit3
1066 2364 1107 2392 ut
1135 2358 1232 2391 illud
1262 2357 1302 2391 in
1337 2362 1429 2392 orat.
1456 2356 1563 2389 Verr.

89 2407 163 2450 111,
189 2417 238 2440 c.:
266 2407 419 2440 liberum
445 2417 521 2439 esse
544 2417 717 2450 nusquam
742 2407 895 2441 duxerit.
923 2407 1082 2440 Lucium
1109 2406 1210 2440 enim
1239 2418 1257 2440 e
1282 2405 1386 2439 bello
1414 2403 1566 2437 Mithri-

90 2455 214 2488 datico
246 2455 465 2489 redeuntem
501 2454 695 2488 Memmius
729 2455 904 2489 tribunus
940 2455 1041 2500 pleb.
1079 2454 1138 2488 die
1164 2455 1209 2487 ad
1249 2453 1430 2498 populum
1468 2451 1566 2485 dicta

92 2501 331 2585 giumphare
370 2502 606 2546 aliquamdiu
645 2503 853 2548 prohibuit.
910 2503 991 2536 Vid.
1022 2502 1211 2538 Plutarch.
1252 2502 1290 2534 in
1330 2499 1491 2533 Lucullo
1530 2506 1567 2533 et

124 2556 240 2584 atone.

188 2610 222 2644 4.
252 2609 291 2643 C.
318 2610 520 2645 Herennius
545 2610 650 2646 Sexti
676 2611 793 2655 filius,
818 2611 988 2647 tribunus
1015 2612 1136 2658 plebis
1164 2610 1316 2645 Men-110
1345 2615 1381 2642 et
1410 2609 1567 2643 Afranio

91 2658 319 2693 consulibus.
358 2678 400 2684 -
439 2664 554 2704 potes,
581 2660 708 2694 Asens.
737 2664 768 2696 l.
807 2661 905 2694 Crat.
939 2662 1086 2703 poteris.
1119 2679 1164 2684 -
1208 2663 1283 2702 put.
1319 2658 1363 2690 ei.
1390 2668 1422 2690 η.
1454 2658 1565 2692 (lirul.

92 2707 203 2740 solcb.
230 2705 318 2739 liess
343 2706 425 2740 sich
451 2707 527 2741 also
552 2720 599 2741 zu
625 2707 710 2741 dem
738 2707 1027 2743 vei-{ichtlichen
1055 2707 1259 2742 Geseh'a'ste
1287 2707 1388 2738 eines
1419 2707 1567 2738 Dirima-

91 2753 352 2802 gebrauchen,
387 2754 454 2789 der
479 2756 534 2789 im
558 2756 705 2791 Namen
731 2756 797 2791 der
823 2756 1054 2791 Candidaten
1081 2768 1142 2790 um
1170 2756 1230 2790 die
1258 2754 1404 2789 hohern
1432 2754 1567 2788 Simus<

1614 739 1641 777 ll
