1742 3006
145 61 235 110 454
417 65 479 107 Μ.
512 66 567 107 Τ.
601 62 940 106 CICERONIS
981 61 1361 107 EPISTOLAE.

333 193 650 239 EPISTOLA
682 185 898 237 CXL‘VI.
958 193 1039 247 (ad
1069 193 1125 243 Q.
1155 193 1230 234 Fr.
1261 191 1348 233 111.
1382 192 1441 241 1.)

150 272 227 307 Ser.
254 272 396 318 partim
421 271 462 303 in
487 269 684 316 Arpinati,
724 270 871 360 pggtim(
890 269 1187 360 ch¹¹a5e43¹ense
1214 266 1427 313 Septembri
1461 267 1503 300 A.
1528 268 1574 304 U.
1601 269 1642 305 C.

797 344 805 351 .
875 329 905 351 a.
966 343 974 351 .
1052 341 1060 349 .

153 386 296 422 Scribit
321 397 359 420 se
386 385 518 432 Quinti
543 385 648 419 villas
675 386 810 420 obiisse
842 385 975 430 ibique
1006 385 1045 418 in
1072 383 1340 418 aedificatione
1367 382 1548 428 quaedam
1581 391 1645 419 aut

155 434 362 469 correxisse
387 441 453 468 aut
479 434 731 469 constituisse.
769 435 857 469 1-5.
901 433 1040 466 deinde
1074 432 1119 466 de
1148 433 1311 466 urbanae
1337 432 1472 464 domus
1499 433 1645 477 expoli-

153 485 269 517 tione.
299 484 330 518 6.
359 489 396 517 et
421 482 552 529 Quinti
578 483 672 519 filio.
701 485 734 517 7.
779 485 875 516 Tum
901 481 1103 527 respondet
1127 480 1381 526 compluribus
1405 480 1538 525 Quinti
1563 481 1645 526 epi-

153 531 277 573 stolis,·
302 531 447 577 primae
466 531 642 576 longiori.
669 532 768 567 8-10.
797 530 930 564 deinde
957 530 1197 563 minusculae.
1227 532 1282 564 11.
1309 535 1391 561 tum
1416 530 1565 564 tertiae.
1584 531 1641 565 12.

153 580 311 626 denique
337 585 501 626 quartae.
533 581 587 614 13.
623 585 660 612 et
687 579 870 625 perveteri
896 578 961 612 sed
988 590 1071 612 sero
1097 578 1240 611 allatae.
1269 577 1402 612 14-16.
1447 584 1642 622 postremo

153 628 387 667 novissimae,
415 638 528 672 quam
554 628 600 665 ei,
630 639 743 672 quum
771 628 871 661 hanc
898 627 1094 673 epistolam
1120 626 1196 659 iam
1223 625 1491 669 complicaret,
1520 626 1643 659 tabel-

153 676 239 709 larii
280 676 536 711 reddiderant.
582 677 717 711 17-22.
769 675 973 720 Subiungit
1016 674 1223 720 quaedam,
1275 673 1347 706 alia
1396 674 1481 707 aliis
1515 674 1644 708 diebus

735 725 890 769 scripta.
925 724 1060 759 23-25.

621 802 824 840 MARCUS
851 803 892 847 Q.
919 803 1101 837 FRATRI
1129 801 1164 836 s.

264 876 366 930 Ego
405 888 463 917 ex
503 874 677 928 magnis
718 872 943 914 caloribus
982 892 1036 899 —
1073 882 1162 910 non
1202 869 1322 909 enim
1360 865 1642 913 meminimus

156 931 350 973 maiores
381 952 431 959 -
472 931 520 970 in
549 929 762 984 Arpinati
801 939 973 969 summa
1012 939 1112 966 cum
1142 925 1410 968 amoenitate
1440 925 1644 969 fluminis

155 1001 226 1027 me
256 986 398 1028 refeci
429 987 637 1027 ludorum
666 985 839 1037 diebus,
868 982 1124 1024 Philotimo
1144 981 1385 1023 tribulibus
1417 995 1640 1024 commen·
1710 1007 1712 1010 v

157 1043 289 1084 datis.
350 1043 405 1083 In
447 1045 626 1082 Arcano
666 1054 705 1081 a.
747 1040 791 1080 d.
833 1053 889 1081 Ν.
931 1038 1039 1079 Idus
1082 1037 1204 1091 Sept.
1237 1036 1318 1079 sui.
1378 1037 1452 1079 Ibi
1481 1039 1644 1081 Messi-

157 1098 282 1139 dium
312 1112 413 1139 cum
441 1097 731 1148 Philoxeno,
762 1107 1033 1150 aquamque,
1076 1106 1209 1147 quam
1239 1094 1274 1133 ii
1305 1093 1528 1136 ducebant
1556 1109 1644 1137 non

157 1154 290 1209 longe
321 1168 348 1195 a
375 1152 504 1203 villa,
536 1153 656 1193 belle
687 1164 792 1192 sane
822 1150 1033 1191 fluentem
1063 1149 1175 1201 vidi,
1206 1151 1472 1203 praesertim
1500 1153 1645 1192 maxi-
1692 1184 1694 1186 .

154 1222 229 1250 ma
268 1210 498 1250 siccitate:
557 1208 899 1261 uberioremque
950 1206 1181 1259 aliquanto
1231 1219 1328 1246 sese
1368 1207 1643 1248 collecturos

158 1278 256 1305 esse
296 1265 524 1305 dicebant.
594 1263 728 1318 Apud
770 1263 940 1303 Herum
980 1266 1103 1301 recte
1133 1264 1243 1302 erat.
1302 1261 1356 1302 In
1387 1261 1644 1304 Maniliano

158 1320 329 1362 offendi
372 1319 612 1376 Diphilum
654 1317 850 1374 Diphilo
896 1317 1158 1358 tardiorem.
1228 1316 1318 1358 Sed
1348 1321 1497 1360 tamen
1525 1318 1644 1359 nihil

254 1473 283 1506 Ι.
322 1474 353 1506 1.
381 1471 545 1511 fluminis
569 1470 742 1508 Fibreni,
781 1480 851 1514 quo
878 1469 973 1502 nibil
998 1469 1212 1511 amoenius,
1245 1468 1340 1502 nihil
1366 1468 1541 1514 frigidius
1566 1479 1645 1501 esse

156 1519 209 1553 ait
234 1521 277 1554 de
301 1520 423 1563 Legg.
451 1519 501 1558 11,
530 1522 564 1553 1.
589 1517 792 1552 MANUT.
844 1518 923 1552 Cfr.
949 1517 1061 1550 Silius
1087 1517 1172 1550 Ital.
1199 1517 1308 1559 VIII,
1336 1517 1418 1551 400.
1447 1536 1491 1541 -
1525 1517 1643 1550 ludor.

155 1568 297 1608 diebus,
342 1568 514 1602 wahrend
549 1567 615 1600 der
648 1564 878 1599 Riimischen
913 1564 1061 1611 Spiele‚
1114 1565 1175 1598 die
1209 1577 1293 1599 vom
1319 1565 1352 1599 4.
1390 1565 1447 1598 bis
1473 1576 1558 1598 zum
1586 1566 1642 1599 13.

155 1615 378 1661 September
403 1616 469 1649 auf
493 1615 577 1648 dem
604 1614 878 1647 Palatinischen
904 1615 1024 1659 Berge
1048 1624 1117 1647 vor
1143 1614 1228 1646 dem
1247 1613 1406 1658 Tempel
1425 1613 1491 1646 der
1517 1623 1644 1657 gros-

154 1676 235 1697 sen
263 1665 614 1698 Gottermutter
647 1662 721 1695 und
758 1663 858 1696 nach
886 1663 989 1695 einer
1017 1661 1335 1706 Unterbrechung
1363 1672 1437 1694 von
1464 1663 1487 1696 2
1514 1663 1641 1706 Tagen

155 1724 244 1745 vom
278 1713 332 1747 16.
367 1713 424 1746 bis
462 1714 517 1748 20.
550 1712 603 1745 im
641 1712 771 1744 Circus
802 1711 992 1745 Maximus
1028 1722 1099 1743 von
1132 1710 1202 1743 den
1228 1709 1381 1743 Aedilen
1414 1710 1479 1742 auf
1503 1711 1642 1743 Kosten

154 1760 220 1794 des
247 1760 487 1793 offentlichen
516 1759 696 1792 Schatzes
722 1760 919 1803 angestellt
946 1759 1109 1795 wurden.
1136 1777 1184 1783 -
1222 1756 1444 1793 Philotimus
1477 1770 1554 1791 war
1578 1759 1641 1791 Ei-

154 1819 222 1842 ner
247 1808 371 1842 seiner
399 1807 671 1841 Griechischen
698 1808 1016 1852 Freigelassenen.
1075 1808 1109 1840 S.
1144 1818 1201 1852 ep.
1227 1806 1363 1850 XX1X,
1392 1809 1426 1841 7.
1472 1806 1642 1846 CXVIII,

153 1858 176 1892 2
200 1868 236 1891 u,
264 1869 289 1890 s.
317 1856 343 1889 f.
398 1857 545 1890 Diesem
570 1856 674 1888 hatte
701 1867 742 1889 er
767 1857 1024 1901 ausgetragen‚
1051 1855 1179 1888 seinen
1197 1854 1485 1899 Arpinatischen
1514 1855 1644 1888 Zunft-

154 1915 333 1951 genossen
365 1904 591 1946 (tribulibus)
623 1904 752 1937 Pliitze
786 1905 848 1936 bei
883 1904 952 1936 den
979 1903 1126 1949 Spielen
1161 1915 1206 1936 zu
1231 1900 1480 1936 verschaffen.
1530 1904 1569 1940 S.
1597 1903 1643 1936 ad

153 1954 268 1986 Attic.
296 1954 330 1993 2,
361 1955 392 1987 l.
420 1952 568 1994 (XXVI,
595 1952 631 1994 5)
657 1963 691 1983 u.
717 1951 794 1996 'pro
822 1953 993 1985 Mur-aen.
1028 1962 1060 1983 c.
1094 1950 1140 1984 34
1175 1952 1268 1984 iiber
1305 1950 1406 1983 diese
1436 1950 1641 1996 Artigkeit.

153 2001 224 2035 Die
255 2000 454 2046 Arpinater
487 2010 608 2033 waren
643 2000 709 2032 der
738 1999 1007 2033 Cornelischen
1033 1999 1173 2032 Tribus
1207 1999 1429 2033 einverleibt
1461 2001 1535 2032 und
1561 2000 1642 2045 gin-

152 2060 225 2091 gen
258 2049 354 2082 nach
387 2050 507 2090 Rom,
544 2059 605 2081 um
640 2047 713 2080 den
747 2047 895 2093 Spielen
931 2047 1216 2080 beizuwohnen.
1267 2065 1312 2072 -—
1362 2058 1396 2081 α.
1423 2047 1455 2081 d.
1481 2048 1552 2082 IV.
1581 2048 1641 2081 Id.

154 2097 266 2142 Sept„
294 2109 353 2131 am
381 2099 436 2132 10.
465 2096 696 2142 September.
734 2115 771 2120 —
827 2098 977 2129 Arcano
1005 2095 1132 2141 Quinti
1160 2095 1328 2141 praedio.
1385 2095 1419 2132 S.
1456 2096 1642 2143 ep.,cL11

156 2157 191 2178 u.
220 2147 330 2178 CLX.
361 2164 404 2170 ——
456 2144 609 2178 Ilsessz'd.
636 2155 708 2177 cum
734 2143 953 2185 Philoxeno,
980 2143 1074 2176 zwei
1101 2144 1162 2177 des
1189 2143 1449 2178 Wasserbaues
1474 2144 1643 2189 kundige

153 2194 341 2236 Miinner,
388 2194 459 2227 mit
485 2192 654 2225 welchen
681 2193 840 2237 Quintus
867 2194 937 2226 den
963 2192 1113 2224 Accord
1139 2193 1325 2237 getrosfen
1361 2192 1485 2235 hatte,
1532 2193 1643 2225 einen

155 2241 271 2275 Canal
304 2243 445 2275 unweit
479 2241 598 2274 seines
630 2241 848 2274 Landsitzes
881 2240 1093 2284 anzulegen.
1161 2241 1220 2273 Sie
1259 2250 1384 2287 yyaren
1429 2240 1508 2273 also
1543 2241 1642 2273 scine

154 2290 410 2334 redemptores
436 2300 554 2334 aquae
580 2288 832 2322 deducendae.
861 2310 902 2315 —
924 2289 1095 2327 fluentem
1118 2289 1206 2325 vidi.
1255 2289 1360 2323 Uber
1394 2287 1495 2322 diese
1520 2289 1641 2322 Parti-

156 2338 257 2384 cipia
283 2338 471 2370 Pra'sentis
499 2337 558 2370 bei
588 2337 719 2371 Verbis
747 2337 946 2379 audiendi,
981 2336 1136 2369 videndi
1171 2349 1199 2371 s.
1230 2336 1386 2371 Ranisb.
1414 2339 1442 2381 §.
1472 2339 1552 2379 171,
1592 2337 1642 2378 11,

156 2389 196 2419 A.
227 2389 258 2420 1.
282 2402 327 2411 ——
352 2385 470 2420 siccit.
521 2385 580 2417 bei
608 2385 673 2418 der
699 2388 833 2420 Diirre.
854 2404 898 2410 —
925 2384 1036 2427 Apud
1052 2384 1186 2419 Herum
1206 2385 1370 2418 villicum
1399 2385 1642 2426 (Verwalter)

154 2435 191 2467 in
217 2434 378 2476 Arcano,
405 2440 444 2466 ut
470 2432 731 2478 Nicephorum
758 2434 793 2466 in
819 2433 973 2467 Laterio
1001 2433 1101 2465 infra
1128 2435 1158 2478 ξ.
1186 2435 1222 2468 5.
1250 2432 1451 2467 ,⁷11ANUT.
1481 2451 1525 2457 —
1550 2433 1640 2466 Ma-

155 2482 309 2516 niliano.
361 2482 423 2515 Sic
464 2481 554 2514 Cdd.
592 2482 684 2514 noti.
719 2483 820 2516 Crat.
857 2482 962 2514 Vict.
1004 2483 1036 2514 1.
1073 2481 1108 2514 2.
1152 2482 1346 2515 Alanliano
1387 2481 1517 2517 Lamb,
1551 2481 1640 2514 Ern.

155 2529 240 2566 Sch.
271 2531 366 2563 Li’m.
396 2530 435 2562 in
461 2530 622 2562 Antiano
651 2530 737 2562 Gul.
766 2542 858 2574 susp.
888 2528 1083 2563 ORELLI.
1136 2530 1184 2561 Es
1218 2541 1294 2561 war
1320 2529 1413 2561 diess
1441 2529 1497 2561 ein
1526 2529 1641 2561 ande-

156 2589 213 2610 res
239 2579 347 2611 nicht
375 2579 464 2610 weit
491 2589 561 2610 von
599 2579 787 2611 Arcanum
815 2578 1012 2621 gelegencs
1045 2576 1122 2609 und
1157 2578 1227 2610 wol
1262 2577 1380 2610 damit
1415 2576 1641 2621 vereinigtes

157 2626 236 2658 Gut
269 2626 315 2663 (s.
345 2638 404 2670 ep.
434 2627 567 2665 CLII.)
594 2627 657 2659 des
685 2627 863 2670 Quintus,
910 2624 975 2657 der
1010 2624 1174 2658 dasclbst
1208 2625 1330 2657 eiuem
1369 2625 1644 2657 Uuternelimer

156 2672 329 2719 Diphilus
358 2674 632 2706 verschiedene
658 2676 816 2716 Baium),
843 2673 1165 2717 Verbesserungen
1195 2673 1267 2706 und
1283 2671 1643 2716 Versch'onerungen

159 2733 201 2754 zu
235 2722 563 2766 bewerkstelligcn
601 2721 814 2766 vcrdungen
852 2721 970 2755 hatte.
1023 2721 1141 2764 vergi.
1174 2732 1231 2766 cp.
1270 2721 1405 2761 CLIX,
1435 2724 1463 2755 7.
1493 2739 1534 2745 -
1573 2720 1642 2754 Di-
