1742 3006
522 122 523 125 Ἴ
559 61 879 109 EPISTOLA
917 60 1068 106 Lxx,
1463 62 1555 111 269

70 195 180 240 opus
218 184 310 232 est,
348 179 379 232 †
407 190 539 234 quam
567 175 791 231 abrogari.
879 173 994 216 Nam
1034 175 1161 230 prior
1197 174 1275 216 lex
1315 186 1397 217 nos
1436 175 1554 218 nihil

70 239 294 283 laedebat.
352 236 498 286 Quam
526 232 582 284 si,
611 236 669 273 ut*
689 235 759 272 est
786 231 1092 285 promulgata,
1122 230 1308 273 laudare
1335 229 1554 274 voluisse-

71 309 168 338 mus
198 297 288 346 aut,
317 295 366 334 ut
393 293 490 332 erat
518 286 812 343 negligenda,
859 286 1115 340 negligere3
1173 300 1336 329 nocere
1373 288 1555 337 omnino

22 349 26 371 '¹
72 352 201 394 nobis
231 363 319 391 non
347 346 578 402 potuisset.
653 344 746 384 Hic
773 341 889 383 mihi
917 342 1111 396 primum
1140 356 1286 384 meum
1316 344 1556 386 consilium

22 410 23 414 ’
73 407 235 459 defuit,
263 403 344 446 sed
373 402 508 443 etiam
536 396 697 441 obfuit.
765 398 930 450 Caeci,
960 398 1108 449 caeci,
1138 398 1345 452 inquam,
1374 398 1557 452 suimus,

21 488 25 495 ι
73 465 120 504 in
149 461 314 504 vestitu
341 455 570 509 mutando,
598 455 646 495 in
675 454 844 508 populo
873 453 1101 508 rogando,
1131 454 1268 507 quod,
1296 455 1386 495 nisi
1415 457 1558 496 nomi-

22 544 25 558 .
74 520 215 560 natim
251 527 426 557 mecum
466 512 542 566 agi
578 514 785 565 coeptum
815 514 956 562 esset,
992 508 1097 550 fieri
1125 509 1427 563 perniciosum
1455 510 1557 562 fuite

21 605 25 615 .
73 575 163 617 Sed
191 585 329 628 pergo
361 568 616 623 praeterita.
676 565 998 607 Verumtamen
1018 565 1084 606 ob
1112 563 1233 606 hanc
1261 579 1465 621 causam,
1494 572 1558 619 ut,

20 638 24 672 ,“
73 632 112 671 si
141 628 251 684 quid
281 630 453 681 age-tur,
483 624 625 677 legem
654 622 800 676 illam,
829 623 875 664 in
905 635 994 677 qua
1021 621 1259 676 popularia
1279 623 1421 664 multa
1439 627 1557 676 sunt,

19 744 23 804 ²}
71 768 154 794 sen.
181 774 223 780 —-
250 755 394 799 †qucmz
428 755 623 797 abrogari.
685 753 745 788 Sic
779 751 885 797 cdd.»
907 751 998 785 noti.
1031 749 1127 786 Edd.
1155 756 1312 797 praeter
1337 750 1491 785 Sch'utz.
1518 755 1557 783 et

20 806 21 831 ³
73 804 214 839 Bentiv.
241 805 357 837 Acute
382 811 507 837 tamen
533 809 723 837 senserunt
748 800 966 834 Tunstallus
1000 800 1257 846 (proponenst
1305 804 1377 841 est,
1403 800 1558 843 inquam,

19 880 21 890 ,
73 853 271 895 abrogari)
300 859 337 884 et
363 851 518 893 Sch‘utz,
545 863 657 897 quem
679 855 826 883 secutus
860 857 914 884 est
940 849 1081 882 Bentiv.
1118 848 1247 882 edens:
1286 852 1339 881 est
1364 847 1559 892 abrogari.

18 932 22 947 ἐ
75 902 145 934 del.
172 911 287 944 quam,
314 900 502 944 vulgatam
527 907 624 932 stare
650 911 720 931 non
747 909 867 942 posse.
918 895 990 930 Sed
1025 897 1184 930 fortasse
1213 896 1351 929 Cicero
1386 895 1556 940 scripsit:

75 954 143 990 est,
171 959 274 992 quam
300 949 483 990 abrogari
507 948 557 982 id.
587 946 781 982 ORELLI.
839 945 1028 978 Tunstalls
1060 945 1137 978 und
1163 944 1368 978 Schiitzens
1392 944 1557 976 Verbes-

74 1008 206 1042 serung
233 1008 307 1029 war
331 997 479 1043 nfithig,
504 996 592 1029 weil
617 996 735 1029 dieser
759 994 844 1027 Satz
869 993 948 1027 sich
976 992 1131 1026 alsdann
1157 993 1286 1026 besser
1310 1003 1356 1025 au
1383 990 1447 1025 das
1471 991 1559 1024 Fol-

18 1059 21 1088 ξ
72 1045 195 1090 gende
219 1044 459 1080 anschliesst.
512 1045 589 1077 Das
622 1044 759 1077 Gesetz
794 1043 857 1076 des
885 1041 1039 1075 Clodius
1066 1051 1186 1086 gegen
1210 1041 1364 1083 Cicero,
1412 1040 1493 1074 dass
1519 1050 1558 1072 er

18 1093 20 1114 *¹
72 1093 185 1127 sollte
222 1094 402 1126 verbannt
434 1093 609 1135 werden,
659 1103 740 1126 war
778 1091 862 1124 eine
895 1091 954 1125 lex
979 1090 1085 1135 privo
1112 1089 1258 1123 homini
1283 1089 1452 1133 irrogata
1482 1087 1559 1121 und

18 1154 22 1166 ³
72 1141 231 1186 folglich
256 1152 376 1186 gcgen
403 1140 463 1173 die
488 1142 601 1175 zw'olf
625 1139 890 1179 Gesetztafe1n‚
919 1139 1018 1172 diese
1030 1137 1309 1182 Grundgesetze
1326 1137 1389 1171 des
1409 1137 1559 1176 Staats;

18 1177 22 1203 s
73 1190 151 1224 also
177 1189 254 1222 null
280 1190 353 1222 nnd
378 1189 541 1233 nichtig.
592 1190 701 1222 Deun
729 1188 791 1221 das
816 1187 917 1221 Volk
944 1187 1084 1220 konnte
1110 1186 1231 1220 einem
1257 1184 1413 1220 solchen
1440 1185 1555 1219 Privi-

72 1238 174 1284 legio
199 1237 312 1272 keine
336 1237 565 1286 gesetzliche
589 1238 702 1270 Kraft
726 1236 927 1272 ertheilen.
954 1255 999 1260 —
1021 1235 1131 1279 prior
1156 1235 1226 1278 Iex,
1250 1235 1288 1267 in
1316 1245 1388 1279 qua
1414 1232 1557 1267 univer-

18 1323 21 1334 1
74 1298 111 1320 se
140 1286 289 1320 Clodius
315 1287 453 1319 tulerat
479 1285 524 1318 de
551 1286 609 1325 iis,
637 1285 699 1330 qui
726 1285 850 1317 civem
875 1283 1022 1317 indicta
1049 1295 1162 1316 causa
1176 1282 1414 1316 occidissent.
1440 1281 1558 1316 ERN.

18 1337 19 1340 ’
76 1354 120 1360 --
157 1338 196 1367 ut
230 1338 302 1373 est,
338 1335 432 1370 Ern.
458 1337 497 1366 uc
522 1337 600 1366 erat
625 1334 880 1379 promulgata.
914 1350 960 1357 —-
994 1332 1152 1365 laudare
1175 1331 1432 1371 voluissemus,
1470 1329 1559 1375 quia

73 1382 173 1415 nihil
199 1381 246 1413 ad
271 1393 337 1415 nos
362 1381 586 1426 pertinebat.
613 1380 830 1415 SCHUTZ.
865 1397 908 1411 -,-
959 1380 1178 1422 negligere,
1207 1379 1314 1412 nicht
1339 1379 1477 1411 achten
1515 1396 1560 1403 -—

18 1429 21 1465 ἔ
75 1429 280 1464 consilium.
339 1429 402 1463 Sic
435 1429 514 1463 Md.
551 1431 669 1463 Oxon.
707 1430 741 1464 2.
768 1429 868 1462 lens.
895 1428 1003 1465 Vict,
1032 1430 1061 1461 1.
1090 1429 1126 1470 2,
1150 1427 1282 1462 Bosius
1309 1427 1435 1467 (cuius
1461 1425 1560 1463 edd.

19 1475 21 1479 '
74 1479 128 1512 sie
154 1478 329 1511 videntur
353 1477 555 1519 habuisse).
598 1477 730 1511 Graev.
760 1478 905 1510 Ernest.
942 1476 1057 1520 idque
1090 1476 1195 1509 enixe
1228 1476 1395 1521 probant
1420 1475 1558 1508 Victor.

75 1528 162 1559 Ern.
201 1525 372 1559 Goerenz
407 1526 456 1559 ad
478 1526 596 1558 Acad.
633 1526 674 1566 2,
700 1527 744 1567 2,
772 1527 807 1560 7.
835 1524 916 1565 (ubi
942 1531 1067 1557 tamen
1103 1525 1176 1559 cfr.
1204 1525 1302 1566 nos.)
1334 1523 1560 1557 Ramshorn.

77 1575 232 1608 Gramm.
266 1586 304 1619 p.
339 1574 422 1608 535.
463 1574 640 1606 Garatou.
676 1574 725 1606 ad
753 1571 912 1617 Philipp.
943 1574 999 1611 13,
1028 1573 1060 1607 8.
1087 1585 1123 1617 p.
1153 1574 1235 1608 491.
1269 1572 1343 1605 Hic
1367 1571 1459 1605 milei
1479 1572 1559 1615 pri·-

74 1634 165 1656 mum
191 1632 260 1654 non
287 1622 393 1655 modo
419 1621 613 1655 consilium
644 1622 770 1661 AOxon.
809 1623 841 1654 1.
878 1622 945 1663 (ut
978 1620 1148 1663 videtur)
1181 1622 1294 1654 Rom.
1337 1620 1421 1654 Asc.
1457 1621 1561 1655 Crat.

17 1696 20 1709 .
74 1672 174 1705 Man.
201 1671 332 1705 Lamb.
358 1670 511 1703 Sch'utz.
537 1669 678 1703 Bentiv.
730 1670 775 1702 In
810 1680 884 1714 qua
920 1674 1045 1702 tamen
1078 1669 1251 1702 lectione
1275 1669 1453 1702 omissum
1480 1679 1561 1701 esse

16 1721 20 1754 '9
75 1729 188 1752 meum
212 1719 272 1751 vix
296 1718 457 1764 probare
484 1725 701 1764 possumus;
747 1717 841 1751 adeo
868 1723 909 1750 ut
934 1728 976 1749 ex
1003 1718 1300 1762 interpolatione
1325 1724 1406 1750 orta
1431 1716 1560 1750 videa-

74 1774 147 1800 tur.
198 1767 336 1801 Contra
362 1766 538 1812 equidem
564 1777 636 1810 ego
663 1773 820 1811 propter
846 1765 1023 1799 ductuum
1057 1765 1342 1799 similitudinem
1377 1764 1561 1798 excidisse

75 1816 239 1848 arbitror
271 1827 301 1848 v.
335 1825 406 1848 non
439 1815 556 1848 solum
582 1821 666 1859 post
696 1814 905 1856 consilium,
948 1820 988 1847 ut
1015 1814 1147 1847 fuerit:
1196 1814 1267 1847 Hic
1292 1812 1383 1847 mihi
1403 1813 1560 1857 primum

76 1874 187 1897 meum
219 1863 410 1896 consilium
442 1873 513 1897 non
543 1864 659 1896 solum
684 1863 822 1905 deszcit5
850 1873 933 1895 nam
959 1862 1044 1896 aliis
1071 1874 1217 1908 quoque
1241 1862 1335 1896 locis
1360 1863 1474 1895 etium
1499 1862 1559 1894 in-

75 1918 134 1945 ter
161 1922 235 1953 eos,
262 1923 352 1957 quos
378 1912 488 1944 affert
515 1911 751 1954 Garatonius,
777 1911 987 1944 observasse
1014 1911 1109 1944 mihi
1134 1911 1232 1944 visus
1258 1922 1360 1952 sum,
1386 1921 1457 1943 non
1482 1920 1561 1942 mo-

76 1960 122 1994 do
156 1972 222 2005 per
256 1967 362 1993 notas
395 1962 580 2005 scriptum
615 1960 795 1993 excidisse
826 1960 952 2005 potius
991 1959 1234 1993 librariorum
1266 1959 1396 2003 culpa,
1447 1969 1559 2003 qnam

77 2009 248 2041 consulto
275 2009 450 2041 omissum
478 2019 555 2041 csse
582 2008 628 2040 ab
654 2008 744 2053 ipsis
771 2008 1034 2053 scriptoribus.
1073 2009 1143 2041 cfr.
1178 2021 1212 2042 v.
1254 2018 1290 2044 c.
1316 2007 1397 2042 Lib.
1424 2007 1458 2049 4,
1486 2007 1558 2050 Ep.

17 2073 19 2078 ¹
79 2057 136 2096 16,
165 2059 267 2101 §.1st
296 2057 370 2090 OR.
388 2073 433 2082 ——-
459 2056 577 2098 defuit
602 2069 651 2087 z
679 2055 777 2089 nihil
803 2056 958 2102 profuit.
987 2077 1027 2082 —
1057 2057 1095 2090 in
1119 2056 1252 2089 vestitu
1276 2055 1443 2089 mutando
1470 2061 1558 2095 cet„

16 2102 18 2127 ἕ
77 2104 201 2147 datin,
230 2104 312 2137 dass
337 2104 408 2138 wir
436 2104 508 2136 den
535 2104 677 2137 Einsall
702 2105 850 2144 hatten,
883 2104 1175 2138 'I'rauerkleider
1200 2104 1410 2148 anzulegen
1437 2115 1470 2138 u.
1496 2103 1561 2136 das

16 2187 17 2195 ἵ
77 2153 173 2186 Volk
199 2163 261 2185 um
289 2152 418 2185 Gnade
445 2165 488 2186 zu
513 2153 649 2185 bitten.
684 2172 728 2178 —
778 2163 909 2186 mecum
934 2152 1019 2195 agi,
1057 2152 1294 2186 namentlich
1320 2153 1392 2186 mit
1418 2151 1492 2185 mir
1517 2163 1560 2185 zu

16 2208 18 2215 ’
76 2199 252 2234 rechten.
289 2219 331 2225 -
363 2210 484 2243 pergo
509 2211 565 2243 pr.
593 2200 670 2235 scil.
704 2212 1023 2242 commemorare,
1050 2199 1340 2247 reprehendere.
1370 2200 1486 2234 ERN.
1515 2220 1558 2225 —

76 2259 225 2282 causam
250 2249 338 2282 'scil.
364 2249 435 2282 ista
461 2250 665 2294 praeterita
698 2257 842 2295 repeto.
875 2243 1100 2285 SCHUTZ.
1147 2267 1188 2274 -
1240 2249 1279 2282 si-
1299 2248 1387 2293 quid
1410 2252 1560 2291 agetur,

15 2297 17 2306 '
79 2308 186 2329 weun
227 2308 272 2330 an
312 2298 454 2330 meiner
499 2298 841 2342 Zuriickberufung
882 2298 977 2330 wird
1025 2297 1235 2342 gearbeitet
1276 2296 1440 2331 werden.
1496 2294 1559 2328 Sic

15 2362 18 2382 2
77 2345 247 2378 Lambin.
279 2346 430 2378 Sch'utz.
467 2351 640 2387 ageretur
675 2348 771 2380 Cett.
808 2358 893 2380 cum
926 2345 1023 2382 edd.
1059 2346 1180 2388 notis,
1220 2352 1370 2391 praeter
1402 2346 1560 2383 Ernest.‚

15 2409 17 2436 1
79 2394 141 2437 qui
167 2393 262 2427 coni.
290 2398 435 2436 agatur.
466 2393 661 2428 ORELLI.
712 2399 890 2437 ageretur
915 2394 1055 2434 reusch,
1083 2395 1166 2428 weil
1193 2395 1254 2427 das
1280 2395 1399 2427 Praes.
1428 2397 1557 2434 tanga-

16 2442 17 2454 *
80 2441 127 2473 tis
153 2441 268 2474 damit
293 2442 331 2474 in
360 2441 626 2487 Verkniipfung
652 2443 762 2476 steht.
798 2463 839 2468 ——
873 2443 993 2484 Iegem
1026 2444 1136 2476 illam
1161 2444 1329 2488 priorem
1358 2440 1482 2474 Clodii
1507 2441 1560 2472 le-

15 2490 17 2522 Ξ
78 2498 173 2532 gem,
202 2501 273 2533 qua
298 2490 467 2523 universe
493 2496 639 2523 tantum
666 2492 845 2535 agebatur
870 2491 915 2523 de
942 2491 1000 2532 iis,
1038 2492 1103 2536 qui
1129 2492 1247 2524 civem
1275 2490 1423 2522 indicta
1449 2499 1559 2521 causa

81 2536 318 2571 occidissent.
344 2532 562 2572 SCHU'I'Z.
593 2557 633 2564 —
683 2540 905 2583 popularia,
938 2536 1034 2572 nem
1067 2539 1182 2572 Volke
1209 2550 1277 2583 gar
1299 2549 1343 2569 zu
1370 2536 1559 2580 angeneh-

79 2595 169 2616 mes.
195 2602 239 2608 —-
265 2596 306 2617 ne
331 2587 507 2628 tangam,
534 2587 717 2632 primam,
747 2588 833 2632 quia
861 2588 1088 2620 nominatim
1123 2588 1162 2620 in
1189 2598 1231 2619 ca
1258 2591 1391 2619 contra
1417 2595 1477 2618 me
1502 2585 1558 2618 ni-

81 2631 132 2665 hil
166 2638 238 2674 est‚-
280 2632 409 2666 deinde
436 2636 542 2678 quia,
585 2636 804 2681 popularem
836 2636 954 2680 legem
987 2637 1175 2679 abrogare
1212 2641 1274 2667 aut
1306 2634 1499 2666 infirmare
1526 2635 1556 2666 si

14 2679 17 2704 ’ἑ
79 2679 201 2722 vultis,
229 2682 385 2725 populus
411 2682 635 2719 offendetur.
684 2683 851 2717 Alteram
884 2685 997 2728 igitur
1023 2684 1108 2716 date
1143 2694 1296 2727 operam
1332 2688 1374 2716 ut
1400 2682 1555 2725 abroge-

14 2735 17 2745 '
79 2727 138 2772 tis,
165 2729 312 2773 quaudo
342 2736 378 2763 et
402 2731 520 2765 minus
546 2732 736 2777 popularis
763 2739 801 2767 et
827 2732 1051 2766 nominatim
1079 2738 1212 2765 contra
1238 2743 1300 2766 me
1326 2737 1394 2764 est.
1420 2730 1542 2764 MAN
