1742 3006
0 0 7 113 i
404 41 718 86 EPISTOLA
744 41 1054 86 CLXXVIII.
1389 41 1477 89 581

0 115 20 164 l.

7 168 55 196 ln
86 168 154 195 me
193 155 265 196 vel
305 154 651 197 innumerabilia
690 167 778 196 non
816 168 1012 209 possem:
1050 168 1184 210 quum
1221 153 1480 208 praesertim

0 158 282 273 {confiderem
320 211 489 252 nullam
528 224 624 251 esse
664 211 856 265 gratiam
896 214 1080 263 tantam,
1118 223 1251 266 quam
1292 223 1379 251 non
1408 211 1480 251 vel

0 275 169 326 pcapere
210 266 382 307 animus
422 280 544 307 meus
584 268 629 306 in
669 266 935 321 accipiendo
975 267 1046 307 vel
1086 267 1132 306 in
1164 264 1483 306 remunerando

0 358 1 362 ,
36 323 237 364 umulare
267 326 399 376 atque
428 322 657 363 illustrare
687 325 848 376 posset.
907 321 1007 376 Ego
1038 320 1184 363 omnia
1204 335 1300 362 mea
1320 320 1484 371 studia,

39 391 184 418 mnem
213 390 391 433 operam
422 391 587 428 curam,
627 378 894 419 industriam
924 377 1255 431 cogitationem,
1293 382 1486 418 mentem

43 434 203 487 enique
234 446 406 474 omnem
436 434 483 475 in
513 432 700 474 Milonis
740 434 974 475 consulatu
1012 432 1097 473 fixi
1137 438 1180 474 et
1221 433 1366 475 locavi
1395 437 1483 474 sta-

29 488 164 543 uique
200 488 248 528 in
288 501 342 529 eo
381 502 450 531 me
490 503 577 530 non
617 489 764 530 officii
803 489 947 530 solum
986 487 1195 540 fructum,
1234 488 1313 529 sed
1351 489 1485 530 etiam

5 545 193 600 ‘pietatis
234 544 411 584 laudem
450 545 614 587 debere
654 558 882 600 quaerere.
954 544 1112 599 Neque
1141 557 1249 586 vero
1278 544 1484 599 cuiquam

10 600 202 641 salutem
249 613 302 641 ac
349 600 552 642 fortunas
603 614 705 642 suas
753 605 901 642 tantae
940 614 1072 641 curae
1112 599 1252 642 fuisse
1292 612 1484 655 unquam

0 641 134 710 lpum,
172 660 367 710 quantae
406 656 516 697 mihi
557 657 619 697 sit
658 656 800 698 honos
841 656 951 709 eius,
990 657 1036 696 in
1076 670 1164 711 quo
1204 655 1353 697 omnia
1389 668 1487 696 mea

0 700 158 766 lposita
188 725 285 752 esse
315 711 510 754 decrevi.
569 712 691 753 Huic
719 717 763 754 te
793 726 925 753 unum
948 716 1072 752 tanto
1096 712 1348 753 adiumento
1379 723 1488 758 esse,

0 762 51 824 §si
79 767 294 820 volueris,
335 781 463 822 posse
503 767 727 822 intelligo,
767 772 817 809 ut
853 767 971 808 nihil
1013 768 1074 809 sit
1101 771 1332 822 praeterea
1360 766 1488 807 nobis

0 822 340 877 {requirendunr
398 824 624 865 Habemus
663 824 779 864 haec
816 823 988 864 omnia:
1036 824 1253 865 bonorum
1290 822 1488 864 studium

0 876 300 950 §conciliatum
348 893 407 920 ex
446 880 674 920 tribunatu
712 884 895 933 propter
932 883 1141 925 nostram,
1187 883 1238 919 ut
1275 891 1405 934 spero
1444 883 1489 919 te

0 933 288 992 {intelligere⁹
319 947 523 985 causam;
551 934 680 989 vulgi
711 947 762 975 ac
782 933 1084 975 multitudinis
1114 939 1299 989 propter
1319 934 1488 987 magni-

0 988 240 1036 lficentiam
278 1004 508 1032 munerum
549 990 960 1045 liberalitatemque
999 994 1208 1039 naturae3
1245 989 1493 1031 iuventutis

0 1049 57 1091 {et
86 1047 385 1100 gratiosorum
415 1047 460 1086 in
491 1046 722 1101 suffragiis
751 1045 902 1086 studia
940 1050 1125 1099 propter
1164 1046 1306 1100 ipsius
1336 1045 1490 1086 excel-

0 1092 177 1161 {lentem
205 1101 252 1142 in
281 1115 334 1143 eo
364 1115 528 1157 genere
556 1102 630 1143 vel
661 1102 852 1157 gratiam
871 1101 943 1142 vel
962 1101 1266 1156 diligentiam:
1294 1104 1491 1142 nostram

0 1163 6 1219 f

0 1204 112 1266 {mem
145 1218 185 1250 in
221 1218 330 1251 ihrer
355 1230 503 1266 ganzen
530 1218 669 1252 Grbsse
705 1217 840 1251 fiihlen
874 1217 951 1251 und
974 1217 1194 1264 vergelten3
1229 1217 1342 1252 Sinn:
1381 1218 1492 1261 „dass

0 1265 80 1304 sich
114 1271 225 1300 unter
257 1265 343 1299 dem
383 1266 581 1300 Gewichte
613 1266 755 1301 Deiner
799 1267 872 1299 fast
906 1265 1139 1312 unziihligen
1170 1265 1390 1300 Verdienste
1426 1277 1491 1299 um

13 1313 121 1347 mich
146 1313 319 1363 erliegen
345 1313 538 1348 m'o'chtef‘
564 1332 611 1339 —-
638 1318 700 1347 lua
724 1314 761 1347 in
785 1324 850 1347 me.
877 1313 1097 1361 Mart-Lag.
1113 1312 1214 1347 ·Sch.
1242 1315 1340 1348 Liin.
1367 1318 1431 1347 tua
1456 1315 1496 1347 in

11 1372 69 1394 me
93 1362 226 1396 merita
254 1373 298 1396 ex
324 1361 506 1407 interpol.
542 1382 584 1387 —
619 1361 914 1395 innumerabilia.
942 1361 1059 1406 Neap.
1084 1361 1168 1394 Asc.
1195 1363 1226 1396 1.
1251 1361 1338 1398 Ald.
1363 1362 1493 1396 Lamb.

13 1409 132 1444 adiec.
159 1409 335 1456 beneficia
362 1421 407 1443 ex
434 1409 618 1455 interpol.
671 1410 756 1455 Ipse
782 1409 855 1443 Md.
882 1409 922 1441 in
947 1419 1068 1455 marg.
1094 1408 1137 1442 ab
1164 1408 1240 1443 alia
1262 1421 1395 1444 manu:
1433 1411 1493 1453 os·

43 1458 112 1491 cia.
161 1458 266 1492 Uber
290 1458 363 1500 vel,
402 1468 532 1505 sogar,
564 1468 592 1491 s.
626 1456 778 1491 Ramsh.
816 1456 846 1499 ἃ.
874 1458 954 1499 180,
984 1459 1016 1498 1,
1043 1457 1130 1490 Not.
1157 1459 1190 1492 l.
1235 1478 1277 1485 —
1324 1458 1494 1501 gratiam

13 1509 161 1539 tantam.
187 1505 252 1539 Sic
279 1505 350 1539 Md.
379 1517 398 1539 a
425 1517 482 1551 pr.
509 1515 636 1540 manu.
662 1506 760 1540 vict.
787 1506 821 1540 2.
847 1505 974 1538 Lamb.
1002 1505 1220 1560 Mart-Lag.
1248 1505 1335 1540 Sch.
1361 1505 1418 1540 ed.
1443 1517 1494 1540 m.

15 1564 166 1586 erasum
198 1557 338 1587 tantam
375 1554 413 1587 in
447 1552 518 1587 Md.
554 1565 573 1586 a
608 1564 680 1586 sec.
713 1564 837 1598 manu.
872 1553 980 1586 omis.
1016 1552 1116 1586 Crat.
1150 1554 1247 1587 V1ct.
1286 1557 1318 1589 l.
1353 1554 1493 1592 Graev.

13 1601 108 1635 Ern.
135 1600 271 1635 Bened.
301 1601 390 1636 Sch.
416 1601 512 1636 Liin.
540 1601 736 1635 ORELLI.
786 1600 890 1635 Uber
915 1611 1021 1645 quam
1045 1614 1095 1632 z
1119 1606 1161 1635 ut
1185 1612 1266 1636 eam
1293 1614 1321 1636 s.
1340 1602 1494 1638 Ramsh.

14 1650 46 1693 ξι.
76 1649 157 1689 184,
183 1649 218 1683 4.
246 1648 394 1684 Grotef.
422 1649 448 1692 §.
475 1650 559 1690 431,
585 1650 618 1684 2.
669 1667 712 1672 —-
761 1649 885 1682 cumul.
912 1653 1019 1693 atque
1042 1648 1194 1691 illustr„
1221 1649 1393 1697 steigern
1418 1650 1494 1684 und

13 1696 322 1731 verherrlichen.
364 1696 429 1731 Sic
456 1697 529 1731 Md.
556 1709 574 1730 a
601 1707 671 1730 see.
698 1708 820 1730 manu.
848 1696 984 1730 Graev.
1002 1695 1091 1729 sch.
1108 1697 1216 1740 Lim,
1244 1698 1344 1742 quod
1368 1705 1495 1733 tamen

16 1744 205 1790 improbat
229 1745 330 1779 Rost.
356 1745 381 1778 1.
409 1745 436 1779 l.
464 1756 501 1790 p.
528 1747 561 1780 9.
586 1745 672 1790 lpse
698 1745 930 1790 suspicatur:
966 1745 1246 1790 cumulandoqne
1270 1747 1358 1780 lect.
1385 1747 1493 1795 vulg.

15 1792 162 1826 delend.
198 1803 288 1835 esse,
326 1799 388 1826 aut
421 1792 660 1827 scribendum
693 1793 885 1826 cumulate.
944 1792 1018 1826 Sed
1052 1792 1126 1826 hoc
1159 1805 1195 1826 v.
1231 1805 1316 1827 cum
1342 1807 1378 1829 v.
1405 1796 1495 1829 illu-

15 1845 73 1874 str
113 1851 143 1874 -ε
167 1840 347 1890 coniungi
375 1841 518 1884 nequit.
554 1841 767 1875 cumulando
798 1844 906 1884 atque
929 1840 1121 1874 illustrare
1144 1841 1215 1874 Md.
1242 1853 1262 1876 a
1287 1854 1344 1887 pr.
1371 1855 1496 1878 manu.

16 1889 298 1932 cumulandoque
322 1888 525 1922 illustrare.
561 1888 663 1924 Vict.
692 1891 723 1923 l.
749 1890 784 1924 2.
818 1887 945 1921 Lamb.
984 1888 1076 1922 Ern.
1111 1890 1247 1924 Bened.
1274 1892 1494 1940 Maru-Lag.

17 1936 105 1971 Sch.
132 1935 188 1970 ed.
216 1947 263 1969 m.
292 1936 396 1970 omis.
424 1942 628 1981 utrumque
652 1935 691 1970 in
716 1936 816 1970 Crat.
846 1938 939 1969 Man.
969 1936 1165 1971 ORELLI.

5 2010 7 2024 2
111 1984 145 2018 3.
172 1982 241 2022 fixi
265 1988 299 2016 et
325 1983 456 2024 locavi,
483 1985 548 2018 auf
571 2009 579 2017 .
607 2009 614 2017 .
645 2011 653 2019 .
711 1983 854 2018 eheftet
877 1983 953 2017 und
980 1984 1167 2032 gelagert.
1198 2003 1238 2010 —
1265 1987 1426 2029 pietatis.
1454 1987 1492 2022 S.

5 2028 44 2073 ¹§.
73 2032 108 2066 5.
135 2050 180 2056 —
206 2031 244 2064 in
271 2041 340 2075 quo
367 2056 376 2065 .
395 2057 401 2063 .
422 2057 430 2064 .
454 2031 608 2075 decrevi,
634 2044 679 2065 au
716 2031 907 2065 welchem
935 2031 1030 2064 nach
1057 2033 1203 2066 meiner
1227 2033 1345 2067 festen
1372 2028 1495 2069 Uber-

18 2090 194 2127 zeugung
219 2079 323 2112 mein
349 2078 456 2113 Alles
481 2079 630 2113 beruht.
679 2080 766 2127 Vgl.
801 2091 849 2113 zu
880 2080 1018 2112 decern.
1057 2093 1106 2111 z:
1140 2085 1272 2124 putare
1304 2082 1350 2115 ad
1376 2083 1491 2120 Attio.

17 2128 90 2169 111,
120 2127 164 2162 15
190 2133 286 2161 extr.
312 2127 376 2168 VI,
401 2128 424 2162 6
448 2128 518 2161 int.
545 2128 591 2162 de
617 2128 702 2162 Nat.
730 2130 841 2162 Deor.
868 2129 898 2168 1,
925 2129 981 2162 33.
1009 2126 1159 2161 Terent.
1188 2129 1320 2167 Heaut.
1344 2131 1373 2171 I,
1393 2132 1492 2172 1‚95.

0 2167 110 2232 qnae.
140 2177 172 2216 1,
198 2176 233 2217 2,
261 2176 306 2210 73
331 2187 366 2208 u.
395 2187 421 2208 s.
447 2177 473 2208 f.
511 2186 555 2210 ex
581 2177 769 2209 tribunatu
793 2177 860 2211 697
886 2180 1038 2220 propter
1062 2186 1093 2208 n.
1122 2187 1289 2220 caustum
1328 2189 1412 2211 nam
1439 2180 1493 2212 of.

0 2222 170 2272 qficiosus
203 2222 278 2256 fuit
310 2222 350 2255 in
386 2223 505 2258 Cicer.
541 2224 721 2258 exsulem.
758 2223 834 2257 vid.
870 2223 940 2267 Ep.
968 2224 1094 2262 LXIX,
1122 2225 1156 2259 3.
1207 2225 1332 2270 Ipsum
1368 2233 1492 2260 autem

0 2270 251 2316 Jti·ibunatu1n
279 2270 415 2305 Cicero
450 2271 543 2305 dicit
569 2284 604 2317 p.
633 2271 755 2306 Redit.
782 2271 821 2304 in
847 2270 970 2305 Senat.
1005 2277 1234 2316 constantem,
1269 2279 1494 2316 perpetuam,

11 2320 172 2363 sortem,
200 2318 369 2352 invictam
395 2319 640 2362 defensionem
663 2320 793 2353 salmis
818 2330 915 2352 suae.
942 2319 1102 2364 Harusp.
1130 2331 1228 2367 resp.
1257 2322 1289 2355 4.
1319 2321 1417 2354 Sext.
1435 2324 1492 2358 40.

0 2325 64 2410 5-—
88 2370 242 2410 propter
265 2377 388 2409 magn.
414 2378 606 2403 munerum.
631 2368 706 2401 vid.
734 2379 793 2413 ep.
821 2367 986 2408 CLVIII,
1013 2369 1044 2402 6.
1072 2368 1172 2402 Orat.
1198 2379 1268 2414 pro
1295 2368 1372 2402 Mil.
1394 2382 1422 2401 0.
1435 2371 1492 2404 35.

0 2413 65 2448 4-
91 2419 254 2455 naturae,
292 2415 412 2449 seines
445 2412 652 2450 Natu‘rells.
701 2416 789 2463 Vgl.
823 2415 867 2448 ad
902 2415 1048 2449 Divers.
1083 2417 1146 2458 vl,
1177 2420 1217 2451 Π
1246 2418 1335 2458 (10).
1372 2418 1440 2458 111,
1462 2419 1494 2452 8,

19 2461 123 2504 XIII,
150 2464 204 2497 78.
245 2463 296 2504 II,
332 2464 388 2497 45.
433 2464 563 2498 Horat.
590 2464 662 2509 Ep.
691 2465 721 2503 I,
760 2465 815 2501 10,
842 2464 908 2498 21:
944 2469 1140 2504 „naturam
1175 2464 1344 2509 expellas
1377 2467 1495 2505 furca,

20 2516 147 2543 tamen
173 2521 292 2554 usque
319 2513 530 2545 recurret.“
557 2533 599 2538 -
625 2511 818 2545 iuventutis
857 2511 930 2544 bes.
957 2510 1025 2544 der
1046 2511 1184 2558 jung-en
1212 2512 1394 2545 Patricicr
1420 2513 1495 2546 und

20 2557 158 2599 Rffler,
183 2557 242 2591 die
269 2558 329 2591 bei
356 2559 437 2595 biv.
465 2560 581 2602 XLII,
606 2562 650 2595 61
679 2560 872 2604 principes
901 2559 1109 2592 iuventutis
1137 2560 1293 2592 heissen.
1327 2579 1368 2584 —
1403 2571 1494 2601 gra-

22 2605 118 2647 tio-9„
147 2605 207 2639 die
235 2606 273 2638 in
300 2606 420 2640 Gunst
446 2607 592 2649 sichen,
618 2608 759 2641 beliebt
785 2606 881 2647 sind,
914 2606 989 2639 und
1022 2607 1100 2640 also
1135 2607 1193 2641 bei
1229 2607 1299 2639 den
1326 2607 1493 2642 &Vahlen

21 2663 178 2699 grossen
204 2653 371 2688 Einfluss
397 2654 530 2690 haben.
584 2656 674 2690 Milo
700 2656 803 2689 hatte
832 2666 950 2702 ganze
964 2653 1130 2688 Scharcn
1157 2654 1309 2688 solchor
1323 2656 1494 2690 Fri-unde

21 2700 97 2734 und
124 2701 282 2736 Giinner
307 2714 372 2737 um
398 2702 493 2738 sich.
531 2725 571 2731 —
609 2705 647 2738 in
675 2714 716 2738 eo
743 2713 887 2747 genere,
916 2702 976 2737 bei
1001 2702 1069 2737 der
1095 2704 1165 2738 Art
1192 2704 1350 2746 Leutcn,
1375 2704 1491 2738 odei·
