1742 3006
211 101 303 149 418
480 99 542 141 Μ.
576 99 632 141 Τ.
663 96 1008 141 CICERONIS
1047 95 1416 141 EPISTOLAE.

208 214 518 256 liberalitatem
547 210 753 253 defuisse.
826 209 876 252 Si
905 224 1014 266 quae
1045 209 1362 251 interciderunt
1391 224 1478 252 non
1506 213 1596 252 tam
1627 227 1689 265 re,

209 284 341 326 quam
379 267 631 322 suspicione
669 267 858 321 violata,
907 281 981 320 ea,
1029 279 1160 320 quum
1201 266 1367 307 suerint
1410 270 1454 308 et
1492 266 1609 308 falsa
1646 276 1692 310 et

211 326 382 376 inania,
421 324 512 364 sint
551 323 700 366 evulsa
737 336 791 364 ex
821 323 940 364 omni
980 322 1194 363 memoria
1221 323 1397 377 vitaque
1425 327 1587 364 nostra.
1645 324 1692 366 Is

211 383 329 423 enim
357 385 404 420 tu
432 379 504 420 vir
542 392 588 420 es
628 383 672 420 et
709 392 807 419 eum
844 392 915 419 me
953 391 1048 418 esse
1089 378 1244 431 cupio,
1286 383 1357 428 ut,
1397 379 1604 432 quoniam
1646 380 1692 420 in

211 436 364 479 eadem
416 435 482 477 rei
528 435 726 490 publicae
770 439 972 487 tempora
1019 433 1281 486 incidimus,
1338 435 1691 477 coniunctionem

210 491 537 546 amicitiamque
565 494 761 532 nostram
789 491 962 544 utrique
990 486 1187 530 nostrum
1229 489 1349 530 laudi
1379 504 1552 545 sperem
1581 491 1688 532 fore.

212 548 508 598 Quamobrem
537 550 608 598 tu,
648 549 854 601 quantum
883 551 958 586 tuo
986 544 1152 586 iudicio
1181 546 1461 587 tribuendum
1490 560 1586 589 esse
1614 561 1692 589 no-

210 605 278 646 bis
318 606 473 657 putes,
516 606 680 644 statues
718 603 814 656 ipse
851 605 919 653 et,
967 605 1016 642 ut
1041 614 1197 656 spero,
1243 605 1407 644 statues
1447 617 1501 645 ex
1539 607 1691 645 nostra

210 660 450 715 dignitate:
491 673 572 713 ego
601 671 708 699 vero
738 658 818 698 tibi
848 655 1067 711 profiteor
1093 661 1222 711 atque
1241 658 1452 712 polliceor
1475 660 1690 701 eximium

211 721 254 758 et
283 716 508 770 singulare
537 727 683 755 meum
707 714 903 754 studium
931 713 980 753 in
1008 713 1127 754 omni
1164 726 1324 767 genere
1363 714 1533 767 officii,
1574 715 1691 770 quod

209 772 267 813 ad
295 770 570 812 honestatem
603 774 646 811 et
673 770 861 824 gloriam
889 772 1009 810 tuam
1039 772 1219 822 spectet.
1276 769 1331 809 In
1359 784 1467 824 quo,
1498 773 1631 812 etiam
1651 772 1689 812 si

209 828 341 869 multi
369 840 543 869 mecum
573 826 859 876 contendent,
900 828 1045 866 tamen
1085 838 1216 879 quum
1254 825 1438 880 reliquis
1477 828 1690 877 omnibus,

209 889 303 926 tum
334 883 509 925 Crassis
538 883 625 924 tuis
663 881 905 933 iudicibus,
948 893 1096 922 omnes
1135 880 1268 922 facile
1307 883 1545 936 superabo:
1582 896 1689 938 quos

212 939 390 995 quidem
419 953 499 993 ego
530 939 657 979 ambo
685 938 812 978 unice
843 937 1006 990 dilig03
1050 935 1153 989 sed,
1194 937 1237 976 in
1267 935 1470 978 Marcum
1508 939 1691 980 benevo-

211 995 347 1037 lentia
398 996 517 1049 pari,
564 993 652 1035 hoc
689 994 830 1047 magis
870 1006 965 1033 sum
1011 992 1171 1033 Publio
1202 993 1400 1045 deditus,
1451 995 1568 1049 quod
1604 1009 1687 1047 me,

212 1064 476 1107 quamquam
515 1063 541 1090 a
579 1050 771 1104 pueritia
814 1060 892 1089 sua
931 1061 1127 1102 semper,
1180 1052 1324 1089 tamen
1364 1048 1449 1091 hoc
1491 1056 1690 1105 tempore

211 1108 403 1149 maxime
452 1106 567 1147 sicut
614 1107 804 1146 alterum
852 1108 1079 1158 parentem
1120 1106 1162 1144 et
1199 1106 1405 1146 observat
1445 1110 1488 1147 et
1531 1106 1689 1162 diligit.

213 1163 307 1205 Has
346 1163 499 1203 literas
540 1161 671 1202 velim
711 1160 936 1201 existimes
972 1159 1166 1202 foederis
1205 1160 1431 1202 habituras
1461 1175 1557 1205 esse
1585 1164 1691 1214 vim,

211 1233 299 1262 non
329 1218 565 1273 epistolae,
603 1229 757 1271 meque
797 1229 870 1268 ea,
913 1229 1022 1270 quae
1061 1216 1143 1256 tibi
1180 1217 1390 1272 promitto
1427 1230 1480 1259 ac
1510 1220 1691 1274 recipio,

211 1331 454 1366 schiitzen.—
475 1329 635 1370 liberal„
662 1327 1047 1373 Dienstgefauigkeit.
1071 1347 1112 1353 —
1142 1326 1185 1361 Si
1208 1337 1297 1371 quae
1316 1327 1485 1363 intercid.
1500 1328 1692 1369 ..violata,

213 1383 282 1422 (z
304 1378 539 1412 violationes.
566 1376 604 1414 S.
624 1377 774 1411 Ramsh.
801 1378 833 1420 §.
855 1378 932 1412 171.
959 1376 1030 1418 111,
1056 1376 1090 1414 2,
1115 1374 1164 1409 N.
1191 1377 1226 1410 3.
1256 1377 1395 1422 Zumpt
1420 1375 1448 1417 §.
1476 1377 1555 1412 637,
1583 1376 1692 1410 Grot.

211 1428 242 1471 ξ.
269 1427 390 1469 328.),
418 1425 502 1459 siud
527 1426 736 1470 St'drungen
764 1425 872 1458 dabei
897 1423 1006 1457 nicht
1030 1423 1175 1457 sowohl
1201 1422 1323 1457 durch
1351 1422 1550 1457 wirkliche
1565 1424 1693 1458 Hand·
1735 1425 1738 1430 ’

209 1478 354 1522 langen
378 1474 430 1508 alu
457 1485 521 1507 aus
546 1473 705 1507 blossem
732 1471 949 1520 Argwohne
975 1471 1157 1505 mitunter
1175 1472 1432 1516 vorgefallen,
1461 1471 1693 1505 dazwischen
1717 1506 1721 1508 ,

211 1524 387 1572 gesallen.
437 1522 494 1555 Er
518 1520 740 1555 bezeichnet
765 1521 825 1554 die
851 1520 997 1554 ‘oster-en
1022 1519 1399 1553 Missverst'andnisse.
1425 1520 1622 1554 inciderunt
1647 1530 1693 1554 ex

211 1571 366 1617 antiqua
391 1569 492 1603 coni.
518 1569 639 1614 Neap.
666 1570 752 1606 Asc.
781 1571 813 1603 1.
842 1570 940 1602 Crat.
967 1568 1007 1601 in
1032 1578 1152 1615 marg.
1169 1567 1401 1614 Mart.-Lag.
1423 1567 1509 1601 Sch.
1535 1569 1692 1602 Liinem.

214 1620 294 1654 ΟΕ.
335 1617 419 1666 Vgl.
453 1617 486 1662 §.
525 1619 555 1651 1.
589 1619 843 1660 interruptum.
879 1633 922 1640 -
962 1616 1109 1657 inania,
1151 1616 1253 1649 leere
1290 1616 1610 1662 Hirngespinster.
1647 1634 1689 1640 -

213 1667 353 1705 evulsa,
380 1665 453 1700 mit
478 1665 546 1698 der
562 1665 734 1698 Wurzel
754 1663 1070 1711 herausgeri'ssen.
1097 1681 1142 1688 -—-
1166 1673 1303 1706 sperem
1319 1665 1429 1707 fore.
1480 1663 1525 1697 In
1551 1663 1692 1698 diesem

212 1715 321 1750 Satze
348 1714 443 1761 liegt
468 1713 536 1746 der
560 1712 751 1746 Schliissel
779 1724 825 1745 zu
851 1712 990 1745 diesem
1017 1721 1161 1758 ganzen
1186 1711 1327 1744 Briefe.

308 1762 342 1796 4.
369 1765 554 1805 quautam,
579 1760 652 1793 wie
678 1761 754 1794 viel
778 1760 981 1793 Zutrauen.
1007 1777 1053 1783 —
1088 1759 1314 1801 contendent,
1353 1759 1398 1793 de
1429 1759 1560 1796 Lamb.
1594 1759 1689 1793 coni.

212 1809 450 1855 Mart,-hag.
476 1808 735 1841 contenderint.
769 1818 908 1847 „wenn
933 1806 1029 1840 auch
1055 1804 1163 1840 Viele
1189 1807 1265 1840 mir
1288 1807 1358 1840 den
1386 1809 1539 1855 Vorzug
1563 1807 1692 1841 hierin

213 1858 362 1905 streitig·
391 1868 439 1889 zu
470 1853 631 1889 macheu
665 1854 820 1888 cuchen.
854 1874 897 1880 -—
937 1854 1004 1887 hoc
1036 1854 1168 1895 magis.
1205 1854 1265 1887 Sic
1299 1854 1431 1900 scripsi
1466 1855 1566 1889 coni..
1598 1866 1690 1888 mea.

213 1908 296 1940 Hoc
318 1904 431 1940 dicit:
462 1902 571 1946 ,‚sed‚
601 1914 826 1946 quamquam
853 1913 928 1935 non
955 1901 1081 1934 minor
1106 1902 1145 1933 in
1171 1902 1347 1935 Marcum
1379 1913 1462 1936 mea
1496 1909 1551 1936 est
1582 1903 1693 1937 bene·

212 1954 398 1995 volentia,
431 1957 557 1987 tamen
589 1949 662 1984 hoc
695 1950 842 1994 magis⁰
876 1955 945 1982 cet.
979 1949 1041 1981 sed
1067 1948 1104 1981 in
1129 1949 1262 1983 IWarco
1301 1950 1581 1983 benevolentiam
1606 1952 1694 1994 paro*

213 2002 294 2037 Md.
345 2001 445 2035 Hinc
470 2000 665 2032 fecerunt:
697 1998 761 2031 sed
790 1998 828 2030 in
861 1997 995 2030 Il1arco
1030 1996 1274 2030 benevolentia
1300 1998 1456 2042 impari:
1493 1997 1561 2032 hoc
1587 2000 1689 2034 Crat.

212 2051 309 2084 vict.
338 2052 370 2084 1.
397 2050 430 2083 2.
460 2046 586 2081 hamb.
615 2046 751 2082 Graev.
780 2045 871 2079 ΕΓΗ.
898 2043 1056 2082 Bened-;
1093 2055 1167 2088 quo
1199 2046 1350 2089 quidem
1383 2045 1483 2079 nihil
1515 2046 1692 2080 rusticius

213 2103 365 2145 poterat
390 2094 621 2142 excogitari;
646 2105 715 2126 cur
741 2093 841 2126 enim
868 2092 946 2125 sine
973 2091 1044 2125 ulla
1070 2103 1176 2125 causa
1202 2093 1271 2126 tali
1295 2093 1589 2139 reprehensione
1615 2095 1691 2128 lae-

214 2147 368 2182 deretur
393 2144 539 2177 animus
566 2148 603 2176 et
626 2141 743 2187 patris
769 2146 805 2174 et
830 2140 927 2173 filii?
956 2157 971 2163 —
1007 2139 1104 2172 nihil
1129 2141 1277 2183 falsius,
1319 2153 1435 2186 quum
1463 2143 1587 2176 Crassi
1611 2153 1688 2176 am·

215 2196 282 2236 bo,
308 2199 350 2226 ut
374 2202 484 2237 supra
509 2190 622 2228 dixit,
661 2189 854 2224 Ciceronis
880 2188 1042 2221 consiliis
1067 2199 1182 2232 aeque
1216 2190 1448 2231 niterentur3
1482 2200 1552 2224 nec
1584 2191 1688 2224 bene-

215 2241 373 2276 volentia
411 2240 484 2273 rite
525 2238 664 2271 dicitur
702 2235 947 2270 adolescentis
986 2236 1220 2270 observantia
1265 2237 1305 2270 in
1345 2237 1526 2272 Tullium.
1585 2239 1689 2272 Peius

215 2291 330 2325 etiam
357 2286 595 2332 Mart.·Lag.
620 2285 683 2318 sed
704 2285 838 2319 IlIarco
861 2284 1101 2317 benevolentia
1128 2283 1284 2328 impari;
1310 2284 1397 2326 hoc3
1424 2290 1460 2318 et
1480 2284 1565 2319 Sch.
1593 2286 1687 2319 L'un.

215 2337 343 2372 sedin
365 2335 499 2369 Marco
525 2333 773 2367 benevolentia
804 2332 931 2375 impar.
980 2331 1071 2364 1100.
1105 2332 1261 2373 (Schiitz
1291 2334 1377 2380 fiigt
1410 2331 1541 2366 hinzu:
1575 2334 1690 2367 Notat

216 2386 319 2421 enim
352 2385 528 2418 Marcum
563 2383 733 2415 Crassum
770 2380 892 2413 filium
926 2389 988 2412 suo
1028 2380 1149 2413 amori
1191 2391 1266 2414 non
1306 2380 1389 2425 pari
1432 2381 1690 2414 benevolentia

212 2431 453 2479 respondere.
502 2429 558 2463 Er
574 2440 654 2461 war
668 2427 823 2469 Quastor
840 2427 899 2461 bei
920 2428 1059 2469 C'zisar.)
1099 2429 1154 2461 De
1171 2427 1393 2462 Franciscis:
1424 2446 1465 2452 —
1491 2428 1555 2460 sed
1577 2429 1686 2462 Il1ar-

214 2488 296 2516 'cum
319 2479 416 2522 (scil.
443 2477 577 2521 diligo)
604 2475 851 2509 benevolentia
876 2475 1024 2518 impari.
1074 2476 1175 2509 Male
1192 2482 1316 2509 autem
1335 2475 1535 2520 explicavit
1561 2482 1686 2509 notam

216 2531 296 2572 M.,
322 2533 364 2562 ut
389 2527 503 2567 solet,
537 2524 714 2558 librarius
741 2523 821 2557 Md.
850 2522 982 2556 Marco
1008 2523 1168 2556 scribens
1193 2534 1262 2569 pro
1286 2523 1477 2564 IWarczmu
1510 2523 1684 2568 idemque

215 2574 423 2611 sexcenties
447 2572 672 2606 accusativos
696 2582 782 2604 cum
804 2570 969 2604 ablativis
995 2571 1217 2613 confundit,
1243 2577 1280 2604 et
1306 2576 1449 2604 contra.
1499 2571 1598 2605 Iusta
1623 2583 1684 2604 au-

216 2632 294 2659 tem
319 2629 374 2657 est
399 2619 592 2669 gradatio,
630 2630 745 2663 quum
771 2618 927 2651 deditum
952 2628 1028 2650 esse
1053 2619 1166 2651 alicui
1190 2620 1273 2664 plus
1299 2618 1364 2656 sit,
1401 2629 1513 2662 quam
1538 2619 1684 2652 benevo-

217 2674 290 2706 lum
315 2679 402 2704 esse.
440 2667 637 2703 ORELLl.
688 2666 813 2699 Indess
854 2666 933 2712 gibt
967 2664 1065 2699 doch
1102 2666 1238 2701 Cicero
1272 2678 1320 2700 zu
1352 2665 1568 2708 verstehen,
1607 2666 1685 2700 dans

216 2718 365 2754 Publius
389 2716 455 2750 ilm
480 2715 590 2750 mehr
616 2714 725 2750 liebe.

311 2768 343 2801 5.
369 2763 540 2806 foederis
573 2790 580 2799 .
620 2790 625 2795 .
663 2762 749 2802 vim,
789 2761 847 2795 die
882 2761 991 2794 Kraft
1033 2759 1137 2795 einer
1171 2761 1497 2797 Eundesurkunde.
1535 2782 1574 2788 -
1611 2771 1684 2794 esee
