1742 3006
179 80 273 129 546
469 79 530 122 M.
564 79 619 120 Τ,
656 75 1003 120 CICERONIS
1034 74 1413 121 EPISTOLAE.

180 199 357 238 tuorum
402 204 654 233 nervorum.
714 188 784 230 De
825 192 947 232 motu
988 193 1236 243 temporum
1282 189 1506 232 venientis
1546 193 1669 245 anni,

180 251 297 299 nihil
339 256 384 289 te
414 247 672 301 intelligere
693 247 931 287 *volueram
970 245 1208 286 domestici
1240 245 1417 288 timoris
1430 277 1443 299 ,
1491 246 1570 287 sed
1609 249 1669 290 de

180 305 403 349 communi
435 303 501 344 rei
532 302 740 357 publicae
769 306 917 343 statu:
969 302 1015 341 in
1055 314 1143 355 quo
1174 302 1309 342 etiam
1349 303 1388 343 si
1418 301 1535 344 nihil
1567 314 1670 357 pro-

182 377 316 412 curo,
358 363 506 405 tamen
549 357 666 399 nihil
709 371 865 399 curare
905 357 986 399 vix
1016 370 1210 411 possum.
1271 356 1416 407 Quam
1446 362 1593 400 autem
1624 363 1669 401 te

179 419 316 462 velim
345 418 522 457 cautum
553 428 651 456 esse
682 415 727 455 in
758 412 1022 465 scribendo,
1051 425 1112 454 ex
1137 412 1226 454 hoc
1255 414 1498 467 coniicito,
1544 415 1667 469 quod

177 488 261 529 ego
291 472 350 514 ad
380 476 423 512 te
454 484 509 512 ne
539 470 652 513 haec
678 469 861 524 quidem
891 469 1065 520 scribo,
1105 482 1220 523 quae
1250 470 1399 524 palam
1429 470 1477 510 in
1509 483 1557 511 re
1587 485 1666 525 pu-

178 531 300 571 blica
330 528 591 578 turbantur,
640 540 694 566 ne
733 527 997 580 cuiusquam
1025 524 1221 565 animum
1252 539 1377 567 meae
1407 526 1567 567 literae
1597 528 1666 567 in-

178 588 407 639 terceptae
437 583 684 625 offendant.
754 581 906 631 Quare
945 581 1196 621 domestica
1236 594 1345 622 cura
1382 585 1427 623 te
1468 582 1667 625 levatum

177 642 306 683 volo:
357 640 403 679 in
446 653 494 680 re
542 638 724 693 publica
773 638 868 678 scio
920 650 1052 691 quam
1090 637 1320 678 sollicitus
1365 651 1463 679 esse
1501 639 1663 680 soleas„

177 697 330 738 Video
370 693 612 736 Messalam
653 697 855 735 nostrum
895 692 1144 744 consulem,
1194 691 1235 732 si
1274 706 1354 746 per
1380 693 1666 749 interregem,

179 755 276 794 sine
323 752 522 791 iudicio:
581 752 619 791 si
657 764 736 804 per
776 749 1073 798 dictatorem,
1128 750 1276 788 tamen
1312 748 1409 789 sine
1448 751 1664 803 pericula

180 809 293 850 odii
323 806 440 846 nihil
473 806 620 847 habet.
690 805 926 846 Hortensii
958 805 1085 846 calor
1113 804 1303 844 multum
1331 805 1515 846 valebit.
1578 807 1665 847 Ga-

178 864 292 906 binii
331 863 555 903 absolutio
596 863 673 902 lex
712 861 994 915 impunitatis
1037 862 1230 914 putatur.
1288 858 1352 899 Ἐν
1379 863 1578 913 παρέργῳ·
1609 862 1666 903 (le

179 921 403 961 dictatore
434 922 583 959 tamen
613 921 767 958 actum<
792 915 938 957 adhuc
967 914 1085 956 nihil
1116 919 1196 956 est.
1257 915 1500 971 Pompeius
1518 918 1665 958 abest:

179 1037 278 1072 Milo
305 1049 324 1070 a
350 1036 468 1070 nimia
494 1035 672 1082 pecuniae
699 1036 917 1079 profusione
944 1031 1199 1068 abstrahatur.
1232 1051 1276 1057 -
1327 1043 1540 1076 nervorum,
1590 1035 1667 1068 und

181 1087 249 1119 wie
277 1085 348 1119 viel
373 1086 432 1117 Du
459 1085 568 1117 dabei
596 1084 688 1116 thun
716 1084 883 1125 konnest,
911 1083 973 1115 das
999 1082 1114 1126 liiingt
1142 1092 1212 1113 von
1239 1082 1385 1115 Deinen
1408 1082 1666 1128 Hiilssquellen

180 1135 237 1177 ab,
264 1133 425 1167 wonacli
453 1134 513 1166 Du
540 1143 580 1164 es
607 1131 826 1164 berechnen
852 1137 978 1164 musst.

273 1206 306 1240 3.
336 1204 515 1237 venientis
554 1202 652 1236 cenni.
704 1202 739 1237 S.
768 1213 826 1248 ep.
854 1203 988 1242 CLIII,
1017 1202 1051 1235 4.
1103 1220 1144 1225 -
1197 1199 1290 1234 nihil
1313 1212 1492 1245 procuro,
1525 1203 1666 1237 Nichtfl

183 1254 364 1288 abstellen
390 1252 501 1285 kann.
529 1270 571 1275 —
598 1250 692 1284 nihil
716 1261 858 1291 curare,
886 1261 978 1294 ganz
1006 1248 1302 1283 unbekiimmert
1328 1250 1420 1284 sein.
1450 1270 1493 1275 —
1535 1256 1569 1284 te
1594 1252 1663 1284 vel.

180 1305 273 1335 caut.
300 1311 387 1334 esse.
439 1302 473 1333 S.
500 1299 655 1334 Ramsh.
686 1301 714 1343 §.
745 1301 824 1339 171,
851 1298 901 1339 11,
928 1299 962 1339 4,
989 1299 1022 1333 2.
1051 1297 1200 1330 Grotef.
1235 1298 1268 1340 ᾖ.
1294 1298 1375 1333 324.
1435 1300 1561 1344 Vei-gl.
1595 1311 1663 1333 zur

180 1350 301 1385 Sache
327 1361 387 1394 ep.
417 1346 587 1386 CLVIII,
614 1348 646 1381 2.
680 1365 727 1370 —-
767 1357 856 1390 quae
883 1372 891 1383 .
920 1372 927 1379 .
954 1371 963 1379 .
990 1345 1098 1387 turb„
1127 1344 1189 1378 die
1215 1344 1460 1380 offentlichen
1485 1347 1663 1382 Unrulien

180 1397 257 1432 und
283 1397 584 1441 Verwirrungen.
610 1413 656 1418 —
683 1395 914 1437 interceptae,
943 1405 1053 1427 wenn
1077 1394 1130 1427 sie
1155 1393 1408 1442 aufgefangen
1436 1396 1599 1429 wiirden.
1616 1413 1662 1419 ——-

183 1446 270 1483 Vid.
296 1446 409 1479 Mess.
436 1449 548 1478 nostr.
577 1453 694 1486 corz-su,
743 1454 878 1475 nnsern
912 1443 965 1476 M.
1002 1442 1078 1475 seh'
1114 1441 1180 1474 ich
1206 1441 1323 1475 sehon
1348 1444 1400 1476 im
1426 1444 1574 1477 Besitze
1598 1443 1662 1476 des

182 1494 388 1528 Consulats.
439 1493 474 1526 S.
510 1504 565 1537 ep.
605 1491 777 1533 CLVIII,
814 1493 847 1525 3.
884 1509 925 1513 —-
959 1490 993 1523 si
1023 1500 1089 1533 per
1114 1489 1313 1533 interreg„
1353 1491 1428 1525 sine
1452 1492 1590 1525 iudicio
1617 1492 1663 1525 de

180 1543 323 1577 ambitu
347 1542 398 1584 (S.
426 1541 472 1574 ad
499 1540 607 1574 Attic.
637 1540 680 1579 V,
712 1541 766 1577 12.
795 1539 839 1572 ad
867 1539 999 1571 Famil.
1031 1538 1132 1579 VIII,
1158 1538 1226 1579 4.),
1270 1539 1370 1582 „und
1397 1551 1497 1573 zwar
1519 1541 1663 1574 wofern

180 1603 221 1625 er
261 1590 378 1623 durch
415 1590 525 1622 einen
563 1589 735 1621 Interrex
769 1587 804 1620 d.
837 1588 864 1623 i.
899 1586 1040 1620 habitis
1073 1586 1120 1619 ab
1157 1585 1343 1630 interrege
1379 1588 1543 1620 comitiis
1576 1599 1663 1621 zum

182 1639 322 1673 Consul
348 1637 507 1671 erwahlt
536 1636 650 1678 wird,
686 1636 784 1669 ohne
810 1635 894 1667 dass
919 1647 959 1668 er
984 1635 1067 1668 eine
1093 1634 1345 1679 gerichtliclie
1371 1636 1662 1681 Untersuchung

180 1699 293 1722 zuvor
325 1686 421 1720 wird
455 1684 695 1719 auszuhalten
730 1683 902 1720 haben‚“
959 1684 1013 1717 Er
1047 1683 1141 1716 wird
1172 1683 1338 1726 sogleich
1371 1683 1452 1716 sein
1487 1685 1661 1719 Consulat

182 1741 369 1777 nntreten,
395 1734 469 1767 und
495 1733 680 1767 wiihrend
708 1733 829 1765 seines
864 1734 966 1764 Amts
997 1732 1097 1764 kann
1132 1741 1173 1764 er
1204 1730 1313 1764 nicht
1346 1732 1541 1776 ungeklagt
1568 1745 1660 1766 wer—

180 1784 263 1817 den.
315 1783 392 1816 Der
418 1782 574 1815 Process
600 1781 645 1813 tle
672 1781 817 1814 ambitu
843 1779 951 1813 stand
980 1779 1061 1813 ihm
1089 1780 1221 1822 bevor,
1248 1791 1323 1813 war
1348 1781 1438 1814 aber
1462 1781 1657 1826 aufgehal-

182 1838 256 1865 ten.
308 1831 343 1863 S.
371 1830 404 1862 (1.
433 1830 552 1872 vorig.
581 1829 686 1861 Brief
709 1830 738 1872 §-
755 1830 788 1862 3.
839 1826 946 1860 Nach
973 1828 1219 1872 beendigtem
1239 1829 1437 1861 Consulate
1463 1831 1532 1864 703
1557 1831 1660 1864 ward

179 1891 219 1913 er
244 1877 415 1912 wirklich
442 1877 618 1910 desshalb
645 1876 857 1909 abermahls
882 1876 1096 1920 angeklagt,
1123 1876 1213 1908 aber
1238 1887 1312 1908 von
1339 1877 1561 1911 Hortensius
1578 1890 1660 1912 ver-—

179 1927 339 1970 theidigt
370 1925 443 1958 und
480 1925 553 1958 frei
583 1925 825 1969 gesprochen.
911 1923 1100 1956 Dennoch
1126 1923 1298 1957 nachher
1323 1925 1395 1957 alia
1421 1925 1525 1970 lege,
1552 1937 1657 1960 nem*

177 1987 224 2021 pe
249 1974 416 2016 Licinia,
455 1973 649 2017 angeklagt
674 1972 778 2005 ward
804 1983 844 2003 er
869 1971 1103 2005 verurtheilt.
1152 1973 1188 2004 S.
1229 1972 1275 2005 ad
1308 1973 1438 2007 Famil.
1476 1971 1589 2018 VIII,
1625 1977 1658 2010 2.

177 2025 211 2058 4.
238 2023 393 2057 Henrici
418 2021 611 2055 Guilielm.
647 2020 876 2064 Tydemanni
912 2019 1057 2052 dissert.
1095 2019 1140 2052 de
1164 2020 1274 2054 rebus
1299 2021 1472 2054 iudicatis
1496 2033 1570 2056 non
1595 2035 1661 2057 re-

178 2070 390 2105 scindendis
414 2070 535 2114 Lugd.
562 2071 690 2104 Batav.
721 2069 822 2103 1799.
859 2079 890 2101 c.
920 2067 983 2101 XI.
1034 2067 1116 2112 Vgl.
1146 2068 1251 2113 epist.
1297 2068 1392 2112 CLI,
1426 2070 1460 2103 3.
1497 2081 1567 2114 per
1604 2071 1660 2104 in·

179 2124 321 2161 teri-eg.
347 2118 383 2153 S.
411 2119 483 2152 den
508 2118 624 2162 vorig.
652 2117 757 2150 Brief
783 2119 812 2159 ξ.
839 2116 871 2149 4.
906 2133 953 2139 ——
1005 2116 1039 2148 si
1063 2126 1129 2159 per
1153 2116 1277 2150 dictat.
1304 2116 1446 2151 habitis
1473 2119 1655 2160 comitiis,

178 2178 218 2201 so
244 2167 342 2201 kann
369 2167 436 2200 der
461 2166 637 2199 Dictator
661 2164 813 2198 freilich
839 2163 972 2197 darauf
997 2163 1167 2208 dringen‚
1194 2165 1274 2197 dass
1299 2177 1341 2199 er
1366 2165 1475 2199 nicht
1501 2178 1568 2200 vor
1592 2168 1657 2200 be-
1708 2182 1711 2185 ·

179 2215 357 2260 endigter
387 2214 555 2258 Anklage
587 2213 662 2247 und
690 2212 984 2257 Lossprechung
1019 2212 1084 2244 das
1121 2214 1296 2246 Consulat
1331 2221 1496 2247 antretex
1547 2215 1657 2248 allein

177 2275 218 2297 er
245 2264 337 2297 wird
363 2263 488 2296 sicher
513 2261 807 2307 losgesprochen
835 2261 1006 2301 wei-dem
1049 2260 1146 2293 denn
1187 2262 1326 2297 moines
1360 2263 1526 2296 Wissens
1561 2263 1658 2297 hasst

175 2311 244 2344 ihn
271 2311 472 2347 Niemand.
499 2328 546 2334 -—-
577 2311 750 2343 Hortens.
784 2309 914 2341 fratris
940 2309 1015 2341 eius
1048 2308 1186 2342 uterini
1217 2309 1340 2351 (nach
1376 2311 1566 2345 Plutarch.
1602 2313 1656 2345 im

175 2359 313 2401 Sulla),
340 2360 443 2393 calor
467 2370 508 2392 m.
537 2360 629 2399 val„
680 2359 702 2391 i.
739 2369 770 2390 e.
808 2357 966 2390 inultum
1000 2357 1143 2390 iuvabit
1169 2358 1364 2391 Messalam
1390 2359 1430 2392 in
1457 2360 1655 2393 consulatu

175 2408 335 2452 petendo
361 2408 420 2440 vel
446 2407 483 2439 in
510 2409 587 2439 eius
614 2407 851 2446 defensione,
878 2405 954 2438 imo
981 2405 1018 2436 in
1044 2412 1197 2450 utraque
1222 2418 1276 2441 re.
1340 2400 1445 2440 Uber
1480 2410 1649 2441 Hortens.

176 2467 203 2489 s.
239 2469 285 2490 zu
320 2467 375 2500 ep.
401 2454 538 2496 XVIII,
565 2456 597 2488 2.
649 2455 728 2487 Cic.
753 2455 858 2487 Brut.
886 2465 918 2486 c.
943 2454 1183 2493 LXXXVIII,
1211 2456 1291 2489 301.
1320 2473 1362 2479 —
1414 2455 1566 2489 Gabinii
1590 2457 1653 2489 ab-

176 2504 261 2545 sol„
312 2504 371 2537 die
405 2502 690 2547 Lossprechung
725 2502 786 2535 des
820 2501 1002 2535 Gabinius
1037 2502 1132 2535 wird
1165 2503 1227 2535 fiir
1260 2503 1342 2536 eine
1368 2505 1652 2548 gesetzmiissige

175 2551 394 2585 Erlaubniss
419 2551 642 2596 angesehen‚
669 2552 758 2584 VVas
783 2562 854 2583 nur
879 2550 1037 2595 geliistc,
1066 2552 1276 2593 ungestraft
1301 2563 1345 2584 zu
1372 2550 1478 2585 thun.
1529 2554 1564 2586 S.
1593 2564 1649 2597 ep.

175 2599 305 2633 CLIII.
335 2619 376 2626 -——
408 2596 473 2633 Ἐν
499 2597 674 2645 παρὲργ
686 2610 730 2642 ῳ,
769 2599 904 2641 obiter,
931 2598 983 2630 im
1010 2599 1270 2645 Vorbeigehen
1299 2599 1369 2641 (sei
1396 2601 1579 2644 gesagtl).
1608 2619 1650 2623 ——

170 2651 304 2685 tamen,
341 2647 505 2692 quamvis
532 2653 657 2681 actum
683 2647 731 2679 iri
756 2653 961 2692 putaretur.
998 2641 1213 2681 SCHUTZ.
1263 2646 1298 2681 S.
1324 2658 1384 2693 ep.
1413 2648 1584 2683 CLVIII.
1612 2649 1650 2684 4.

171 2696 326 2734 CLVII,
357 2698 379 2730 3
413 2707 446 2729 n.
481 2707 507 2728 s.
544 2697 570 2729 f.
598 2714 641 2720 --
692 2695 791 2727 abest
823 2696 870 2727 ab
896 2694 990 2728 urbe
1014 2695 1068 2727 rei
1095 2695 1363 2729 frumentariae
1391 2707 1512 2730 causa.
1564 2696 1647 2728 Vid.

166 2743 252 2778 Dio.
282 2744 433 2778 XXXIX
458 2750 549 2780 extr.
576 2742 778 2779 MANUT.
829 2743 917 2777 Scin
945 2743 1150 2788 imperium
1176 2744 1323 2779 wandte
1350 2756 1390 2778 cr
1417 2755 1495 2786 vor,
1523 2743 1649 2778 stellte

1740 1191 1742 1199 I
1738 1115 1742 1162 i...
1735 834 1742 1095 -2-„-.—,——..-—.i
1734 782 1742 814 nv.
1737 751 1742 767 -„
1739 709 1742 734 Α..

1729 1939 1742 2503 Αε-...αῶή--α-ῡψήιμ
1732 1888 1742 1928 4*-
1732 1539 1742 1874 Δ,.λ..-.....·--.·--κ..η...-.-.Δ,,
1737 1523 1739 1528 <
1740 1463 1742 1471 .
