1742 3006
543 119 860 163 EPISTOLA
897 121 1070 166 CXIII.
1453 126 1543 174 371

48 238 135 276 'nie
165 237 258 276 toto
288 234 432 275 animo
463 231 517 273 de
555 235 598 272 te
637 245 690 273 ac
719 232 774 273 de
813 233 899 273 tuis
927 236 1194 277 ornamentis
1225 240 1271 279 et
1298 240 1542 282 commodis

65 292 274 345 cogitare.
355 290 506 339 Quare
535 301 613 339 ea,
643 302 753 342 quae
782 290 998 342 scribam,
1030 292 1096 331 sic
1124 291 1304 346 habeto,
1333 309 1416 347 me,
1447 310 1546 338 cum

0 391 7 398 ff
64 348 141 388 illo
193 361 241 388 re
291 360 418 400 saepe
464 345 810 397 communicata,
869 345 924 386 de
966 346 1088 387 illius
1141 348 1197 388 ad
1238 354 1283 390 te
1331 353 1545 394 sententia

14 2513 22 2553 <·
7 2151 33 2470 *-—<=--·-3⁷1-⁹‚1»2
5 1931 31 2136 owse—2³³„

66 408 195 457 atque
224 403 486 444 auctoritate
517 401 737 441 scribere:
800 400 1055 450 »Quoniam
1095 408 1268 446 senatus
1299 409 1544 449 consultum

3 456 9 506 ἑ
63 460 229 500 nullum
258 462 414 509 exstat,
445 471 529 510 quo
560 456 762 497 reductio
793 457 909 511 regis
929 458 1218 499 Alexandrini
1239 461 1317 501 tibi
1342 463 1546 518 adempta

67 517 148 556 sit:
179 528 330 569 eaque,
361 526 472 567 quae
503 512 557 553 de
588 525 640 552 ea
668 514 834 567 scripta
863 518 944 562 est,
975 515 1230 566 auctoritas,
1261 518 1332 557 cui
1362 520 1451 561 scis
1481 522 1545 561 in-

7 574 10 617 ζ
67 577 310 612 tercessum
339 583 459 620 esse,
491 574 537 609 ut
566 582 621 610 ne
652 569 748 622 quis
778 569 953 610 omnino
986 583 1136 625 regem
1167 571 1420 627 reduceret,
1451 581 1546 617 tan-

7 630 11 671 ἶ
67 632 157 668 tam
205 628 295 668 vim
334 625 489 676 habet,
544 629 592 665 ut
637 625 778 679 magis
817 626 1032 666 iratorum
1070 625 1297 668 hominum
1337 632 1549 684 studium,

8 713 10 718 .
66 696 195 737 quam
224 683 466 723 constantis
504 684 678 721 senatus
709 682 941 722 consilium
979 695 1075 722 esse
1105 683 1329 726 videatur:
1369 692 1413 727 te
1451 701 1550 742 per-

8 743 10 756 ²
67 739 237 793 spicere
269 751 421 792 posse,
461 738 535 791 qui
566 736 772 777 Ciliciam
803 737 1088 792 Cyprumque
1118 743 1283 791 teneas,
1313 743 1416 795 quid
1448 744 1549 785 effi-

9 819 12 826 <
69 808 172 836 cere.
211 799 255 835 et
293 794 397 848 quid
429 794 638 846 consequi
669 793 837 847 possis:
883 798 941 843 et,
972 794 1010 835 si
1040 808 1109 835 res
1140 795 1398 839 facultatem
1428 799 1550 840 habi-

10 866 13 870 *
69 856 170 891 tura
209 850 438 902 videatur,
488 856 536 890 ut
574 849 899 890 Alexandream
940 855 1070 904 atque
1101 851 1356 906 Aegyptum
1400 858 1552 897 tenere

70 906 229 961 possis,
262 919 359 947 esse
389 911 432 946 et
460 909 559 945 tuae
588 909 632 945 et
659 905 801 945 nostri
830 906 1005 958 imperii
1034 906 1279 960 dignitatis,
1309 909 1552 953 Ptolemai-

14 1007 15 1010 ,
70 963 125 1003 de
154 968 228 1003 aut
257 963 402 1016 aliquo
433 961 677 1015 propinquo
707 960 806 1000 loco
824 974 929 1013 rege
955 962 1191 1014 collocato,
1222 970 1265 1004 te
1287 978 1387 1005 cum
1410 968 1552 1009 classe

14 1076 15 1081 1
69 1024 197 1072 atque
228 1019 422 1058 exercitu
453 1016 679 1070 proficisci
710 1016 1044 1066 Alexandream,
1075 1022 1137 1069 ut,
1167 1031 1262 1059 eam
1293 1035 1424 1073 quum
1444 1037 1553 1077 pace

69 1075 391 1128 praesidiisque
420 1072 631 1123 firmaris,
662 1072 942 1113 Ptolemaeus
974 1073 1129 1114 ledeat
1157 1074 1203 1114 in
1234 1089 1441 1129 regnum:
1492 1064 1566 1121 ita.¹

73 1132 193 1182 fore,
234 1136 280 1170 ut
311 1135 355 1170 et
383 1143 462 1183 per
490 1134 532 1169 te
565 1129 838 1180 restituatur,
869 1129 1236 1182 quemadmodum
1266 1139 1443 1174 senatus
1472 1135 1554 1175 ini-

16 1203 18 1208 ⁷
74 1187 137 1226 tio
181 1187 371 1236 censuit,
423 1190 466 1226 et
503 1185 595 1225 sine
636 1185 916 1225 multitudine
963 1185 1220 1239 reducatur,
1270 1190 1554 1242 quemadmo-

16 1251 19 1271 ⁶
72 1242 174 1282 dum
215 1241 416 1282 homines
457 1241 653 1295 religiosi
687 1241 883 1296 Sibyllae
924 1241 1100 1294 placere
1138 1242 1383 1286 dixerunt«
1466 1248 1555 1288 Sed

16 1304 20 1353 ξ
73 1297 184 1339 haec
213 1299 431 1339 sententia
461 1297 527 1338 sic
557 1303 601 1337 et
631 1296 695 1336 illi
722 1302 765 1337 et
793 1297 920 1337 nobis
950 1298 1239 1350 probabatur,
1270 1304 1317 1340 ut
1345 1314 1399 1341 ex
1427 1315 1556 1344 even-

18 1386 20 1393 .
75 1360 121 1394 tu
150 1354 353 1394 homines
393 1353 450 1393 de
490 1358 564 1392 tuo
603 1353 790 1392 consilio
830 1353 1158 1394 existimaturos
1188 1355 1461 1400 videremus:
1517 1360 1557 1400 si

18 1411 21 1460 ἓ
76 1409 333 1460 cecidisset,
369 1414 417 1449 ut
445 1409 643 1449 volumus
671 1412 714 1448 et
744 1412 970 1463 optamus,
1009 1422 1161 1451 omnes
1191 1415 1237 1452 te
1266 1415 1310 1453 et
1338 1414 1558 1468 sapienter

18 1537 23 1601 Ξ
77 1556 183 1590 hatte
209 1555 384 1589 Caninius
410 1556 448 1587 in
475 1556 688 1600 Vorschlag
713 1554 913 1600 gebracht.
951 1554 987 1589 S.
1015 1565 1075 1599 ep.
1091 1555 1247 1599 XCVII,
1272 1558 1306 1593 3.
1334 1575 1376 1583 —·
1404 1568 1559 1601 ornam,

21 1617 23 1655 q
76 1604 190 1640 Ehre.
217 1623 258 1629 —
287 1613 368 1645 cog.
394 1605 626 1650 Maru-Lag.
655 1604 742 1638 sch.
771 1615 790 1636 e
819 1603 908 1637 Cdd.
936 1603 1098 1645 agitare.

174 1668 206 1701 4.
233 1664 285 1699 sic
310 1663 451 1708 habeto,
490 1666 740 1708 „betrachte‚
785 1667 874 1698 WVas
900 1665 964 1699 icli
998 1665 1071 1698 Dir
1096 1665 1293 1700 schreiben
1326 1667 1468 1710 werdo,
1494 1666 1560 1702 ''als

23 1722 25 1766 ἐ
79 1716 183 1750 scine
211 1715 334 1747 wahre
360 1715 589 1760 NIeinung.“
640 1716 747 1748 Diess
771 1714 819 1746 ist
845 1715 934 1754 Das,
963 1724 1036 1746 was
1063 1725 1135 1746 von
1165 1716 1340 1750 Quoniam
1365 1717 1422 1749 bis
1438 1715 1558 1760 Sibyl-

80 1766 138 1798 lae
163 1763 307 1807 placere
332 1762 499 1795 diret-unt
525 1764 637 1811 folgt.
663 1782 711 1788 -
761 1766 891 1795 exstat.
941 1763 1179 1807 Mam—Lag.
1207 1764 1301 1798 coni.
1338 1762 1426 1798 sch.
1463 1765 1559 1798 Liin.

24 1806 27 1849 ἶ
82 1815 192 1845 ωέἰεί
218 1811 291 1844 und
317 1811 487 1843 nachher
513 1810 644 1845 liabent
671 1822 802 1856 wegen
829 1811 897 1844 der
924 1811 1059 1844 Oratio
1086 1811 1250 1856 obliqua.
1301 1812 1401 1846 Aber
1427 1813 1560 1847 Cicero

24 1857 27 1892 's
81 1861 194 1894 {iilirt
227 1860 294 1893 den
328 1860 529 1904 Pompeius
563 1866 686 1893 zuerst
716 1859 858 1893 redend
892 1859 953 1892 ein
993 1859 1067 1892 und
1108 1859 1193 1892 faint
1224 1860 1396 1894 naclilter
1428 1861 1464 1893 in
1499 1861 1562 1894 die

84 1908 219 1942 Oratio
245 1908 413 1952 obliqua,
449 1909 516 1940 wie
543 1910 659 1943 b'fter.
715 1910 806 1942 NIan
843 1919 939 1940 inuss
973 1908 1049 1940 also
1076 1907 1203 1941 hinter
1229 1913 1348 1941 exstat
1371 1909 1562 1954 suppliren

84 1956 272 2000 Pompeius
305 1957 436 2000 inquit.
472 1977 513 1982 —-
564 1958 606 1989 (Ie
632 1968 687 1993 ea.
740 1958 770 1990 E
796 1956 894 1988 bona
921 1956 1160 1989 correctione
1187 1956 1278 1989 Cdd.
1305 1957 1395 2002 aliq.
1423 1959 1564 1991 Mart.-

82 2006 177 2050 Lag.
204 2006 247 2037 de
273 2015 314 2037 ca
340 2015 392 2040 re.
422 2025 463 2031 -
499 2009 655 2044 aneton,
683 2003 1060 2038 Senatserkenntniss,
1087 2023 1131 2029 —
1164 2008 1204 2037 υἱ
1229 2015 1270 2036 ne
1296 2006 1378 2048 quis
1403 2011 1475 2038 cet.
1527 2006 1564 2041 S.

84 2065 143 2098 ep.
171 2052 285 2087 XCII.
312 2053 447 2085 XCIII.
476 2071 518 2076 ——
560 2057 694 2086 tantam
722 2053 813 2091 vim,
850 2060 994 2086 tantam
1020 2053 1059 2086 in
1086 2053 1334 2097 repugnando
1360 2053 1565 2087 veliemen-

83 2102 190 2137 tiam,
217 2118 264 2124 —
296 2105 428 2142 consl.‚
455 2100 670 2146 bediichtig,
695 2101 815 2135 festen
842 2101 1016 2136 IVillens.
1044 2119 1091 2125 -—
1124 2100 1327 2140 consilium,
1361 2102 1565 2147 Meinung;

86 2149 196 2183 nicht
227 2148 443 2190 Beschluss‚
484 2149 705 2190 consultum,
757 2161 863 2183 wozu
899 2160 938 2182 es
962 2149 998 2181 ia
1023 2148 1131 2181 nicht
1157 2149 1380 2192 gekommen
1407 2161 1494 2185 war.
1520 2170 1564 2175 —

86 2199 145 2241 qui
170 2212 217 2229 z>
245 2208 358 2241 quum
391 2202 432 2229 tu
458 2225 466 2234 .
495 2220 504 2229 .
534 2222 541 2228 .
576 2202 721 2240 teneas,
762 2199 852 2231 inne
878 2197 1023 2232 habest.
1074 2214 1121 2220 --
1169 2197 1204 2229 si
1230 2208 1286 2230 res
1313 2223 1321 2230 .
1347 2223 1356 2231 .
1384 2198 1564 2239 rideatur,

85 2257 193 2280 wenn
220 2246 283 2278 die
307 2245 427 2277 Saclie
453 2244 680 2279 ausfnhrbar
704 2245 872 2281 scheine.
902 2264 940 2270 —
978 2244 1217 2287 Ptolemaide,
1245 2246 1384 2291 oppido
1410 2248 1567 2280 Alexan-

87 2294 189 2328 driae
215 2294 448 2339 propinquo,
475 2293 512 2326 in
539 2294 750 2338 Cyrenaica
777 2295 929 2336 (Barca)
955 2293 1038 2326 sito.
1067 2293 1265 2336 collocato,
1291 2295 1479 2327 nachdem
1503 2296 1567 2328 Du

90 2342 161 2375 den
188 2342 311 2388 Klinig
338 2366 346 2373 .
375 2366 382 2373 .
410 2367 416 2372 .
446 2341 481 2374 in
509 2341 720 2376 Sicherheit
745 2343 935 2388 gebracht
960 2340 1111 2374 hattest.
1147 2360 1192 2366 —
1240 2353 1315 2375 eam
1341 2354 1455 2386 quum.
1504 2341 1568 2375 Sic

89 2390 169 2424 Md.
208 2392 308 2426 Crat.
343 2390 447 2423 Vict.
486 2392 515 2424 1.
549 2390 581 2424 2.
615 2391 751 2424 Bened.
786 2402 890 2434 quum
917 2400 989 2422 eam
1018 2389 1154 2422 Ceteri.
1183 2390 1379 2423 ORELLI.
1415 2409 1456 2414 —
1492 2390 1570 2423 sine

90 2440 212 2481 must,
251 2439 349 2472 ohne
387 2437 620 2473 Heerskraft.
690 2440 797 2472 Denn
841 2439 901 2471 die
942 2437 1076 2470 vorhin
1114 2438 1305 2471 erwahnte
1338 2438 1464 2471 Flotte
1495 2438 1570 2471 und

89 2485 326 2521 Landmacht
351 2486 472 2525 sollte,
499 2487 614 2519 bevor
640 2487 706 2521 der
731 2487 851 2532 Kb'nig
879 2486 991 2519 selbst
1016 2486 1225 2528 ersdxiene,
1253 2486 1343 2519 dazu
1359 2486 1571 2530 gebraucht

36 2539 37 2545 ¹
92 2535 264 2577 werden,
306 2534 417 2568 Ruhc
443 2535 521 2568 und
546 2533 764 2569 Sicherheit
789 2537 825 2568 in
852 2534 1096 2567 Alexandrien
1122 2535 1368 2568 lierzustellen
1402 2534 1476 2566 und
1509 2534 1571 2566 die

12 2587 38 2627 43
91 2583 297 2616 Bewohner
322 2583 443 2615 dieser
471 2584 708 2629 Hauptstadt‚
731 2595 802 2616 von
830 2583 943 2616 deren
971 2583 1095 2616 Besitz
1131 2583 1207 2615 und
1235 2582 1450 2626 Gesinnung
1475 2592 1571 2626 ganz

20 2650 23 2655 ν
93 2631 291 2675 Aegypten
319 2631 471 2676 abbing,
496 2632 566 2665 mit
591 2632 713 2666 ihrem
739 2633 933 2677 Regenten
961 2631 1226 2667 auszusiilmen.
1256 2648 1299 2654 —
1325 2630 1499 2674 Sibyllae.
1533 2629 1569 2665 S.

38 2704 39 2710 1
93 2691 138 2712 zu
163 2680 232 2723 Ep.
258 2679 372 2720 xcll,
400 2682 430 2713 l.

40 2779 41 2783 Ἰ
190 2741 223 2775 5,
250 2739 304 2772 sic
328 2763 337 2772 .
367 2764 374 2771 .
401 2769 408 2775 .
436 2744 486 2782 ut,
513 2753 582 2774 nur
607 2743 645 2774 in
670 2743 796 2775 sofern
827 2764 835 2773 .
865 2766 872 2774 .
902 2767 908 2775 .
938 2742 988 2774 als
1018 2741 1082 2772 wir
1109 2739 1290 2782 glaubten.
1319 2758 1362 2764 —
1399 2751 1443 2773 ct
1470 2751 1572 2774 cren-

40 2787 42 2831 [
97 2792 144 2829 tu,
173 2789 267 2822 nach
295 2788 390 2821 Dem
415 2788 581 2832 Erfolge.
612 2809 652 2814 -
687 2790 720 2822 si
747 2789 955 2829 cecidisset,
992 2799 1096 2820 wcnn
1126 2787 1185 2819 die
1214 2788 1503 2834 Untcrsucliung
1532 2801 1573 2822 so

1046 2838 1141 2882 24*
