1742 3006
165 78 260 128 508
455 82 517 125 Μ.
548 82 601 124 Τ.
634 75 978 122 CICERONIS
1006 75 1379 121 EPISTOLAE.

165 193 220 235 L.
252 191 457 246 Lentuli,>
489 192 544 234 L.
575 192 647 245 F„
692 206 822 248 quem
853 191 1049 232 fremunt
1077 203 1230 233 omnes
1264 188 1644 245 praevaricatum:

166 249 329 290 deinde
355 249 564 304 Pompeii
602 248 717 289 mira
746 247 999 289 contentio:
1049 247 1250 288 iudicum
1290 245 1459 287 sordes.
1516 245 1644 285 Atta-

166 319 267 346 men
293 317 442 345 xxxn.
476 303 843 354 condemnarunt,
875 315 1074 344 xxxvm.
1105 303 1408 344 absolverunt.
1464 299 1646 341 Iudicia

103 369 155 408 10
167 361 341 416 reliqua
369 360 646 415 impendent:
685 360 882 401 nondum
912 363 980 400 est
1007 359 1136 412 plane
1167 358 1419 413 expeditus.
1486 355 1642 406 Dices,

167 417 240 459 Tu
270 429 377 470 ergo
405 416 518 458 haec
545 430 634 472 quo
663 415 798 457 modo
827 415 943 457 fers?
1000 413 1130 456 Belle
1157 413 1414 456 mehercule
1443 415 1489 453 et
1517 412 1563 452 in
1593 422 1650 452 eo·

166 489 235 515 me
273 472 407 514 valde
445 486 559 515 amo.
627 472 900 522 Amisimus,
946 470 1008 510 mi
1046 471 1294 525 Pomponi,
1345 481 1517 510 omnem
1556 480 1645 507 non

166 528 298 570 modo
326 542 509 569 succum
540 542 592 569 ac
620 528 895 582 sanguinem,
937 526 1015 566 sed
1056 528 1190 567 etiam
1229 527 1428 568 colorem
1466 527 1511 565 et
1549 537 1644 578 spe-

165 587 280 625 ciem
315 584 554 639 pristinam
592 583 809 625 civitatis.
876 581 1019 623 Nulla
1059 586 1127 624 est
1165 595 1237 624 res
1275 581 1480 636 publica,
1531 592 1644 634 quae

165 641 374 689 delectet,
404 640 452 681 in
481 652 569 695 qua
597 640 889 694 acquiescam.
956 636 1070 679 Idne
1098 637 1254 692 igitur,
1285 636 1477 691 inquieS‚
1509 633 1644 675 facile

165 695 284 738 fers?
339 696 396 737 Id
425 696 583 750 ipsum.
641 695 878 737 Recordor
915 694 1047 743 enim,
1081 707 1214 749 quam
1241 693 1360 734 bella
1388 690 1644 746 paullisper,

163 753 292 794 nobis
322 751 686 807 gubernantibus,
717 751 877 792 civitas
908 749 1071 799 suerit3
1117 762 1229 804 quae
1258 748 1371 789 mihi
1401 745 1548 801 gratia
1577 759 1645 786 re-

163 809 253 850 lata
281 808 356 849 sit.
413 807 576 850 Nullus
606 808 736 848 dolor
764 820 835 847 me
863 806 1011 859 angit5
1064 818 1199 845 unum
1240 804 1389 845 omnia
1416 815 1547 857 posse
1575 802 1645 842 di-

165 867 429 920 rumpuntur
466 863 518 913 ii,
567 864 646 918 qui
684 877 754 904 me
798 861 970 917 aliquid
1015 874 1147 915 posse
1195 859 1455 901 doluerunt:
1506 857 1646 898 multa

163 920 278 962 mihi
307 920 415 961 dant
443 920 624 960 solatia:
655 932 737 960 nec
766 922 913 959 tamen
944 930 1026 971 ego
1058 917 1113 957 de
1141 930 1239 957 meo
1269 918 1389 957 statu
1415 912 1644 967 demigroe

164 990 368 1032 quaeque
397 976 492 1017 vita
519 975 716 1016 maxime
745 978 812 1014 est
840 974 898 1015 ad
927 977 1146 1022 naturam,
1175 972 1233 1013 ad
1263 985 1359 1012 eam
1387 983 1457 1010 me
1480 969 1646 1019 refero,

165 1033 224 1074 ad
254 1032 408 1074 literas
439 1035 483 1072 et
511 1031 660 1072 studia
687 1035 865 1071 nostra:
915 1028 1098 1069 dicendi
1126 1029 1322 1070 laborem
1352 1026 1646 1067 delectatione
1704 1030 1707 1042 '

164 1089 363 1130 oratoria
391 1088 611 1128 consolor.
672 1086 845 1126 Domus
874 1097 944 1124 me
986 1087 1032 1125 et
1070 1097 1176 1125 rura
1212 1087 1366 1124 nostra
1404 1082 1644 1122 delectant.

163 1144 267 1186 Non
318 1143 550 1194 recordor,
598 1141 716 1182 unde
763 1139 1023 1186 ceciderim,
1071 1140 1151 1181 sed
1197 1139 1313 1181 unde
1351 1136 1642 1179 surrexerim.

164 1202 368 1243 Fratrem
404 1212 577 1240 mecum
618 1202 662 1239 et
701 1201 744 1238 te
781 1196 823 1237 si
862 1195 1051 1248 habebo,
1100 1209 1180 1251 per
1220 1209 1289 1237 me
1328 1195 1416 1236 ista
1455 1192 1645 1249 pedibus

166 1444 319 1472 cusator
341 1435 547 1479 Lentulus3
582 1434 703 1470 ceteri
736 1440 884 1470 tantum
909 1433 987 1469 eius
1012 1434 1299 1481 subscriptores.
1334 1427 1552 1473 SCHUTZ.
1602 1435 1647 1472 L.

165 1487 337 1520 Lentulus
371 1486 465 1520 Crus
497 1496 526 1521 s.
561 1483 800 1526 Crusceuus,
833 1483 899 1528 qui
927 1483 1233 1529 praevaricatur,
1275 1484 1399 1517 infans
1432 1484 1473 1517 in
1498 1495 1646 1518 accusa-

165 1535 267 1570 tione
293 1533 447 1569 Gabinii
472 1534 523 1575 (v.
551 1543 607 1577 ep.
636 1531 755 1566 CLIII
781 1531 825 1566 ab
850 1531 967 1576 init.)‚
994 1531 1096 1565 idem
1122 1538 1179 1565 est
1204 1532 1270 1577 qui
1293 1537 1449 1578 praetor
1468 1531 1647 1567 Ciceroni

164 1583 316 1617 favebat
340 1582 518 1616 adversus
546 1579 735 1616 Clodium.
762 1579 839 1614 vid.
867 1591 925 1626 ep.
951 1580 1022 1613 LII
1048 1579 1115 1614 sub
1140 1579 1205 1617 fin,
1242 1598 1283 1605 —
1315 1580 1565 1623 praevaricat.
1607 1580 1646 1615 S.

166 1643 214 1666 zu
238 1641 298 1676 ep.
325 1629 487 1671 CXLIV,
514 1631 547 1664 3.
585 1647 628 1652 -
663 1628 790 1672 Pomp.
815 1628 900 1661 mir.
935 1631 1040 1671 eont„
1079 1627 1143 1661 des
1176 1628 1375 1672 Pompeius
1405 1627 1648 1676 Gesch'eistig-

166 1678 248 1713 keit
272 1690 353 1712 war
377 1689 464 1712 zum
490 1676 757 1712 Verwundern
782 1686 910 1725 gross;
937 1687 1045 1723 gross
1071 1675 1131 1709 die
1156 1675 1555 1723 Niedertriichtigkeit
1579 1676 1648 1710 der

166 1726 342 1762 Richter.
369 1744 412 1750 —-
439 1726 522 1762 Iud.
548 1724 656 1769 reliq.
690 1725 775 1768 imp.
802 1731 888 1763 cet.‚
916 1724 1041 1758 indess
1078 1723 1177 1758 noch
1203 1723 1333 1757 mehre
1360 1723 1545 1758 Gerichte
1571 1730 1648 1758 ste-

165 1775 244 1810 hen
270 1774 352 1808 ihm
377 1773 516 1816 bevor3
540 1773 642 1807 noch
668 1772 715 1808 ist
740 1784 781 1807 er
806 1772 918 1807 nicht
942 1784 1039 1821 ganz
1064 1784 1128 1806 aus
1154 1771 1241 1805 dem
1266 1772 1404 1807 Garne.
1461 1772 1520 1806 Er
1543 1783 1648 1807 wur-

166 1823 212 1858 de
240 1821 341 1857 noch
366 1821 420 1855 als
446 1820 492 1854 de
524 1820 681 1864 ambitu,
722 1821 767 1855 de
801 1820 1021 1866 repetundis
1053 1819 1263 1868 angeklagt
1293 1819 1530 1865 gerichtlich
1560 1832 1648 1856 ver-

166 1871 275 1917 folgt.
321 1869 358 1904 S.
385 1881 445 1915 ep.
473 1869 607 1911 CLIII,
636 1871 666 1902 1.

264 1939 321 1972 1⁰.
371 1936 480 1970 Belle
514 1936 596 1970 scil.
629 1938 720 1970 fero.
747 1953 790 1960 —-
817 1936 854 1970 in
881 1947 935 1975 co,
969 1936 1008 1968 in
1034 1935 1119 1969 dem
1147 1934 1312 1977 Stiicke,
1348 1935 1581 1984 desswegen,
1608 1937 1648 1970 in

167 1985 230 2020 his
256 1984 440 2019 ferendis.
468 2002 510 2009 —-
537 1995 628 2028 quae
654 1985 815 2026 delectet,
840 1984 968 2030 Launb.
997 1995 1063 2027 qua
1089 1985 1260 2017 delecter.
1289 2003 1331 2008 -—-
1357 1984 1405 2017 1cl
1424 1985 1541 2028 ipsum
1566 1985 1648 2019 scil.

168 2036 250 2069 fero
274 2047 325 2065 Ξ
350 2031 460 2067 nicht
485 2032 640 2075 anders;
667 2043 705 2066 so
731 2032 781 2066 ist
808 2044 856 2066 es.
905 2032 1009 2066 Uber
1041 2031 1103 2065 die
1128 2031 1329 2065 Romische
1360 2033 1432 2066 Art
1462 2034 1529 2065 auf
1555 2033 1650 2067 Fra-

169 2094 241 2128 gen
274 2094 322 2115 zu
356 2087 571 2115 antworten
605 2092 633 2115 s,
668 2080 816 2115 Grates.
856 2080 884 2123 §.
910 2081 992 2115 341.
1018 2081 1099 2114 344.
1141 2079 1354 2114 Ramshorn
1379 2080 1407 2122 §.
1435 2081 1517 2122 174,
1543 2082 1576 2116 5.
1606 2102 1647 2107 —

169 2141 289 2172 unum,
315 2129 548 2174 Pompeium.
574 2148 622 2154 —-
646 2130 913 2172 dirumpuntur,
950 2127 1032 2169 „sie
1064 2128 1214 2162 ber-sien
1249 2139 1319 2161 vor
1342 2127 1526 2162 Verdruss
1563 2129 1649 2162 dar-

170 2178 276 2219 iiber,
303 2177 384 2211 dass
412 2178 533 2212 ietzt“
560 2189 595 2211 u.
621 2189 649 2212 s.
677 2189 726 2211 w.
751 2177 829 2211 wie
856 2176 1072 2219 doluerunt,
1105 2176 1158 2209 als
1191 2175 1492 2210 Affectsverbum
1517 2177 1588 2211 mit
1614 2177 1648 2210 d.

170 2232 329 2260 accusat.
367 2237 398 2259 c.
433 2225 537 2258 infin.
572 2225 609 2259 S.
648 2225 797 2260 Grotef.
825 2225 853 2268 ἕ.
876 2227 955 2260 307.
1008 2224 1307 2267 Ra1nsh.§.168‚
1333 2226 1367 2260 3.
1417 2242 1460 2248 ——
1510 2225 1651 2268 aliquid

168 2285 289 2320 posse,
315 2273 422 2317 „dass
449 2273 512 2306 ich
543 2274 673 2307 Etwas
701 2273 947 2307 vermochte·‘
986 2265 1038 2305 im
1079 2273 1240 2320 Gegens.
1275 2283 1346 2307 von
1381 2271 1502 2306 omnia
1533 2284 1647 2317 posse.

172 2341 214 2348 --
241 2332 307 2355 nec
333 2345 341 2353 .
370 2347 378 2355 .
407 2347 415 2354 .
443 2321 624 2364 demigro,
652 2322 711 2355 bei
733 2323 829 2355 Dem
854 2321 958 2354 allen
994 2327 1091 2355 trete
1125 2320 1189 2355 ich
1223 2330 1287 2354 aus
1325 2320 1476 2354 meiuer
1508 2320 1647 2354 innern

171 2371 402 2414 Verfassung
429 2369 538 2403 nicht
563 2369 710 2403 hex-aus.
746 2389 789 2394 -
827 2371 876 2403 ad
897 2374 1065 2403 naturam
1094 2380 1230 2412 meam,
1265 2369 1413 2402 meiner
1438 2369 1559 2402 Natur
1583 2380 1647 2424 ge-

169 2421 278 2452 m‘aiss.
321 2438 363 2443 —
406 2418 456 2450 ad
487 2418 541 2451 lit.
576 2422 610 2450 et
644 2423 689 2452 st.
725 2429 759 2450 n.
797 2419 859 2451 fiir
890 2418 937 2451 ad
974 2424 1099 2452 nostra
1132 2417 1330 2451 literarum
1365 2416 1497 2453 studia.
1550 2417 1648 2450 Eine

171 2465 399 2510 Hendiadys.
431 2464 467 2499 S.
495 2465 646 2499 Ramsh.
684 2466 712 2507 §.
745 2468 828 2505 203,
859 2469 890 2507 l,
923 2466 956 2498 b.
983 2466 1017 2505 2,
1042 2477 1073 2498 c.
1100 2467 1179 2501 206.
1208 2465 1249 2507 C,
1276 2466 1311 2507 4,
1338 2476 1369 2498 a.
1416 2485 1457 2490 —
1503 2464 1648 2498 dicendi

172 2541 180 2549 .
211 2541 218 2548 .
248 2540 256 2548 .
284 2515 463 2554 consolor,
491 2515 553 2546 fiir
578 2514 639 2547 die
665 2514 908 2548 Plackereien
936 2514 987 2546 im
1014 2513 1286 2547 Gerichtshofe
1317 2512 1406 2545 find’
1444 2512 1508 2545 ich
1535 2512 1647 2546 Trost

172 2563 248 2595 und
275 2561 589 2609 Entsch'a'digung
615 2562 652 2594 in
676 2562 760 2594 dem
787 2563 1030 2608 Vergniigon,
1062 2574 1139 2596 was
1167 2561 1243 2594 mir
1267 2560 1326 2595 die
1350 2560 1553 2603 Ausiibung
1579 2560 1647 2594 der

173 2610 387 2644 Rodekunst
411 2610 628 2656 gew'aihrtf‘
675 2610 732 2643 Er
756 2610 906 2644 schrieb
940 2610 1014 2642 und
1044 2610 1180 2643 dachte
1214 2609 1307 2642 iiber
1343 2608 1402 2642 diQ
1428 2607 1647 2642 Rodekunsi

171 2658 251 2692 viel
277 2658 385 2698 nach,
413 2658 530 2692 deren
557 2657 685 2691 Praxis
711 2659 792 2691 ihm
819 2659 902 2692 eine
928 2658 1076 2691 Freudc
1102 2670 1194 2691 war.
1230 2676 1276 2684 ——
1318 2658 1408 2690 unde
1435 2682 1443 2690 .
1472 2682 1480 2692 .
1509 2681 1517 2688 .
1543 2656 1647 2695 uncle,

173 2717 247 2740 von
280 2705 453 2739 welchm·
486 2706 596 2740 Ho'he
624 2732 632 2739 .
661 2731 668 2738 .
698 2731 705 2739 .
741 2719 804 2739 aus
831 2706 1002 2752 welclrer
1035 2705 1154 2739 Tiese.
1208 2723 1249 2729 —
1301 2715 1367 2746 ρει·
1389 2715 1448 2738 me
1472 2704 1546 2736 ism
1568 2703 1646 2747 ped.

174 2754 279 2797 trah„
304 2754 440 2801 mogen
468 2754 522 2789 sie
548 2755 823 2803 meinetwegen
857 2755 919 2789 das
945 2753 1089 2801 Ubrige
1116 2755 1180 2788 aur
1203 2754 1274 2788 den
1300 2754 1404 2799 Kopf
1426 2752 1575 2786 stellein.
1603 2768 1642 2775 -
