<?xml version="1.0" encoding="UTF-8"?>
<!DOCTYPE html PUBLIC "-//W3C//DTD XHTML 1.0 Transitional//EN"
    "http://www.w3.org/TR/xhtml1/DTD/xhtml1-transitional.dtd">
<html xmlns="http://www.w3.org/1999/xhtml" xml:lang="en" lang="en">
 <head>
  <title>
</title>
<meta http-equiv="Content-Type" content="text/html;charset=utf-8" />
  <meta name='ocr-system' content='tesseract 3.04.00' />
  <meta name='ocr-capabilities' content='ocr_page ocr_carea ocr_par ocr_line ocrx_word'/>
</head>
<body>
  <div class='ocr_page' id='page_1' title='image "./epistolaeadattic00ciceuoft_0555.png"; bbox 0 0 1742 3006; ppageno 0'>
   <div class='ocr_carea' id='block_1_1' title="bbox 553 69 1546 118">
    <p class='ocr_par' dir='ltr' id='par_1_1' title="bbox 553 69 1546 118">
     <span class='ocr_line' id='line_1_1' title="bbox 553 69 1546 118; baseline 0.002 -2"><span class='ocrx_word' id='word_1_1' title='bbox 553 73 865 116; x_wconf 77' lang='lat' dir='ltr'>EPISTULA</span> <span class='ocrx_word' id='word_1_2' title='bbox 907 74 1067 116; x_wconf 87' lang='lat' dir='ltr'>CLVI.</span> <span class='ocrx_word' id='word_1_3' title='bbox 1453 69 1546 118; x_wconf 90' lang='grc'>535</span> 
     </span>
    </p>
   </div>
   <div class='ocr_carea' id='block_1_2' title="bbox 17 182 1590 792">
    <p class='ocr_par' dir='ltr' id='par_1_2' title="bbox 17 182 1590 792">
     <span class='ocr_line' id='line_1_2' title="bbox 78 182 1543 240; baseline -0.002 -13"><span class='ocrx_word' id='word_1_4' title='bbox 78 186 265 227; x_wconf 82' lang='lat' dir='ltr'>rusticos</span> <span class='ocrx_word' id='word_1_5' title='bbox 294 187 338 227; x_wconf 90' lang='lat' dir='ltr'>in</span> <span class='ocrx_word' id='word_1_6' title='bbox 367 186 506 240; x_wconf 85' lang='lat' dir='ltr'>patris</span> <span class='ocrx_word' id='word_1_7' title='bbox 537 186 762 226; x_wconf 86' lang='lat' dir='ltr'>memoria.</span> <span class='ocrx_word' id='word_1_8' title='bbox 832 184 1011 240; x_wconf 79' lang='lat' dir='ltr'><strong>Reliqui</strong></span> <span class='ocrx_word' id='word_1_9' title='bbox 1054 186 1139 225; x_wconf 85' lang='lat' dir='ltr'>duo</span> <span class='ocrx_word' id='word_1_10' title='bbox 1181 184 1338 235; x_wconf 78' lang='lat' dir='ltr'>plebeii</span> <span class='ocrx_word' id='word_1_11' title='bbox 1378 182 1443 224; x_wconf 86' lang='lat' dir='ltr'>sic</span> <span class='ocrx_word' id='word_1_12' title='bbox 1471 197 1543 224; x_wconf 85' lang='lat' dir='ltr'>ex-</span> 
     </span>
     <span class='ocr_line' id='line_1_3' title="bbox 17 238 1542 297; baseline -0.002 -15"><span class='ocrx_word' id='word_1_13' title='bbox 17 241 20 297; x_wconf 36' lang='lat' dir='ltr'>j</span> <span class='ocrx_word' id='word_1_14' title='bbox 76 247 338 295; x_wconf 76' lang='lat' dir='ltr'>aequantur,</span> <span class='ocrx_word' id='word_1_15' title='bbox 385 247 431 282; x_wconf 87' lang='lat' dir='ltr'>ut</span> <span class='ocrx_word' id='word_1_16' title='bbox 468 241 689 280; x_wconf 78' lang='lat' dir='ltr'>Domitius</span> <span class='ocrx_word' id='word_1_17' title='bbox 728 240 872 281; x_wconf 80' lang='lat' dir='ltr'>valeat</span> <span class='ocrx_word' id='word_1_18' title='bbox 910 241 1090 292; x_wconf 80' lang='lat' dir='ltr'>amicis,</span> <span class='ocrx_word' id='word_1_19' title='bbox 1131 238 1359 280; x_wconf 80' lang='lat' dir='ltr'>adiuvetur</span> <span class='ocrx_word' id='word_1_20' title='bbox 1398 242 1542 279; x_wconf 74' lang='lat' dir='ltr'>tamen</span> 
     </span>
     <span class='ocr_line' id='line_1_4' title="bbox 17 294 1545 350; baseline -0.005 -9"><span class='ocrx_word' id='word_1_21' title='bbox 17 303 21 341; x_wconf 62' lang='lat' dir='ltr'>i&lt;</span> <span class='ocrx_word' id='word_1_22' title='bbox 78 312 160 338; x_wconf 83' lang='lat' dir='ltr'>non</span> <span class='ocrx_word' id='word_1_23' title='bbox 190 296 442 350; x_wconf 76' lang='lat' dir='ltr'>gratissimo</span> <span class='ocrx_word' id='word_1_24' title='bbox 481 309 681 343; x_wconf 78' lang='lat' dir='ltr'>muuere3</span> <span class='ocrx_word' id='word_1_25' title='bbox 722 295 954 336; x_wconf 78' lang='lat' dir='ltr'>Memmius</span> <span class='ocrx_word' id='word_1_26' title='bbox 984 295 1189 337; x_wconf 69' lang='lat' dir='ltr'>Caesaris</span> <span class='ocrx_word' id='word_1_27' title='bbox 1219 294 1545 335; x_wconf 84' lang='lat' dir='ltr'><strong>commendetur</strong></span> 
     </span>
     <span class='ocr_line' id='line_1_5' title="bbox 17 349 1543 404; baseline -0.002 -12"><span class='ocrx_word' id='word_1_28' title='bbox 17 362 21 388; x_wconf 51' lang='grc' dir='ltr'><strong>ὲ</strong></span> <span class='ocrx_word' id='word_1_29' title='bbox 77 353 312 404; x_wconf 79' lang='lat' dir='ltr'>militibus,</span> <span class='ocrx_word' id='word_1_30' title='bbox 342 352 545 404; x_wconf 84' lang='lat' dir='ltr'>Pompeii</span> <span class='ocrx_word' id='word_1_31' title='bbox 576 353 722 392; x_wconf 83' lang='lat' dir='ltr'>Gallia</span> <span class='ocrx_word' id='word_1_32' title='bbox 745 352 918 392; x_wconf 79' lang='lat' dir='ltr'><strong>nitatur.</strong></span> <span class='ocrx_word' id='word_1_33' title='bbox 978 352 1146 400; x_wconf 81' lang='lat' dir='ltr'><strong>Quibus</strong></span> <span class='ocrx_word' id='word_1_34' title='bbox 1169 351 1206 390; x_wconf 81' lang='lat' dir='ltr'>si</span> <span class='ocrx_word' id='word_1_35' title='bbox 1231 364 1315 391; x_wconf 89' lang='lat' dir='ltr'>non</span> <span class='ocrx_word' id='word_1_36' title='bbox 1342 349 1543 402; x_wconf 78' lang='lat' dir='ltr'>valuerit,</span> 
     </span>
     <span class='ocr_line' id='line_1_6' title="bbox 78 406 1543 461; baseline -0.001 -14"><span class='ocrx_word' id='word_1_37' title='bbox 78 413 230 461; x_wconf 84' lang='lat' dir='ltr'>putant</span> <span class='ocrx_word' id='word_1_38' title='bbox 258 407 353 448; x_wconf 80' lang='lat' dir='ltr'>sore</span> <span class='ocrx_word' id='word_1_39' title='bbox 391 407 604 459; x_wconf 72' lang='lat' dir='ltr'>aliquem,</span> <span class='ocrx_word' id='word_1_40' title='bbox 653 408 725 461; x_wconf 87' lang='lat' dir='ltr'>qui</span> <span class='ocrx_word' id='word_1_41' title='bbox 767 408 944 448; x_wconf 80' lang='lat' dir='ltr'>comitia</span> <span class='ocrx_word' id='word_1_42' title='bbox 984 407 1026 446; x_wconf 87' lang='lat' dir='ltr'>in</span> <span class='ocrx_word' id='word_1_43' title='bbox 1069 407 1298 446; x_wconf 77' lang='lat' dir='ltr'>adventum</span> <span class='ocrx_word' id='word_1_44' title='bbox 1337 406 1543 447; x_wconf 80' lang='lat' dir='ltr'>Caesaris</span> 
     </span>
     <span class='ocr_line' id='line_1_7' title="bbox 17 459 1590 523; baseline -0.001 -20"><span class='ocrx_word' id='word_1_45' title='bbox 17 495 21 523; x_wconf 38' lang='lat'><em>3</em></span> <span class='ocrx_word' id='word_1_46' title='bbox 76 462 310 514; x_wconf 84' lang='lat' dir='ltr'>detrudat,</span> <span class='ocrx_word' id='word_1_47' title='bbox 342 462 508 503; x_wconf 80' lang='lat' dir='ltr'>Catone</span> <span class='ocrx_word' id='word_1_48' title='bbox 541 463 796 514; x_wconf 75' lang='lat' dir='ltr'>praesertim</span> <span class='ocrx_word' id='word_1_49' title='bbox 826 463 1035 502; x_wconf 82' lang='lat' dir='ltr'>absoluto.</span> <span class='ocrx_word' id='word_1_50' title='bbox 1112 462 1178 501; x_wconf 73' lang='lat' dir='ltr'>Ab</span> <span class='ocrx_word' id='word_1_51' title='bbox 1208 460 1374 509; x_wconf 83' lang='lat' dir='ltr'>Quinto</span> <span class='ocrx_word' id='word_1_52' title='bbox 1404 461 1544 502; x_wconf 83' lang='lat' dir='ltr'>fratre</span> <span class='ocrx_word' id='word_1_53' title='bbox 1582 459 1590 469; x_wconf 86' lang='grc'><strong><em>’</em></strong></span> 
     </span>
     <span class='ocr_line' id='line_1_8' title="bbox 17 516 1546 571; baseline -0.001 -12"><span class='ocrx_word' id='word_1_54' title='bbox 17 557 21 565; x_wconf 85' lang='grc'>,</span> <span class='ocrx_word' id='word_1_55' title='bbox 76 523 121 559; x_wconf 89' lang='lat' dir='ltr'>et</span> <span class='ocrx_word' id='word_1_56' title='bbox 149 531 175 558; x_wconf 86' lang='lat' dir='ltr'>a</span> <span class='ocrx_word' id='word_1_57' title='bbox 203 517 390 558; x_wconf 80' lang='lat' dir='ltr'><strong>Caesare</strong></span> <span class='ocrx_word' id='word_1_58' title='bbox 419 518 569 571; x_wconf 80' lang='lat' dir='ltr'>accepi</span> <span class='ocrx_word' id='word_1_59' title='bbox 611 531 647 558; x_wconf 84' lang='lat' dir='ltr'>a.</span> <span class='ocrx_word' id='word_1_60' title='bbox 688 518 728 557; x_wconf 88' lang='lat' dir='ltr'>d.</span> <span class='ocrx_word' id='word_1_61' title='bbox 774 532 830 559; x_wconf 83' lang='lat' dir='ltr'>1x.</span> <span class='ocrx_word' id='word_1_62' title='bbox 870 517 1058 558; x_wconf 79' lang='lat' dir='ltr'>Kalend.</span> <span class='ocrx_word' id='word_1_63' title='bbox 1098 516 1336 558; x_wconf 80' lang='lat' dir='ltr'>Novembr.</span> <span class='ocrx_word' id='word_1_64' title='bbox 1380 516 1546 567; x_wconf 78' lang='lat' dir='ltr'>literas,</span> 
     </span>
     <span class='ocr_line' id='line_1_9' title="bbox 17 571 1546 626; baseline -0.001 -12"><span class='ocrx_word' id='word_1_65' title='bbox 17 590 20 599; x_wconf 63' lang='lat'><em>*</em></span> <span class='ocrx_word' id='word_1_66' title='bbox 77 573 279 614; x_wconf 75' lang='lat' dir='ltr'>confecta</span> <span class='ocrx_word' id='word_1_67' title='bbox 308 573 565 623; x_wconf 79' lang='lat' dir='ltr'>Britannia,</span> <span class='ocrx_word' id='word_1_68' title='bbox 595 574 820 614; x_wconf 82' lang='lat' dir='ltr'>obsidibus</span> <span class='ocrx_word' id='word_1_69' title='bbox 851 573 1069 626; x_wconf 73' lang='lat' dir='ltr'>acceptis,</span> <span class='ocrx_word' id='word_1_70' title='bbox 1103 573 1219 612; x_wconf 80' lang='lat' dir='ltr'>nulla</span> <span class='ocrx_word' id='word_1_71' title='bbox 1248 571 1436 625; x_wconf 84' lang='lat' dir='ltr'>praeda,</span> <span class='ocrx_word' id='word_1_72' title='bbox 1468 573 1546 612; x_wconf 92' lang='lat' dir='ltr'>im-</span> 
     </span>
     <span class='ocr_line' id='line_1_10' title="bbox 17 627 1543 687; baseline -0.001 -18"><span class='ocrx_word' id='word_1_73' title='bbox 17 639 21 687; x_wconf 60' lang='lat' dir='ltr'>J</span> <span class='ocrx_word' id='word_1_74' title='bbox 75 634 228 683; x_wconf 82' lang='lat' dir='ltr'>perata</span> <span class='ocrx_word' id='word_1_75' title='bbox 257 632 399 670; x_wconf 80' lang='lat' dir='ltr'>tamen</span> <span class='ocrx_word' id='word_1_76' title='bbox 430 629 635 681; x_wconf 80' lang='lat' dir='ltr'>pecunia,</span> <span class='ocrx_word' id='word_1_77' title='bbox 667 629 790 669; x_wconf 73' lang='lat' dir='ltr'>«latas</span> <span class='ocrx_word' id='word_1_78' title='bbox 821 642 846 669; x_wconf 87' lang='lat' dir='ltr'>a</span> <span class='ocrx_word' id='word_1_79' title='bbox 876 629 1094 669; x_wconf 78' lang='lat' dir='ltr'>littoribus</span> <span class='ocrx_word' id='word_1_80' title='bbox 1120 627 1372 667; x_wconf 70' lang='lat' dir='ltr'>Britanniae</span> <span class='ocrx_word' id='word_1_81' title='bbox 1401 628 1543 680; x_wconf 83' lang='lat' dir='ltr'>proxi-</span> 
     </span>
     <span class='ocr_line' id='line_1_11' title="bbox 17 682 1546 736; baseline -0.002 -11"><span class='ocrx_word' id='word_1_82' title='bbox 17 689 21 733; x_wconf 66' lang='grc' dir='ltr'>ξ</span> <span class='ocrx_word' id='word_1_83' title='bbox 75 697 147 724; x_wconf 89' lang='lat' dir='ltr'>mo</span> <span class='ocrx_word' id='word_1_84' title='bbox 177 697 215 725; x_wconf 90' lang='lat' dir='ltr'>a.</span> <span class='ocrx_word' id='word_1_85' title='bbox 246 684 286 724; x_wconf 86' lang='lat' dir='ltr'>d.</span> <span class='ocrx_word' id='word_1_86' title='bbox 317 697 373 723; x_wconf 68' lang='lat' dir='ltr'>vi.</span> <span class='ocrx_word' id='word_1_87' title='bbox 406 683 591 724; x_wconf 80' lang='lat' dir='ltr'>Kalend.</span> <span class='ocrx_word' id='word_1_88' title='bbox 617 683 797 724; x_wconf 80' lang='lat' dir='ltr'>Octobr.</span> <span class='ocrx_word' id='word_1_89' title='bbox 859 685 1121 725; x_wconf 78' lang='lat' dir='ltr'><strong>Exercitum</strong></span> <span class='ocrx_word' id='word_1_90' title='bbox 1149 682 1379 723; x_wconf 82' lang='lat' dir='ltr'>Britannia</span> <span class='ocrx_word' id='word_1_91' title='bbox 1398 695 1546 736; x_wconf 82' lang='lat' dir='ltr'>repor-</span> 
     </span>
     <span class='ocr_line' id='line_1_12' title="bbox 17 737 1545 792; baseline -0.002 -11"><span class='ocrx_word' id='word_1_92' title='bbox 17 743 21 781; x_wconf 67' lang='lat'>{&#39;</span> <span class='ocrx_word' id='word_1_93' title='bbox 74 740 238 780; x_wconf 84' lang='lat' dir='ltr'>tabant.</span> <span class='ocrx_word' id='word_1_94' title='bbox 299 738 353 788; x_wconf 86' lang='lat' dir='ltr'>Q.</span> <span class='ocrx_word' id='word_1_95' title='bbox 385 739 527 780; x_wconf 87' lang='lat' dir='ltr'>Pilius</span> <span class='ocrx_word' id='word_1_96' title='bbox 559 744 653 780; x_wconf 87' lang='lat' dir='ltr'>erat</span> <span class='ocrx_word' id='word_1_97' title='bbox 681 740 770 780; x_wconf 87' lang='lat' dir='ltr'>iam</span> <span class='ocrx_word' id='word_1_98' title='bbox 800 740 855 780; x_wconf 83' lang='lat' dir='ltr'>ad</span> <span class='ocrx_word' id='word_1_99' title='bbox 887 740 1120 781; x_wconf 77' lang='lat' dir='ltr'>Caesarem</span> <span class='ocrx_word' id='word_1_100' title='bbox 1150 737 1385 792; x_wconf 79' lang='lat' dir='ltr'>profectus.</span> <span class='ocrx_word' id='word_1_101' title='bbox 1457 738 1545 790; x_wconf 89' lang='lat' dir='ltr'>Tu,</span> 
     </span>
    </p>
   </div>
   <div class='ocr_carea' id='block_1_3' title="bbox 1330 816 1537 825">
    <p class='ocr_par' dir='ltr' id='par_1_3' title="bbox 1330 816 1537 825">
     <span class='ocr_line' id='line_1_13' title="bbox 1330 816 1537 825; baseline 0 2181"><span class='ocrx_word' id='word_1_102' title='bbox 1330 816 1537 825; x_wconf 95' lang='lat' dir='ltr'> </span> 
     </span>
    </p>
   </div>
   <div class='ocr_carea' id='block_1_4' title="bbox 74 853 1547 900">
    <p class='ocr_par' dir='ltr' id='par_1_4' title="bbox 74 853 1547 900">
     <span class='ocr_line' id='line_1_14' title="bbox 74 853 1547 900; baseline -0.003 -8"><span class='ocrx_word' id='word_1_103' title='bbox 74 860 173 892; x_wconf 82' lang='lat' dir='ltr'>Max.</span> <span class='ocrx_word' id='word_1_104' title='bbox 201 858 284 891; x_wconf 87' lang='lat' dir='ltr'>libr.</span> <span class='ocrx_word' id='word_1_105' title='bbox 312 858 414 890; x_wconf 84' lang='lat' dir='ltr'>V111.</span> <span class='ocrx_word' id='word_1_106' title='bbox 442 867 476 892; x_wconf 85' lang='lat' dir='ltr'>c.</span> <span class='ocrx_word' id='word_1_107' title='bbox 507 859 536 890; x_wconf 90' lang='lat'>1.</span> <span class='ocrx_word' id='word_1_108' title='bbox 564 875 610 881; x_wconf 91' lang='lat'><strong>—</strong></span> <span class='ocrx_word' id='word_1_109' title='bbox 646 858 716 890; x_wconf 80' lang='lat' dir='ltr'>duo</span> <span class='ocrx_word' id='word_1_110' title='bbox 739 854 891 900; x_wconf 82' lang='lat' dir='ltr'>plebeii,</span> <span class='ocrx_word' id='word_1_111' title='bbox 918 856 1105 890; x_wconf 78' lang='lat' dir='ltr'>Domitius</span> <span class='ocrx_word' id='word_1_112' title='bbox 1132 868 1168 888; x_wconf 91' lang='lat' dir='ltr'>u.</span> <span class='ocrx_word' id='word_1_113' title='bbox 1195 854 1405 888; x_wconf 85' lang='lat' dir='ltr'>Memmius.</span> <span class='ocrx_word' id='word_1_114' title='bbox 1440 853 1476 889; x_wconf 89' lang='lat' dir='ltr'>S.</span> <span class='ocrx_word' id='word_1_115' title='bbox 1501 866 1547 888; x_wconf 85' lang='lat' dir='ltr'>zu</span> 
     </span>
    </p>
   </div>
   <div class='ocr_carea' id='block_1_5' title="bbox 18 902 1543 951">
    <p class='ocr_par' dir='ltr' id='par_1_5' title="bbox 18 902 1543 951">
     <span class='ocr_line' id='line_1_15' title="bbox 18 902 1543 951; baseline -0.003 -12"><span class='ocrx_word' id='word_1_116' title='bbox 18 904 21 938; x_wconf 62' lang='grc' dir='ltr'>Ῐ</span> <span class='ocrx_word' id='word_1_117' title='bbox 75 918 131 951; x_wconf 86' lang='lat' dir='ltr'>ep.</span> <span class='ocrx_word' id='word_1_118' title='bbox 157 905 301 945; x_wconf 83' lang='lat' dir='ltr'>CXVII,</span> <span class='ocrx_word' id='word_1_119' title='bbox 326 906 358 939; x_wconf 90' lang='lat'>2.</span> <span class='ocrx_word' id='word_1_120' title='bbox 389 904 515 945; x_wconf 87' lang='lat' dir='ltr'>CXLI,</span> <span class='ocrx_word' id='word_1_121' title='bbox 542 905 574 938; x_wconf 81' lang='lat'>4.</span> <span class='ocrx_word' id='word_1_122' title='bbox 603 905 754 946; x_wconf 82' lang='lat' dir='ltr'>CXLII,</span> <span class='ocrx_word' id='word_1_123' title='bbox 781 907 814 939; x_wconf 91' lang='lat'>7.</span> <span class='ocrx_word' id='word_1_124' title='bbox 841 905 1006 944; x_wconf 81' lang='lat' dir='ltr'>CXLVI,</span> <span class='ocrx_word' id='word_1_125' title='bbox 1035 906 1076 938; x_wconf 88' lang='lat'>15</span> <span class='ocrx_word' id='word_1_126' title='bbox 1102 915 1136 936; x_wconf 91' lang='lat' dir='ltr'>u.</span> <span class='ocrx_word' id='word_1_127' title='bbox 1156 915 1182 937; x_wconf 89' lang='lat' dir='ltr'>s.</span> <span class='ocrx_word' id='word_1_128' title='bbox 1204 902 1231 935; x_wconf 90' lang='lat' dir='ltr'>f.</span> <span class='ocrx_word' id='word_1_129' title='bbox 1257 921 1302 927; x_wconf 80' lang='lat'>--</span> <span class='ocrx_word' id='word_1_130' title='bbox 1326 903 1382 936; x_wconf 83' lang='lat' dir='ltr'>sic</span> <span class='ocrx_word' id='word_1_131' title='bbox 1406 912 1543 945; x_wconf 74' lang='lat' dir='ltr'>ezaeq..</span> 
     </span>
    </p>
   </div>
   <div class='ocr_carea' id='block_1_6' title="bbox 76 949 1545 999">
    <p class='ocr_par' dir='ltr' id='par_1_6' title="bbox 76 949 1545 999">
     <span class='ocr_line' id='line_1_16' title="bbox 76 949 1545 999; baseline -0.003 -13"><span class='ocrx_word' id='word_1_132' title='bbox 76 955 219 999; x_wconf 78' lang='lat' dir='ltr'>wiegeii</span> <span class='ocrx_word' id='word_1_133' title='bbox 245 952 424 985; x_wconf 80' lang='lat' dir='ltr'>einander</span> <span class='ocrx_word' id='word_1_134' title='bbox 450 950 620 985; x_wconf 81' lang='lat' dir='ltr'>dadurch</span> <span class='ocrx_word' id='word_1_135' title='bbox 648 953 722 985; x_wconf 85' lang='lat' dir='ltr'>auf.</span> <span class='ocrx_word' id='word_1_136' title='bbox 752 970 793 975; x_wconf 93' lang='lat'><strong>—</strong></span> <span class='ocrx_word' id='word_1_137' title='bbox 829 951 901 984; x_wconf 80' lang='lat' dir='ltr'>adi.</span> <span class='ocrx_word' id='word_1_138' title='bbox 930 955 954 984; x_wconf 83' lang='lat' dir='ltr'>t.</span> <span class='ocrx_word' id='word_1_139' title='bbox 982 962 1049 984; x_wconf 82' lang='lat' dir='ltr'>non</span> <span class='ocrx_word' id='word_1_140' title='bbox 1073 962 1135 992; x_wconf 75' lang='lat' dir='ltr'>gr.</span> <span class='ocrx_word' id='word_1_141' title='bbox 1163 959 1330 993; x_wconf 58' lang='lat' dir='ltr'>inuuere,</span> <span class='ocrx_word' id='word_1_142' title='bbox 1363 951 1437 983; x_wconf 89' lang='lat' dir='ltr'>und</span> <span class='ocrx_word' id='word_1_143' title='bbox 1463 949 1545 983; x_wconf 79' lang='lat' dir='ltr'>dass</span> 
     </span>
    </p>
   </div>
   <div class='ocr_carea' id='block_1_7' title="bbox 18 996 1544 1055">
    <p class='ocr_par' dir='ltr' id='par_1_7' title="bbox 18 996 1544 1055">
     <span class='ocr_line' id='line_1_17' title="bbox 18 996 1544 1055; baseline -0.003 -20"><span class='ocrx_word' id='word_1_144' title='bbox 18 1037 21 1055; x_wconf 34' lang='grc' dir='ltr'><strong>ἱ</strong></span> <span class='ocrx_word' id='word_1_145' title='bbox 76 1003 155 1035; x_wconf 85' lang='lat' dir='ltr'>ihm</span> <span class='ocrx_word' id='word_1_146' title='bbox 181 1001 278 1034; x_wconf 85' lang='lat' dir='ltr'>beim</span> <span class='ocrx_word' id='word_1_147' title='bbox 304 1001 426 1033; x_wconf 86' lang='lat' dir='ltr'>Volke</span> <span class='ocrx_word' id='word_1_148' title='bbox 453 1000 512 1033; x_wconf 90' lang='lat' dir='ltr'>die</span> <span class='ocrx_word' id='word_1_149' title='bbox 537 1000 678 1045; x_wconf 82' lang='lat' dir='ltr'>spiele,</span> <span class='ocrx_word' id='word_1_150' title='bbox 705 999 765 1033; x_wconf 84' lang='lat' dir='ltr'>die</span> <span class='ocrx_word' id='word_1_151' title='bbox 793 1010 833 1032; x_wconf 86' lang='lat' dir='ltr'>er</span> <span class='ocrx_word' id='word_1_152' title='bbox 857 999 1046 1046; x_wconf 82' lang='lat' dir='ltr'>geg-eben,</span> <span class='ocrx_word' id='word_1_153' title='bbox 1075 998 1241 1031; x_wconf 85' lang='lat' dir='ltr'>wiewohl</span> <span class='ocrx_word' id='word_1_154' title='bbox 1267 998 1319 1031; x_wconf 83' lang='lat' dir='ltr'>sie</span> <span class='ocrx_word' id='word_1_155' title='bbox 1344 996 1456 1031; x_wconf 84' lang='lat' dir='ltr'>nicht</span> <span class='ocrx_word' id='word_1_156' title='bbox 1480 997 1544 1030; x_wconf 90' lang='lat' dir='ltr'>be-</span> 
     </span>
    </p>
   </div>
   <div class='ocr_carea' id='block_1_8' title="bbox 75 1046 1544 1093">
    <p class='ocr_par' dir='ltr' id='par_1_8' title="bbox 75 1046 1544 1093">
     <span class='ocr_line' id='line_1_18' title="bbox 75 1046 1544 1093; baseline -0.003 -10"><span class='ocrx_word' id='word_1_157' title='bbox 75 1050 226 1083; x_wconf 78' lang='lat' dir='ltr'>sonders</span> <span class='ocrx_word' id='word_1_158' title='bbox 259 1049 436 1093; x_wconf 82' lang='lat' dir='ltr'>gefielen,</span> <span class='ocrx_word' id='word_1_159' title='bbox 477 1048 650 1081; x_wconf 81' lang='lat' dir='ltr'>dennoch</span> <span class='ocrx_word' id='word_1_160' title='bbox 687 1059 733 1080; x_wconf 83' lang='lat' dir='ltr'>zu</span> <span class='ocrx_word' id='word_1_161' title='bbox 764 1047 912 1081; x_wconf 84' lang='lat' dir='ltr'>Statten</span> <span class='ocrx_word' id='word_1_162' title='bbox 945 1046 1131 1080; x_wconf 84' lang='lat' dir='ltr'>kommen.</span> <span class='ocrx_word' id='word_1_163' title='bbox 1168 1046 1214 1079; x_wconf 85' lang='lat' dir='ltr'>So</span> <span class='ocrx_word' id='word_1_164' title='bbox 1240 1048 1325 1079; x_wconf 85' lang='lat' dir='ltr'>Asc.</span> <span class='ocrx_word' id='word_1_165' title='bbox 1352 1056 1414 1090; x_wconf 76' lang='lat' dir='ltr'>pr.</span> <span class='ocrx_word' id='word_1_166' title='bbox 1443 1046 1544 1078; x_wconf 82' lang='lat' dir='ltr'>Crat.</span> 
     </span>
    </p>
   </div>
   <div class='ocr_carea' id='block_1_9' title="bbox 18 1091 1546 1334">
    <p class='ocr_par' dir='ltr' id='par_1_9' title="bbox 17 1091 1546 1334">
     <span class='ocr_line' id='line_1_19' title="bbox 18 1091 1546 1142; baseline -0.003 -13"><span class='ocrx_word' id='word_1_167' title='bbox 18 1107 21 1138; x_wconf 68' lang='grc' dir='ltr'>ζ</span> <span class='ocrx_word' id='word_1_168' title='bbox 75 1098 153 1142; x_wconf 81' lang='lat' dir='ltr'>Vgl.</span> <span class='ocrx_word' id='word_1_169' title='bbox 180 1097 315 1130; x_wconf 79' lang='lat' dir='ltr'>iedoch</span> <span class='ocrx_word' id='word_1_170' title='bbox 342 1109 399 1142; x_wconf 85' lang='lat' dir='ltr'>ep.</span> <span class='ocrx_word' id='word_1_171' title='bbox 416 1096 573 1138; x_wconf 85' lang='lat' dir='ltr'>CXLIX,</span> <span class='ocrx_word' id='word_1_172' title='bbox 593 1098 625 1131; x_wconf 85' lang='grc'>6.</span> <span class='ocrx_word' id='word_1_173' title='bbox 643 1095 812 1129; x_wconf 83' lang='lat' dir='ltr'>liberalis</span> <span class='ocrx_word' id='word_1_174' title='bbox 836 1096 872 1128; x_wconf 86' lang='lat' dir='ltr'>in</span> <span class='ocrx_word' id='word_1_175' title='bbox 899 1095 1036 1140; x_wconf 81' lang='lat' dir='ltr'>populo</span> <span class='ocrx_word' id='word_1_176' title='bbox 1059 1094 1166 1127; x_wconf 82' lang='lat' dir='ltr'>valde</span> <span class='ocrx_word' id='word_1_177' title='bbox 1191 1092 1275 1126; x_wconf 89' lang='lat' dir='ltr'>fuit.</span> <span class='ocrx_word' id='word_1_178' title='bbox 1322 1091 1432 1127; x_wconf 72' lang='lat' dir='ltr'>Nihil</span> <span class='ocrx_word' id='word_1_179' title='bbox 1453 1102 1546 1134; x_wconf 80' lang='lat' dir='ltr'>gra-</span> 
     </span>
     <span class='ocr_line' id='line_1_20' title="bbox 19 1141 1546 1188; baseline -0.003 -10"><span class='ocrx_word' id='word_1_180' title='bbox 19 1167 22 1188; x_wconf 31' lang='grc' dir='ltr'><strong>ὁ</strong></span> <span class='ocrx_word' id='word_1_181' title='bbox 77 1147 158 1179; x_wconf 69' lang='lat' dir='ltr'>tius.</span> <span class='ocrx_word' id='word_1_182' title='bbox 216 1145 346 1178; x_wconf 89' lang='lat' dir='ltr'>Daher</span> <span class='ocrx_word' id='word_1_183' title='bbox 377 1144 519 1177; x_wconf 86' lang='lat' dir='ltr'>Schiitz</span> <span class='ocrx_word' id='word_1_184' title='bbox 551 1144 733 1177; x_wconf 84' lang='lat' dir='ltr'>emendirt</span> <span class='ocrx_word' id='word_1_185' title='bbox 766 1144 838 1176; x_wconf 79' lang='lat' dir='ltr'>adi.</span> <span class='ocrx_word' id='word_1_186' title='bbox 872 1144 975 1176; x_wconf 72' lang='lat' dir='ltr'>etiam</span> <span class='ocrx_word' id='word_1_187' title='bbox 1006 1146 1128 1184; x_wconf 59' lang='lat' dir='ltr'>grah,</span> <span class='ocrx_word' id='word_1_188' title='bbox 1163 1152 1239 1174; x_wconf 87' lang='lat' dir='ltr'>was</span> <span class='ocrx_word' id='word_1_189' title='bbox 1271 1142 1429 1175; x_wconf 78' lang='lat' dir='ltr'>Li&#39;mem.</span> <span class='ocrx_word' id='word_1_190' title='bbox 1464 1141 1546 1173; x_wconf 81' lang='lat' dir='ltr'>auf-</span> 
     </span>
     <span class='ocr_line' id='line_1_21' title="bbox 76 1189 1546 1237; baseline -0.005 -10.27"><span class='ocrx_word' id='word_1_191' title='bbox 76 1194 201 1229; x_wconf 79' lang='lat' dir='ltr'>nahm,</span> <span class='ocrx_word' id='word_1_192' title='bbox 227 1212 271 1218; x_wconf 89' lang='grc'><strong>-</strong></span> <span class='ocrx_word' id='word_1_193' title='bbox 297 1193 467 1226; x_wconf 80' lang='lat' dir='ltr'>militibus</span> <span class='ocrx_word' id='word_1_194' title='bbox 484 1192 528 1224; x_wconf 86' lang='lat' dir='ltr'>ad</span> <span class='ocrx_word' id='word_1_195' title='bbox 549 1193 722 1237; x_wconf 79' lang='lat' dir='ltr'>suffragia</span> <span class='ocrx_word' id='word_1_196' title='bbox 740 1191 985 1226; x_wconf 82' lang='lat' dir='ltr'>venientibus.</span> <span class='ocrx_word' id='word_1_197' title='bbox 1014 1191 1049 1226; x_wconf 84' lang='lat' dir='ltr'>S.</span> <span class='ocrx_word' id='word_1_198' title='bbox 1067 1202 1110 1223; x_wconf 85' lang='lat' dir='ltr'>zu</span> <span class='ocrx_word' id='word_1_199' title='bbox 1129 1200 1186 1234; x_wconf 84' lang='lat' dir='ltr'>ep.</span> <span class='ocrx_word' id='word_1_200' title='bbox 1205 1189 1300 1231; x_wconf 88' lang='lat' dir='ltr'>CLI,</span> <span class='ocrx_word' id='word_1_201' title='bbox 1325 1190 1367 1223; x_wconf 86' lang='lat'>3:</span> <span class='ocrx_word' id='word_1_202' title='bbox 1394 1189 1546 1230; x_wconf 85' lang='lat' dir='ltr'>„Mem-</span> 
     </span>
     <span class='ocr_line' id='line_1_22' title="bbox 18 1235 1546 1286; baseline -0.005 -10"><span class='ocrx_word' id='word_1_203' title='bbox 18 1274 21 1282; x_wconf 95' lang='grc'><em>,</em></span> <span class='ocrx_word' id='word_1_204' title='bbox 77 1242 184 1281; x_wconf 83' lang='lat' dir='ltr'>mins,</span> <span class='ocrx_word' id='word_1_205' title='bbox 215 1241 312 1286; x_wconf 87' lang='lat' dir='ltr'>quod</span> <span class='ocrx_word' id='word_1_206' title='bbox 339 1241 505 1276; x_wconf 80' lang='lat' dir='ltr'>Caesaris</span> <span class='ocrx_word' id='word_1_207' title='bbox 531 1241 685 1273; x_wconf 79' lang='lat' dir='ltr'>adventu</span> <span class='ocrx_word' id='word_1_208' title='bbox 710 1251 747 1272; x_wconf 89' lang='lat' dir='ltr'>se</span> <span class='ocrx_word' id='word_1_209' title='bbox 765 1245 888 1285; x_wconf 80' lang='lat' dir='ltr'>sperat</span> <span class='ocrx_word' id='word_1_210' title='bbox 913 1240 1080 1272; x_wconf 80' lang='lat' dir='ltr'>futurum</span> <span class='ocrx_word' id='word_1_211' title='bbox 1108 1237 1342 1270; x_wconf 80' lang='lat' dir='ltr'>consulem.“</span> <span class='ocrx_word' id='word_1_212' title='bbox 1367 1256 1409 1262; x_wconf 90' lang='lat'><em>—</em></span> <span class='ocrx_word' id='word_1_213' title='bbox 1439 1235 1546 1269; x_wconf 85' lang='lat' dir='ltr'>Pom-</span> 
     </span>
     <span class='ocr_line' id='line_1_23' title="bbox 18 1283 1546 1334; baseline -0.005 -11"><span class='ocrx_word' id='word_1_214' title='bbox 18 1289 21 1294; x_wconf 86' lang='lat'>&#39;</span> <span class='ocrx_word' id='word_1_215' title='bbox 75 1289 150 1334; x_wconf 70' lang='lat' dir='ltr'>peis&#39;</span> <span class='ocrx_word' id='word_1_216' title='bbox 176 1289 317 1331; x_wconf 77' lang='lat' dir='ltr'>Gallia,</span> <span class='ocrx_word' id='word_1_217' title='bbox 358 1300 425 1334; x_wconf 85' lang='lat' dir='ltr'>pro</span> <span class='ocrx_word' id='word_1_218' title='bbox 453 1299 523 1333; x_wconf 88' lang='lat' dir='ltr'>quo</span> <span class='ocrx_word' id='word_1_219' title='bbox 551 1300 582 1324; x_wconf 86' lang='lat' dir='ltr'>v.</span> <span class='ocrx_word' id='word_1_220' title='bbox 610 1289 740 1330; x_wconf 78' lang='lat' dir='ltr'>gratia</span> <span class='ocrx_word' id='word_1_221' title='bbox 767 1299 809 1320; x_wconf 86' lang='lat' dir='ltr'>ex</span> <span class='ocrx_word' id='word_1_222' title='bbox 836 1287 1069 1320; x_wconf 81' lang='lat' dir='ltr'>correctione</span> <span class='ocrx_word' id='word_1_223' title='bbox 1095 1286 1130 1318; x_wconf 75' lang='lat' dir='ltr'>in</span> <span class='ocrx_word' id='word_1_224' title='bbox 1159 1296 1284 1319; x_wconf 77' lang='lat' dir='ltr'>rasura</span> <span class='ocrx_word' id='word_1_225' title='bbox 1310 1283 1389 1319; x_wconf 86' lang='lat' dir='ltr'>Md.</span> <span class='ocrx_word' id='word_1_226' title='bbox 1416 1284 1546 1324; x_wconf 71' lang='lat' dir='ltr'>Hei-v..</span> 
     </span>
    </p>
   </div>
   <div class='ocr_carea' id='block_1_10' title="bbox 18 1332 1544 1477">
    <p class='ocr_par' dir='ltr' id='par_1_10' title="bbox 18 1332 1544 1477">
     <span class='ocr_line' id='line_1_24' title="bbox 76 1332 1544 1383; baseline -0.006 -11"><span class='ocrx_word' id='word_1_227' title='bbox 76 1339 202 1383; x_wconf 81' lang='lat' dir='ltr'>sicque</span> <span class='ocrx_word' id='word_1_228' title='bbox 222 1337 370 1370; x_wconf 83' lang='lat' dir='ltr'>volebat</span> <span class='ocrx_word' id='word_1_229' title='bbox 389 1337 574 1371; x_wconf 80' lang='lat' dir='ltr'>Muretus.</span> <span class='ocrx_word' id='word_1_230' title='bbox 603 1335 796 1369; x_wconf 84' lang='lat' dir='ltr'>ORELLI.</span> <span class='ocrx_word' id='word_1_231' title='bbox 845 1336 1044 1381; x_wconf 73' lang='lat' dir='ltr'>Pompeius</span> <span class='ocrx_word' id='word_1_232' title='bbox 1066 1334 1158 1366; x_wconf 79' lang='lat' dir='ltr'>liielt</span> <span class='ocrx_word' id='word_1_233' title='bbox 1184 1345 1220 1366; x_wconf 86' lang='lat' dir='ltr'>es</span> <span class='ocrx_word' id='word_1_234' title='bbox 1245 1334 1282 1365; x_wconf 87' lang='lat' dir='ltr'>in</span> <span class='ocrx_word' id='word_1_235' title='bbox 1308 1332 1427 1365; x_wconf 88' lang='lat' dir='ltr'>dieser</span> <span class='ocrx_word' id='word_1_236' title='bbox 1452 1332 1544 1364; x_wconf 79' lang='lat' dir='ltr'>letz-</span> 
     </span>
     <span class='ocr_line' id='line_1_25' title="bbox 18 1378 1544 1428; baseline -0.004 -9"><span class='ocrx_word' id='word_1_237' title='bbox 18 1378 21 1403; x_wconf 64' lang='lat' dir='ltr'>l</span> <span class='ocrx_word' id='word_1_238' title='bbox 76 1394 139 1419; x_wconf 81' lang='lat' dir='ltr'>ten</span> <span class='ocrx_word' id='word_1_239' title='bbox 168 1385 264 1428; x_wconf 64' lang='lat' dir='ltr'>Zea,</span> <span class='ocrx_word' id='word_1_240' title='bbox 292 1384 463 1417; x_wconf 88' lang='lat' dir='ltr'>wiewohl</span> <span class='ocrx_word' id='word_1_241' title='bbox 488 1384 704 1426; x_wconf 77' lang='lat' dir='ltr'>scheinbar,</span> <span class='ocrx_word' id='word_1_242' title='bbox 737 1384 807 1416; x_wconf 89' lang='lat' dir='ltr'>mit</span> <span class='ocrx_word' id='word_1_243' title='bbox 833 1383 915 1416; x_wconf 77' lang='lat' dir='ltr'>dein</span> <span class='ocrx_word' id='word_1_244' title='bbox 943 1383 1158 1416; x_wconf 77' lang='lat' dir='ltr'>Memmius.</span> <span class='ocrx_word' id='word_1_245' title='bbox 1183 1381 1217 1417; x_wconf 78' lang='lat' dir='ltr'>S„</span> <span class='ocrx_word' id='word_1_246' title='bbox 1244 1392 1302 1425; x_wconf 88' lang='lat' dir='ltr'>ep.</span> <span class='ocrx_word' id='word_1_247' title='bbox 1332 1379 1477 1422; x_wconf 81' lang='lat' dir='ltr'>CLVII,</span> <span class='ocrx_word' id='word_1_248' title='bbox 1504 1380 1544 1413; x_wconf 80' lang='lat'>2:</span> 
     </span>
     <span class='ocr_line' id='line_1_26' title="bbox 19 1427 1543 1477; baseline -0.007 -10"><span class='ocrx_word' id='word_1_249' title='bbox 19 1427 21 1435; x_wconf 17' lang='grc' dir='ltr'>γ</span> <span class='ocrx_word' id='word_1_250' title='bbox 76 1440 232 1467; x_wconf 81' lang='lat' dir='ltr'>auctore</span> <span class='ocrx_word' id='word_1_251' title='bbox 269 1432 459 1477; x_wconf 86' lang='lat' dir='ltr'>Pompeio.</span> <span class='ocrx_word' id='word_1_252' title='bbox 517 1433 664 1466; x_wconf 85' lang='lat' dir='ltr'>Friilier</span> <span class='ocrx_word' id='word_1_253' title='bbox 697 1444 771 1465; x_wconf 82' lang='lat' dir='ltr'>war</span> <span class='ocrx_word' id='word_1_254' title='bbox 801 1443 842 1464; x_wconf 91' lang='lat' dir='ltr'>er</span> <span class='ocrx_word' id='word_1_255' title='bbox 876 1431 1029 1466; x_wconf 74' lang='lat' dir='ltr'>freilicli</span> <span class='ocrx_word' id='word_1_256' title='bbox 1065 1431 1191 1463; x_wconf 84' lang='lat' dir='ltr'>dessen</span> <span class='ocrx_word' id='word_1_257' title='bbox 1227 1429 1387 1471; x_wconf 81' lang='lat' dir='ltr'>Gegner.</span> <span class='ocrx_word' id='word_1_258' title='bbox 1419 1428 1454 1460; x_wconf 87' lang='lat' dir='ltr'>S.</span> <span class='ocrx_word' id='word_1_259' title='bbox 1487 1437 1543 1470; x_wconf 85' lang='lat' dir='ltr'>ep.</span> 
     </span>
    </p>
   </div>
   <div class='ocr_carea' id='block_1_11' title="bbox 18 1474 1545 1523">
    <p class='ocr_par' dir='ltr' id='par_1_11' title="bbox 18 1474 1545 1523">
     <span class='ocr_line' id='line_1_27' title="bbox 18 1474 1545 1523; baseline -0.005 -10"><span class='ocrx_word' id='word_1_260' title='bbox 18 1500 21 1513; x_wconf 72' lang='lat' dir='ltr'>i</span> <span class='ocrx_word' id='word_1_261' title='bbox 78 1483 157 1517; x_wconf 66' lang='lat'>142.</span> <span class='ocrx_word' id='word_1_262' title='bbox 206 1481 346 1514; x_wconf 84' lang='lat' dir='ltr'>Schiitz</span> <span class='ocrx_word' id='word_1_263' title='bbox 370 1481 576 1513; x_wconf 83' lang='lat' dir='ltr'>verbessert</span> <span class='ocrx_word' id='word_1_264' title='bbox 601 1485 672 1513; x_wconf 80' lang='lat' dir='ltr'>tum</span> <span class='ocrx_word' id='word_1_265' title='bbox 695 1481 770 1513; x_wconf 82' lang='lat' dir='ltr'>eius</span> <span class='ocrx_word' id='word_1_266' title='bbox 797 1480 921 1513; x_wconf 72' lang='lat' dir='ltr'>Gallia</span> <span class='ocrx_word' id='word_1_267' title='bbox 947 1481 970 1513; x_wconf 90' lang='lat'>1&#39;.</span> <span class='ocrx_word' id='word_1_268' title='bbox 991 1492 1021 1511; x_wconf 79' lang='lat' dir='ltr'>e.</span> <span class='ocrx_word' id='word_1_269' title='bbox 1050 1477 1245 1523; x_wconf 80' lang='lat' dir='ltr'>provincia</span> <span class='ocrx_word' id='word_1_270' title='bbox 1262 1475 1428 1509; x_wconf 73' lang='lat' dir='ltr'>Caesaris</span> <span class='ocrx_word' id='word_1_271' title='bbox 1454 1474 1545 1507; x_wconf 89' lang='lat' dir='ltr'>Gal-</span> 
     </span>
    </p>
   </div>
   <div class='ocr_carea' id='block_1_12' title="bbox 17 1515 1546 1575">
    <p class='ocr_par' dir='ltr' id='par_1_12' title="bbox 17 1515 1546 1575">
     <span class='ocr_line' id='line_1_28' title="bbox 17 1515 1546 1575; baseline -0.006 -12"><span class='ocrx_word' id='word_1_272' title='bbox 17 1515 22 1538; x_wconf 43' lang='lat'>!</span> <span class='ocrx_word' id='word_1_273' title='bbox 78 1531 150 1571; x_wconf 77' lang='lat' dir='ltr'>lia,</span> <span class='ocrx_word' id='word_1_274' title='bbox 182 1540 291 1575; x_wconf 85' lang='lat' dir='ltr'>quam</span> <span class='ocrx_word' id='word_1_275' title='bbox 316 1528 573 1574; x_wconf 82' lang='lat' dir='ltr'>proconsulari</span> <span class='ocrx_word' id='word_1_276' title='bbox 600 1528 757 1574; x_wconf 76' lang='lat' dir='ltr'>imperio</span> <span class='ocrx_word' id='word_1_277' title='bbox 784 1529 952 1574; x_wconf 75' lang='lat' dir='ltr'>regebat,</span> <span class='ocrx_word' id='word_1_278' title='bbox 1014 1529 1054 1561; x_wconf 85' lang='lat' dir='ltr'>ln</span> <span class='ocrx_word' id='word_1_279' title='bbox 1082 1539 1122 1558; x_wconf 79' lang='lat' dir='ltr'>ea</span> <span class='ocrx_word' id='word_1_280' title='bbox 1157 1526 1217 1570; x_wconf 88' lang='lat' dir='ltr'>qui</span> <span class='ocrx_word' id='word_1_281' title='bbox 1255 1525 1352 1557; x_wconf 85' lang='lat' dir='ltr'>cives</span> <span class='ocrx_word' id='word_1_282' title='bbox 1382 1522 1546 1556; x_wconf 81' lang='lat' dir='ltr'>Romani</span> 
     </span>
    </p>
   </div>
   <div class='ocr_carea' id='block_1_13' title="bbox 17 1573 1547 1673">
    <p class='ocr_par' dir='ltr' id='par_1_13' title="bbox 17 1573 1547 1673">
     <span class='ocr_line' id='line_1_29' title="bbox 17 1573 1547 1616; baseline -0.006 -5"><span class='ocrx_word' id='word_1_283' title='bbox 17 1600 21 1606; x_wconf 56' lang='grc' dir='ltr'>ι</span> <span class='ocrx_word' id='word_1_284' title='bbox 78 1583 202 1616; x_wconf 85' lang='lat' dir='ltr'>eraut,</span> <span class='ocrx_word' id='word_1_285' title='bbox 229 1578 395 1610; x_wconf 79' lang='lat' dir='ltr'>Caesaris</span> <span class='ocrx_word' id='word_1_286' title='bbox 422 1588 531 1610; x_wconf 87' lang='lat' dir='ltr'>causa</span> <span class='ocrx_word' id='word_1_287' title='bbox 555 1577 626 1610; x_wconf 87' lang='lat' dir='ltr'>sibi</span> <span class='ocrx_word' id='word_1_288' title='bbox 660 1579 832 1610; x_wconf 80' lang='lat' dir='ltr'>fauturos</span> <span class='ocrx_word' id='word_1_289' title='bbox 864 1587 943 1609; x_wconf 88' lang='lat' dir='ltr'>esse</span> <span class='ocrx_word' id='word_1_290' title='bbox 979 1575 1177 1608; x_wconf 82' lang='lat' dir='ltr'>Memmius</span> <span class='ocrx_word' id='word_1_291' title='bbox 1215 1585 1289 1607; x_wconf 84' lang='lat' dir='ltr'>non</span> <span class='ocrx_word' id='word_1_292' title='bbox 1324 1573 1402 1604; x_wconf 86' lang='lat' dir='ltr'>siue</span> <span class='ocrx_word' id='word_1_293' title='bbox 1437 1581 1547 1604; x_wconf 78' lang='lat' dir='ltr'>causa</span> 
     </span>
     <span class='ocr_line' id='line_1_30' title="bbox 18 1621 1545 1673; baseline -0.006 -13"><span class='ocrx_word' id='word_1_294' title='bbox 18 1649 21 1663; x_wconf 81' lang='lat'>.</span> <span class='ocrx_word' id='word_1_295' title='bbox 78 1626 267 1673; x_wconf 82' lang='lat' dir='ltr'>sperabat.</span> <span class='ocrx_word' id='word_1_296' title='bbox 317 1625 479 1670; x_wconf 79' lang='lat' dir='ltr'>Ideoque</span> <span class='ocrx_word' id='word_1_297' title='bbox 504 1636 612 1671; x_wconf 82' lang='lat' dir='ltr'>supra</span> <span class='ocrx_word' id='word_1_298' title='bbox 638 1636 692 1670; x_wconf 82' lang='lat' dir='ltr'>ep.</span> <span class='ocrx_word' id='word_1_299' title='bbox 721 1625 865 1665; x_wconf 86' lang='lat' dir='ltr'>CXLII,</span> <span class='ocrx_word' id='word_1_300' title='bbox 885 1624 922 1668; x_wconf 81' lang='lat'>§.</span> <span class='ocrx_word' id='word_1_301' title='bbox 945 1627 983 1658; x_wconf 87' lang='lat'>7:</span> <span class='ocrx_word' id='word_1_302' title='bbox 1019 1622 1245 1656; x_wconf 85' lang='lat' dir='ltr'>Memmium</span> <span class='ocrx_word' id='word_1_303' title='bbox 1271 1621 1438 1656; x_wconf 79' lang='lat' dir='ltr'>Caesaris</span> <span class='ocrx_word' id='word_1_304' title='bbox 1464 1629 1545 1652; x_wconf 93' lang='lat' dir='ltr'>om-</span> 
     </span>
    </p>
   </div>
   <div class='ocr_carea' id='block_1_14' title="bbox 77 1666 1548 1775">
    <p class='ocr_par' dir='ltr' id='par_1_14' title="bbox 77 1666 1548 1775">
     <span class='ocr_line' id='line_1_31' title="bbox 77 1666 1546 1718; baseline -0.007 -10"><span class='ocrx_word' id='word_1_305' title='bbox 77 1687 141 1709; x_wconf 81' lang='lat' dir='ltr'>nes</span> <span class='ocrx_word' id='word_1_306' title='bbox 178 1684 265 1718; x_wconf 87' lang='lat' dir='ltr'>opes</span> <span class='ocrx_word' id='word_1_307' title='bbox 298 1674 534 1707; x_wconf 79' lang='lat' dir='ltr'>confirmant.</span> <span class='ocrx_word' id='word_1_308' title='bbox 568 1673 673 1706; x_wconf 86' lang='lat' dir='ltr'>SCH.</span> <span class='ocrx_word' id='word_1_309' title='bbox 730 1672 849 1706; x_wconf 82' lang='lat' dir='ltr'>Allein</span> <span class='ocrx_word' id='word_1_310' title='bbox 887 1672 980 1704; x_wconf 84' lang='lat' dir='ltr'>diess</span> <span class='ocrx_word' id='word_1_311' title='bbox 1017 1675 1116 1704; x_wconf 67' lang='lat' dir='ltr'>ware</span> <span class='ocrx_word' id='word_1_312' title='bbox 1161 1671 1244 1703; x_wconf 87' lang='lat' dir='ltr'>eine</span> <span class='ocrx_word' id='word_1_313' title='bbox 1279 1669 1398 1702; x_wconf 79' lang='lat' dir='ltr'>blosse</span> <span class='ocrx_word' id='word_1_314' title='bbox 1437 1666 1546 1700; x_wconf 74' lang='lat' dir='ltr'>kahle</span> 
     </span>
     <span class='ocr_line' id='line_1_32' title="bbox 78 1713 1548 1775; baseline -0.007 -18"><span class='ocrx_word' id='word_1_315' title='bbox 78 1721 373 1766; x_wconf 74' lang='lat' dir='ltr'>VViederliolnng</span> <span class='ocrx_word' id='word_1_316' title='bbox 406 1722 471 1755; x_wconf 85' lang='lat' dir='ltr'>des</span> <span class='ocrx_word' id='word_1_317' title='bbox 505 1721 624 1754; x_wconf 84' lang='lat' dir='ltr'>sehon</span> <span class='ocrx_word' id='word_1_318' title='bbox 658 1722 852 1775; x_wconf 78' lang='lat' dir='ltr'>Gesagten.</span> <span class='ocrx_word' id='word_1_319' title='bbox 902 1720 1073 1753; x_wconf 77' lang='lat' dir='ltr'>Wieland</span> <span class='ocrx_word' id='word_1_320' title='bbox 1107 1720 1309 1752; x_wconf 75' lang='lat' dir='ltr'>iibersetzt:</span> <span class='ocrx_word' id='word_1_321' title='bbox 1344 1715 1434 1748; x_wconf 88' lang='lat' dir='ltr'>und</span> <span class='ocrx_word' id='word_1_322' title='bbox 1469 1713 1548 1747; x_wconf 79' lang='lat' dir='ltr'>auf</span> 
     </span>
    </p>
   </div>
   <div class='ocr_carea' id='block_1_15' title="bbox 20 1761 1544 1813">
    <p class='ocr_par' dir='ltr' id='par_1_15' title="bbox 20 1761 1544 1813">
     <span class='ocr_line' id='line_1_33' title="bbox 20 1761 1544 1813; baseline -0.006 -10"><span class='ocrx_word' id='word_1_323' title='bbox 20 1799 21 1803; x_wconf 74' lang='grc'>,</span> <span class='ocrx_word' id='word_1_324' title='bbox 81 1769 390 1804; x_wconf 81' lang='lat' dir='ltr'>denEinfluss</span> <span class='ocrx_word' id='word_1_325' title='bbox 415 1769 493 1802; x_wconf 80' lang='lat' dir='ltr'>des</span> <span class='ocrx_word' id='word_1_326' title='bbox 509 1770 756 1813; x_wconf 84' lang='lat' dir='ltr'>Pompeius</span> <span class='ocrx_word' id='word_1_327' title='bbox 782 1781 840 1802; x_wconf 81' lang='lat' dir='ltr'>ini</span> <span class='ocrx_word' id='word_1_328' title='bbox 867 1767 1182 1811; x_wconf 80' lang='lat' dir='ltr'>diesseitigen</span> <span class='ocrx_word' id='word_1_329' title='bbox 1203 1765 1388 1799; x_wconf 80' lang='lat' dir='ltr'>Gallien</span> <span class='ocrx_word' id='word_1_330' title='bbox 1414 1761 1544 1796; x_wconf 87' lang='lat' dir='ltr'>rech-</span> 
     </span>
    </p>
   </div>
   <div class='ocr_carea' id='block_1_16' title="bbox 77 1810 1544 1861">
    <p class='ocr_par' dir='ltr' id='par_1_16' title="bbox 77 1810 1544 1861">
     <span class='ocr_line' id='line_1_34' title="bbox 77 1810 1544 1861; baseline -0.008 -8"><span class='ocrx_word' id='word_1_331' title='bbox 77 1825 167 1854; x_wconf 85' lang='lat' dir='ltr'>net.</span> <span class='ocrx_word' id='word_1_332' title='bbox 197 1836 241 1842; x_wconf 90' lang='lat'>—</span> <span class='ocrx_word' id='word_1_333' title='bbox 277 1818 404 1861; x_wconf 75' lang='lat' dir='ltr'>quibus</span> <span class='ocrx_word' id='word_1_334' title='bbox 435 1817 468 1850; x_wconf 81' lang='lat' dir='ltr'>si</span> <span class='ocrx_word' id='word_1_335' title='bbox 497 1828 529 1849; x_wconf 84' lang='lat' dir='ltr'>n.</span> <span class='ocrx_word' id='word_1_336' title='bbox 561 1818 630 1850; x_wconf 81' lang='lat' dir='ltr'>val.</span> <span class='ocrx_word' id='word_1_337' title='bbox 662 1818 686 1850; x_wconf 90' lang='lat' dir='ltr'>i.</span> <span class='ocrx_word' id='word_1_338' title='bbox 722 1829 754 1851; x_wconf 91' lang='lat' dir='ltr'>e.</span> <span class='ocrx_word' id='word_1_339' title='bbox 788 1818 815 1850; x_wconf 88' lang='lat' dir='ltr'>si</span> <span class='ocrx_word' id='word_1_340' title='bbox 842 1817 1044 1851; x_wconf 85' lang='lat' dir='ltr'>Memmius</span> <span class='ocrx_word' id='word_1_341' title='bbox 1069 1815 1254 1859; x_wconf 83' lang='lat' dir='ltr'>intelliget</span> <span class='ocrx_word' id='word_1_342' title='bbox 1269 1813 1373 1846; x_wconf 82' lang='lat' dir='ltr'>&#39;haec</span> <span class='ocrx_word' id='word_1_343' title='bbox 1400 1812 1471 1844; x_wconf 83' lang='lat' dir='ltr'>sibi</span> <span class='ocrx_word' id='word_1_344' title='bbox 1498 1810 1544 1842; x_wconf 77' lang='lat' dir='ltr'>ad</span> 
     </span>
    </p>
   </div>
   <div class='ocr_carea' id='block_1_17' title="bbox 17 1855 1543 1906">
    <p class='ocr_par' dir='ltr' id='par_1_17' title="bbox 17 1855 1543 1906">
     <span class='ocr_line' id='line_1_35' title="bbox 17 1855 1543 1906; baseline -0.008 -5"><span class='ocrx_word' id='word_1_345' title='bbox 17 1855 22 1879; x_wconf 70' lang='lat'><em>³</em></span> <span class='ocrx_word' id='word_1_346' title='bbox 79 1867 310 1901; x_wconf 78' lang='lat' dir='ltr'>consulatum</span> <span class='ocrx_word' id='word_1_347' title='bbox 338 1864 583 1898; x_wconf 87' lang='lat' dir='ltr'>obtinendum</span> <span class='ocrx_word' id='word_1_348' title='bbox 608 1876 681 1898; x_wconf 90' lang='lat' dir='ltr'>non</span> <span class='ocrx_word' id='word_1_349' title='bbox 708 1866 888 1900; x_wconf 81' lang='lat' dir='ltr'>sufficere.</span> <span class='ocrx_word' id='word_1_350' title='bbox 915 1883 959 1889; x_wconf 93' lang='lat'>—-</span> <span class='ocrx_word' id='word_1_351' title='bbox 983 1864 1076 1906; x_wconf 84' lang='lat' dir='ltr'>fore</span> <span class='ocrx_word' id='word_1_352' title='bbox 1101 1863 1207 1906; x_wconf 60' lang='lat' dir='ltr'>aliq„</span> <span class='ocrx_word' id='word_1_353' title='bbox 1234 1862 1293 1905; x_wconf 77' lang='lat' dir='ltr'>qui</span> <span class='ocrx_word' id='word_1_354' title='bbox 1318 1887 1325 1894; x_wconf 91' lang='lat'>.</span> <span class='ocrx_word' id='word_1_355' title='bbox 1354 1887 1361 1893; x_wconf 90' lang='lat'>.</span> <span class='ocrx_word' id='word_1_356' title='bbox 1390 1884 1397 1892; x_wconf 91' lang='lat'>.</span> <span class='ocrx_word' id='word_1_357' title='bbox 1424 1859 1543 1891; x_wconf 80' lang='lat' dir='ltr'>detru-</span> 
     </span>
    </p>
   </div>
   <div class='ocr_carea' id='block_1_18' title="bbox 80 1905 1545 2005">
    <p class='ocr_par' dir='ltr' id='par_1_18' title="bbox 80 1905 1545 2005">
     <span class='ocr_line' id='line_1_36' title="bbox 80 1905 1545 1954; baseline -0.007 -7"><span class='ocrx_word' id='word_1_358' title='bbox 80 1916 161 1954; x_wconf 77' lang='lat' dir='ltr'>dat,</span> <span class='ocrx_word' id='word_1_359' title='bbox 202 1915 282 1947; x_wconf 82' lang='lat' dir='ltr'>dass</span> <span class='ocrx_word' id='word_1_360' title='bbox 316 1914 395 1947; x_wconf 83' lang='lat' dir='ltr'>sicli</span> <span class='ocrx_word' id='word_1_361' title='bbox 420 1914 534 1946; x_wconf 88' lang='lat' dir='ltr'>Einer</span> <span class='ocrx_word' id='word_1_362' title='bbox 566 1913 599 1945; x_wconf 93' lang='lat' dir='ltr'>d.</span> <span class='ocrx_word' id='word_1_363' title='bbox 632 1913 656 1945; x_wconf 90' lang='lat' dir='ltr'>i.</span> <span class='ocrx_word' id='word_1_364' title='bbox 686 1914 746 1945; x_wconf 86' lang='lat' dir='ltr'>ein</span> <span class='ocrx_word' id='word_1_365' title='bbox 773 1913 1019 1946; x_wconf 83' lang='lat' dir='ltr'>Volkstribun</span> <span class='ocrx_word' id='word_1_366' title='bbox 1054 1911 1177 1944; x_wconf 83' lang='lat' dir='ltr'>finden</span> <span class='ocrx_word' id='word_1_367' title='bbox 1212 1910 1351 1947; x_wconf 76' lang='lat' dir='ltr'>werde,</span> <span class='ocrx_word' id='word_1_368' title='bbox 1387 1907 1452 1939; x_wconf 86' lang='lat' dir='ltr'>der</span> <span class='ocrx_word' id='word_1_369' title='bbox 1485 1905 1545 1937; x_wconf 84' lang='lat' dir='ltr'>die</span> 
     </span>
     <span class='ocr_line' id='line_1_37' title="bbox 80 1951 1545 2005; baseline -0.008 -9"><span class='ocrx_word' id='word_1_370' title='bbox 80 1963 267 1998; x_wconf 79' lang='lat' dir='ltr'>Comitien</span> <span class='ocrx_word' id='word_1_371' title='bbox 295 1962 350 1994; x_wconf 89' lang='lat' dir='ltr'>bis</span> <span class='ocrx_word' id='word_1_372' title='bbox 377 1974 440 1994; x_wconf 84' lang='lat' dir='ltr'>zur</span> <span class='ocrx_word' id='word_1_373' title='bbox 465 1961 634 1994; x_wconf 82' lang='lat' dir='ltr'>Ankunft</span> <span class='ocrx_word' id='word_1_374' title='bbox 655 1961 716 1994; x_wconf 89' lang='lat' dir='ltr'>des</span> <span class='ocrx_word' id='word_1_375' title='bbox 744 1962 873 1996; x_wconf 63' lang='lat' dir='ltr'>Ciisars</span> <span class='ocrx_word' id='word_1_376' title='bbox 899 1962 948 1993; x_wconf 88' lang='lat' dir='ltr'>im</span> <span class='ocrx_word' id='word_1_377' title='bbox 978 1960 1208 2005; x_wconf 70' lang='lat' dir='ltr'>diesseitigen</span> <span class='ocrx_word' id='word_1_378' title='bbox 1242 1958 1388 1990; x_wconf 82' lang='lat' dir='ltr'>Gallien</span> <span class='ocrx_word' id='word_1_379' title='bbox 1426 1951 1545 1986; x_wconf 86' lang='lat' dir='ltr'>durch</span> 
     </span>
    </p>
   </div>
   <div class='ocr_carea' id='block_1_19' title="bbox 19 2003 1541 2055">
    <p class='ocr_par' dir='ltr' id='par_1_19' title="bbox 19 2003 1541 2055">
     <span class='ocr_line' id='line_1_38' title="bbox 19 2003 1541 2055; baseline -0.007 -11"><span class='ocrx_word' id='word_1_380' title='bbox 19 2026 22 2031; x_wconf 91' lang='lat'>·</span> <span class='ocrx_word' id='word_1_381' title='bbox 80 2011 362 2055; x_wconf 74' lang='lat' dir='ltr'>voi-gesch&#39;utzte</span> <span class='ocrx_word' id='word_1_382' title='bbox 401 2010 720 2054; x_wconf 77' lang='lat' dir='ltr'>Beobaclitungeu</span> <span class='ocrx_word' id='word_1_383' title='bbox 768 2021 826 2042; x_wconf 83' lang='lat' dir='ltr'>am</span> <span class='ocrx_word' id='word_1_384' title='bbox 870 2008 1030 2042; x_wconf 77' lang='lat' dir='ltr'>Himmel</span> <span class='ocrx_word' id='word_1_385' title='bbox 1063 2020 1097 2043; x_wconf 86' lang='grc' dir='ltr'>ιι,</span> <span class='ocrx_word' id='word_1_386' title='bbox 1137 2019 1163 2039; x_wconf 78' lang='lat' dir='ltr'>s.</span> <span class='ocrx_word' id='word_1_387' title='bbox 1204 2018 1248 2037; x_wconf 88' lang='lat' dir='ltr'>w.</span> <span class='ocrx_word' id='word_1_388' title='bbox 1284 2003 1463 2038; x_wconf 69' lang='lat' dir='ltr'>aufhalte.</span> <span class='ocrx_word' id='word_1_389' title='bbox 1505 2003 1541 2034; x_wconf 74' lang='grc'>5-</span> 
     </span>
    </p>
   </div>
   <div class='ocr_carea' id='block_1_20' title="bbox 81 2047 1544 2102">
    <p class='ocr_par' dir='ltr' id='par_1_20' title="bbox 18 2046 1544 2104">
     <span class='ocr_line' id='line_1_39' title="bbox 81 2047 1544 2102; baseline -0.009 -9.537"><span class='ocrx_word' id='word_1_390' title='bbox 81 2059 230 2094; x_wconf 86' lang='lat' dir='ltr'>Ramsh.</span> <span class='ocrx_word' id='word_1_391' title='bbox 258 2058 294 2102; x_wconf 78' lang='lat'>§-</span> <span class='ocrx_word' id='word_1_392' title='bbox 327 2059 402 2099; x_wconf 83' lang='lat'><strong>168,</strong></span> <span class='ocrx_word' id='word_1_393' title='bbox 439 2059 481 2098; x_wconf 88' lang='grc' dir='ltr'>Β,</span> <span class='ocrx_word' id='word_1_394' title='bbox 509 2058 541 2091; x_wconf 81' lang='grc'>4.</span> <span class='ocrx_word' id='word_1_395' title='bbox 570 2059 654 2091; x_wconf 88' lang='lat' dir='ltr'>Not.</span> <span class='ocrx_word' id='word_1_396' title='bbox 684 2060 714 2092; x_wconf 90' lang='lat'>1.</span> <span class='ocrx_word' id='word_1_397' title='bbox 751 2058 897 2090; x_wconf 85' lang='lat' dir='ltr'>Grotef.</span> <span class='ocrx_word' id='word_1_398' title='bbox 933 2057 963 2100; x_wconf 82' lang='lat'>§.</span> <span class='ocrx_word' id='word_1_399' title='bbox 991 2058 1071 2096; x_wconf 78' lang='lat'>310,</span> <span class='ocrx_word' id='word_1_400' title='bbox 1106 2055 1208 2086; x_wconf 68' lang='lat' dir='ltr'>Anni.</span> <span class='ocrx_word' id='word_1_401' title='bbox 1235 2056 1268 2089; x_wconf 86' lang='grc'>6.</span> <span class='ocrx_word' id='word_1_402' title='bbox 1322 2052 1398 2085; x_wconf 83' lang='lat' dir='ltr'>Zur</span> <span class='ocrx_word' id='word_1_403' title='bbox 1423 2047 1544 2083; x_wconf 86' lang='lat' dir='ltr'>Sache</span> 
     </span>
    </p>
   </div>
   <div class='ocr_carea' id='block_1_21' title="bbox 81 2096 1546 2152">
    <p class='ocr_par' dir='ltr' id='par_1_21' title="bbox 81 2096 1546 2152">
     <span class='ocr_line' id='line_1_40' title="bbox 81 2096 1546 2152; baseline -0.007 -13"><span class='ocrx_word' id='word_1_404' title='bbox 81 2108 156 2152; x_wconf 83' lang='lat' dir='ltr'>vgl.</span> <span class='ocrx_word' id='word_1_405' title='bbox 184 2118 240 2152; x_wconf 87' lang='lat' dir='ltr'>ep.</span> <span class='ocrx_word' id='word_1_406' title='bbox 270 2106 362 2141; x_wconf 82' lang='lat' dir='ltr'>cLl.</span> <span class='ocrx_word' id='word_1_407' title='bbox 391 2107 424 2139; x_wconf 83' lang='lat'>3.</span> <span class='ocrx_word' id='word_1_408' title='bbox 452 2107 487 2138; x_wconf 88' lang='lat' dir='ltr'>in</span> <span class='ocrx_word' id='word_1_409' title='bbox 514 2107 612 2139; x_wconf 86' lang='lat' dir='ltr'>med.</span> <span class='ocrx_word' id='word_1_410' title='bbox 640 2125 682 2130; x_wconf 85' lang='lat'>——</span> <span class='ocrx_word' id='word_1_411' title='bbox 718 2105 853 2138; x_wconf 73' lang='lat' dir='ltr'>Catone</span> <span class='ocrx_word' id='word_1_412' title='bbox 877 2115 996 2147; x_wconf 75' lang='lat' dir='ltr'>praes.</span> <span class='ocrx_word' id='word_1_413' title='bbox 1024 2104 1185 2136; x_wconf 80' lang='lat' dir='ltr'>absoluto</span> <span class='ocrx_word' id='word_1_414' title='bbox 1211 2103 1243 2137; x_wconf 77' lang='lat' dir='ltr'>d,</span> <span class='ocrx_word' id='word_1_415' title='bbox 1271 2103 1297 2137; x_wconf 79' lang='lat' dir='ltr'>i.</span> <span class='ocrx_word' id='word_1_416' title='bbox 1327 2101 1387 2132; x_wconf 82' lang='lat' dir='ltr'>die</span> <span class='ocrx_word' id='word_1_417' title='bbox 1415 2096 1546 2131; x_wconf 85' lang='lat' dir='ltr'>Volks-</span> 
     </span>
    </p>
   </div>
   <div class='ocr_carea' id='block_1_22' title="bbox 19 2147 1549 2295">
    <p class='ocr_par' dir='ltr' id='par_1_22' title="bbox 19 2147 1549 2295">
     <span class='ocr_line' id='line_1_41' title="bbox 20 2147 1545 2195; baseline -0.007 -6"><span class='ocrx_word' id='word_1_418' title='bbox 20 2159 22 2168; x_wconf 94' lang='lat'>&#39;</span> <span class='ocrx_word' id='word_1_419' title='bbox 80 2156 253 2189; x_wconf 70' lang='lat' dir='ltr'>triburien</span> <span class='ocrx_word' id='word_1_420' title='bbox 293 2154 436 2186; x_wconf 87' lang='lat' dir='ltr'>werden</span> <span class='ocrx_word' id='word_1_421' title='bbox 473 2155 550 2186; x_wconf 84' lang='lat' dir='ltr'>sich</span> <span class='ocrx_word' id='word_1_422' title='bbox 588 2154 680 2186; x_wconf 84' lang='lat' dir='ltr'>Alles</span> <span class='ocrx_word' id='word_1_423' title='bbox 716 2154 913 2191; x_wconf 79' lang='lat' dir='ltr'>erlauben,</span> <span class='ocrx_word' id='word_1_424' title='bbox 946 2150 1166 2195; x_wconf 80' lang='lat' dir='ltr'>vorzi&#39;iglich</span> <span class='ocrx_word' id='word_1_425' title='bbox 1199 2150 1354 2183; x_wconf 86' lang='lat' dir='ltr'>seitdem</span> <span class='ocrx_word' id='word_1_426' title='bbox 1379 2148 1424 2182; x_wconf 85' lang='lat' dir='ltr'>C.</span> <span class='ocrx_word' id='word_1_427' title='bbox 1451 2147 1545 2181; x_wconf 79' lang='lat' dir='ltr'>Cato</span> 
     </span>
     <span class='ocr_line' id='line_1_42' title="bbox 20 2193 1549 2242; baseline -0.007 -6"><span class='ocrx_word' id='word_1_428' title='bbox 20 2230 21 2242; x_wconf 49' lang='lat'>2</span> <span class='ocrx_word' id='word_1_429' title='bbox 82 2204 314 2240; x_wconf 77' lang='lat' dir='ltr'>adolescens,</span> <span class='ocrx_word' id='word_1_430' title='bbox 349 2202 414 2234; x_wconf 88' lang='lat' dir='ltr'>der</span> <span class='ocrx_word' id='word_1_431' title='bbox 446 2203 499 2235; x_wconf 85' lang='lat' dir='ltr'>als</span> <span class='ocrx_word' id='word_1_432' title='bbox 531 2202 672 2234; x_wconf 81' lang='lat' dir='ltr'>Tribun</span> <span class='ocrx_word' id='word_1_433' title='bbox 699 2203 789 2234; x_wconf 78' lang='lat' dir='ltr'>zwci</span> <span class='ocrx_word' id='word_1_434' title='bbox 813 2201 921 2235; x_wconf 84' lang='lat' dir='ltr'>Iahre</span> <span class='ocrx_word' id='word_1_435' title='bbox 948 2201 1078 2232; x_wconf 84' lang='lat' dir='ltr'>fr&#39;ulier</span> <span class='ocrx_word' id='word_1_436' title='bbox 1105 2200 1164 2231; x_wconf 79' lang='lat' dir='ltr'>die</span> <span class='ocrx_word' id='word_1_437' title='bbox 1193 2198 1378 2231; x_wconf 87' lang='lat' dir='ltr'>Comitien</span> <span class='ocrx_word' id='word_1_438' title='bbox 1404 2196 1459 2228; x_wconf 80' lang='lat' dir='ltr'>bis</span> <span class='ocrx_word' id='word_1_439' title='bbox 1485 2193 1549 2226; x_wconf 84' lang='lat' dir='ltr'>auf</span> 
     </span>
     <span class='ocr_line' id='line_1_43' title="bbox 19 2241 1546 2295; baseline -0.008 -9"><span class='ocrx_word' id='word_1_440' title='bbox 19 2250 21 2281; x_wconf 75' lang='grc' dir='ltr'><strong>ἱ</strong></span> <span class='ocrx_word' id='word_1_441' title='bbox 82 2254 145 2286; x_wconf 80' lang='lat' dir='ltr'>das</span> <span class='ocrx_word' id='word_1_442' title='bbox 171 2250 347 2295; x_wconf 74' lang='lat' dir='ltr'>folgende</span> <span class='ocrx_word' id='word_1_443' title='bbox 375 2250 462 2283; x_wconf 84' lang='lat' dir='ltr'>lahr</span> <span class='ocrx_word' id='word_1_444' title='bbox 488 2250 728 2283; x_wconf 81' lang='lat' dir='ltr'>aufzubalten</span> <span class='ocrx_word' id='word_1_445' title='bbox 758 2255 906 2294; x_wconf 77' lang='lat' dir='ltr'>gewagt</span> <span class='ocrx_word' id='word_1_446' title='bbox 941 2249 1065 2287; x_wconf 66' lang='lat' dir='ltr'>hatte,</span> <span class='ocrx_word' id='word_1_447' title='bbox 1100 2245 1393 2292; x_wconf 81' lang='lat' dir='ltr'>losgesprochen</span> <span class='ocrx_word' id='word_1_448' title='bbox 1419 2244 1477 2277; x_wconf 87' lang='lat' dir='ltr'>ist.</span> <span class='ocrx_word' id='word_1_449' title='bbox 1513 2241 1546 2274; x_wconf 87' lang='lat' dir='ltr'>S.</span> 
     </span>
    </p>
   </div>
   <div class='ocr_carea' id='block_1_23' title="bbox 19 2286 1546 2386">
    <p class='ocr_par' dir='ltr' id='par_1_23' title="bbox 19 2286 1546 2386">
     <span class='ocr_line' id='line_1_44' title="bbox 19 2286 1385 2345; baseline -0.007 -11"><span class='ocrx_word' id='word_1_450' title='bbox 19 2286 22 2335; x_wconf 46' lang='grc' dir='ltr'>Ξ</span> <span class='ocrx_word' id='word_1_451' title='bbox 83 2312 140 2345; x_wconf 89' lang='lat' dir='ltr'>ep.</span> <span class='ocrx_word' id='word_1_452' title='bbox 170 2300 267 2340; x_wconf 84' lang='lat' dir='ltr'>CIV,</span> <span class='ocrx_word' id='word_1_453' title='bbox 294 2300 325 2333; x_wconf 88' lang='grc'>6.</span> <span class='ocrx_word' id='word_1_454' title='bbox 377 2298 428 2330; x_wconf 83' lang='grc' dir='ltr'>Ει·</span> <span class='ocrx_word' id='word_1_455' title='bbox 455 2310 529 2330; x_wconf 72' lang='lat' dir='ltr'>war</span> <span class='ocrx_word' id='word_1_456' title='bbox 555 2299 599 2330; x_wconf 88' lang='lat' dir='ltr'>de</span> <span class='ocrx_word' id='word_1_457' title='bbox 626 2299 766 2331; x_wconf 85' lang='lat' dir='ltr'>ambitu</span> <span class='ocrx_word' id='word_1_458' title='bbox 792 2297 1003 2341; x_wconf 72' lang='lat' dir='ltr'>angeklagt.</span> <span class='ocrx_word' id='word_1_459' title='bbox 1031 2295 1064 2328; x_wconf 81' lang='lat' dir='ltr'>S.</span> <span class='ocrx_word' id='word_1_460' title='bbox 1092 2307 1147 2339; x_wconf 76' lang='lat' dir='ltr'>ep.</span> <span class='ocrx_word' id='word_1_461' title='bbox 1175 2294 1325 2334; x_wconf 82' lang='lat' dir='ltr'>CXLII,</span> <span class='ocrx_word' id='word_1_462' title='bbox 1353 2293 1385 2326; x_wconf 63' lang='lat' dir='ltr'>«I.</span> 
     </span>
     <span class='ocr_line' id='line_1_45' title="bbox 20 2338 1546 2386; baseline -0.007 -6"><span class='ocrx_word' id='word_1_463' title='bbox 20 2355 22 2374; x_wconf 65' lang='lat' dir='ltr'>i</span> <span class='ocrx_word' id='word_1_464' title='bbox 178 2348 210 2382; x_wconf 85' lang='lat'>3.</span> <span class='ocrx_word' id='word_1_465' title='bbox 238 2357 269 2379; x_wconf 85' lang='lat' dir='ltr'>a.</span> <span class='ocrx_word' id='word_1_466' title='bbox 297 2347 330 2379; x_wconf 80' lang='lat' dir='ltr'>d.</span> <span class='ocrx_word' id='word_1_467' title='bbox 357 2346 429 2382; x_wconf 77' lang='lat' dir='ltr'>lx.</span> <span class='ocrx_word' id='word_1_468' title='bbox 459 2346 543 2379; x_wconf 78' lang='lat' dir='ltr'>Kal.</span> <span class='ocrx_word' id='word_1_469' title='bbox 581 2347 793 2386; x_wconf 67' lang='lat' dir='ltr'>Norembr.‚</span> <span class='ocrx_word' id='word_1_470' title='bbox 830 2357 888 2377; x_wconf 83' lang='lat' dir='ltr'>am</span> <span class='ocrx_word' id='word_1_471' title='bbox 927 2346 981 2380; x_wconf 64' lang='lat'>2⁴.</span> <span class='ocrx_word' id='word_1_472' title='bbox 1020 2345 1200 2378; x_wconf 80' lang='lat' dir='ltr'>October.</span> <span class='ocrx_word' id='word_1_473' title='bbox 1242 2362 1285 2368; x_wconf 90' lang='grc'>--</span> <span class='ocrx_word' id='word_1_474' title='bbox 1320 2342 1418 2384; x_wconf 84' lang='lat' dir='ltr'>cons.</span> <span class='ocrx_word' id='word_1_475' title='bbox 1447 2338 1546 2372; x_wconf 69' lang='lat' dir='ltr'>Brit.</span> 
     </span>
    </p>
   </div>
   <div class='ocr_carea' id='block_1_24' title="bbox 19 2380 1549 2485">
    <p class='ocr_par' dir='ltr' id='par_1_24' title="bbox 19 2380 1549 2485">
     <span class='ocr_line' id='line_1_46' title="bbox 19 2380 1549 2434; baseline -0.008 -4"><span class='ocrx_word' id='word_1_476' title='bbox 19 2380 23 2426; x_wconf 55' lang='grc' dir='ltr'>ἶ</span> <span class='ocrx_word' id='word_1_477' title='bbox 84 2402 173 2430; x_wconf 77' lang='lat' dir='ltr'>statt</span> <span class='ocrx_word' id='word_1_478' title='bbox 199 2395 373 2428; x_wconf 82' lang='lat' dir='ltr'>confecto</span> <span class='ocrx_word' id='word_1_479' title='bbox 400 2405 484 2427; x_wconf 86' lang='lat' dir='ltr'>cum</span> <span class='ocrx_word' id='word_1_480' title='bbox 509 2394 698 2427; x_wconf 78' lang='lat' dir='ltr'>Britannis</span> <span class='ocrx_word' id='word_1_481' title='bbox 726 2395 836 2427; x_wconf 85' lang='lat' dir='ltr'>bello.</span> <span class='ocrx_word' id='word_1_482' title='bbox 866 2413 906 2418; x_wconf 89' lang='lat'><em>-</em></span> <span class='ocrx_word' id='word_1_483' title='bbox 946 2394 1117 2434; x_wconf 74' lang='lat' dir='ltr'>imperata</span> <span class='ocrx_word' id='word_1_484' title='bbox 1142 2397 1254 2424; x_wconf 78' lang='lat' dir='ltr'>tamen</span> <span class='ocrx_word' id='word_1_485' title='bbox 1281 2401 1382 2434; x_wconf 78' lang='lat' dir='ltr'>pec..</span> <span class='ocrx_word' id='word_1_486' title='bbox 1416 2386 1549 2429; x_wconf 80' lang='lat' dir='ltr'>(nach-</span> 
     </span>
     <span class='ocr_line' id='line_1_47' title="bbox 20 2436 1549 2485; baseline -0.006 -11"><span class='ocrx_word' id='word_1_487' title='bbox 20 2443 23 2474; x_wconf 71' lang='grc' dir='ltr'>ζ</span> <span class='ocrx_word' id='word_1_488' title='bbox 86 2446 169 2477; x_wconf 87' lang='lat' dir='ltr'>dem</span> <span class='ocrx_word' id='word_1_489' title='bbox 202 2444 271 2485; x_wconf 84' lang='lat' dir='ltr'>sie)</span> <span class='ocrx_word' id='word_1_490' title='bbox 302 2443 391 2475; x_wconf 85' lang='lat' dir='ltr'>aber</span> <span class='ocrx_word' id='word_1_491' title='bbox 423 2440 522 2475; x_wconf 83' lang='lat' dir='ltr'>doch</span> <span class='ocrx_word' id='word_1_492' title='bbox 556 2443 626 2475; x_wconf 90' lang='lat' dir='ltr'>den</span> <span class='ocrx_word' id='word_1_493' title='bbox 667 2443 920 2476; x_wconf 83' lang='lat' dir='ltr'>Einwolineru</span> <span class='ocrx_word' id='word_1_494' title='bbox 954 2442 1034 2472; x_wconf 84' lang='lat' dir='ltr'>eine</span> <span class='ocrx_word' id='word_1_495' title='bbox 1069 2441 1330 2475; x_wconf 78' lang='lat' dir='ltr'>Contribution</span> <span class='ocrx_word' id='word_1_496' title='bbox 1366 2436 1549 2478; x_wconf 80' lang='lat' dir='ltr'>auferlegt</span> 
     </span>
    </p>
   </div>
   <div class='ocr_carea' id='block_1_25' title="bbox 20 2486 1549 2582">
    <p class='ocr_par' dir='ltr' id='par_1_25' title="bbox 20 2486 1549 2582">
     <span class='ocr_line' id='line_1_48' title="bbox 20 2486 1548 2542; baseline -0.007 -17"><span class='ocrx_word' id='word_1_497' title='bbox 20 2490 22 2542; x_wconf 41' lang='grc' dir='ltr'><strong>ᾗ</strong></span> <span class='ocrx_word' id='word_1_498' title='bbox 85 2493 224 2526; x_wconf 80' lang='lat' dir='ltr'>hatten.</span> <span class='ocrx_word' id='word_1_499' title='bbox 253 2509 293 2515; x_wconf 90' lang='lat'>—-</span> <span class='ocrx_word' id='word_1_500' title='bbox 318 2490 487 2534; x_wconf 73' lang='lat' dir='ltr'>proximo</span> <span class='ocrx_word' id='word_1_501' title='bbox 512 2504 559 2521; x_wconf 65' lang='lat' dir='ltr'><em>z</em></span> <span class='ocrx_word' id='word_1_502' title='bbox 585 2492 762 2534; x_wconf 78' lang='lat' dir='ltr'>proxime,</span> <span class='ocrx_word' id='word_1_503' title='bbox 790 2491 880 2524; x_wconf 85' lang='lat' dir='ltr'>kurz</span> <span class='ocrx_word' id='word_1_504' title='bbox 907 2488 1053 2522; x_wconf 86' lang='lat' dir='ltr'>vorhcr.</span> <span class='ocrx_word' id='word_1_505' title='bbox 1107 2492 1334 2532; x_wconf 82' lang='lat' dir='ltr'>Corruptum</span> <span class='ocrx_word' id='word_1_506' title='bbox 1358 2486 1428 2518; x_wconf 83' lang='lat' dir='ltr'>hoc</span> <span class='ocrx_word' id='word_1_507' title='bbox 1455 2494 1548 2516; x_wconf 87' lang='lat' dir='ltr'>non—</span> 
     </span>
     <span class='ocr_line' id='line_1_49' title="bbox 20 2534 1549 2582; baseline -0.004 -9"><span class='ocrx_word' id='word_1_508' title='bbox 20 2546 23 2566; x_wconf 76' lang='lat'><em>=</em></span> <span class='ocrx_word' id='word_1_509' title='bbox 86 2540 196 2573; x_wconf 77' lang='lat' dir='ltr'>nullis</span> <span class='ocrx_word' id='word_1_510' title='bbox 225 2539 425 2572; x_wconf 85' lang='lat' dir='ltr'>videbatur.</span> <span class='ocrx_word' id='word_1_511' title='bbox 484 2537 662 2572; x_wconf 81' lang='lat' dir='ltr'>Defendit</span> <span class='ocrx_word' id='word_1_512' title='bbox 694 2539 939 2582; x_wconf 81' lang='lat' dir='ltr'>Oudendorp.</span> <span class='ocrx_word' id='word_1_513' title='bbox 977 2538 1021 2570; x_wconf 82' lang='lat' dir='ltr'>ad</span> <span class='ocrx_word' id='word_1_514' title='bbox 1059 2538 1190 2581; x_wconf 74' lang='lat' dir='ltr'>Appul.</span> <span class='ocrx_word' id='word_1_515' title='bbox 1228 2537 1264 2569; x_wconf 71' lang='lat' dir='ltr'>T,</span> <span class='ocrx_word' id='word_1_516' title='bbox 1300 2538 1328 2569; x_wconf 89' lang='lat'>1.</span> <span class='ocrx_word' id='word_1_517' title='bbox 1367 2544 1402 2576; x_wconf 82' lang='lat' dir='ltr'>p.</span> <span class='ocrx_word' id='word_1_518' title='bbox 1429 2534 1483 2567; x_wconf 78' lang='lat'>2⁰.</span> <span class='ocrx_word' id='word_1_519' title='bbox 1513 2538 1549 2562; x_wconf 88' lang='lat' dir='ltr'>et</span> 
     </span>
    </p>
   </div>
   <div class='ocr_carea' id='block_1_26' title="bbox 85 2580 1545 2628">
    <p class='ocr_par' dir='ltr' id='par_1_26' title="bbox 85 2580 1545 2628">
     <span class='ocr_line' id='line_1_50' title="bbox 85 2580 1545 2628; baseline -0.005 -8"><span class='ocrx_word' id='word_1_520' title='bbox 85 2587 273 2623; x_wconf 78' lang='lat' dir='ltr'>Charisius</span> <span class='ocrx_word' id='word_1_521' title='bbox 298 2588 458 2628; x_wconf 71' lang='lat' dir='ltr'>proximo</span> <span class='ocrx_word' id='word_1_522' title='bbox 484 2587 630 2619; x_wconf 77' lang='lat' dir='ltr'>adverb.</span> <span class='ocrx_word' id='word_1_523' title='bbox 665 2588 798 2619; x_wconf 80' lang='lat' dir='ltr'>tribuit</span> <span class='ocrx_word' id='word_1_524' title='bbox 834 2587 1014 2617; x_wconf 74' lang='lat' dir='ltr'>Ciceroni.</span> <span class='ocrx_word' id='word_1_525' title='bbox 1055 2583 1245 2617; x_wconf 76' lang='lat' dir='ltr'>ORELLI.</span> <span class='ocrx_word' id='word_1_526' title='bbox 1284 2602 1328 2607; x_wconf 78' lang='lat'><em>-</em></span> <span class='ocrx_word' id='word_1_527' title='bbox 1361 2592 1392 2613; x_wconf 82' lang='lat' dir='ltr'>a.</span> <span class='ocrx_word' id='word_1_528' title='bbox 1420 2581 1450 2613; x_wconf 77' lang='lat' dir='ltr'>d.</span> <span class='ocrx_word' id='word_1_529' title='bbox 1483 2580 1545 2612; x_wconf 77' lang='lat'>1&#39;1.</span> 
     </span>
    </p>
   </div>
   <div class='ocr_carea' id='block_1_27' title="bbox 20 2629 1551 2772">
    <p class='ocr_par' dir='ltr' id='par_1_27' title="bbox 20 2629 1551 2772">
     <span class='ocr_line' id='line_1_51' title="bbox 20 2629 1548 2680; baseline -0.003 -12"><span class='ocrx_word' id='word_1_530' title='bbox 20 2631 23 2680; x_wconf 47' lang='grc' dir='ltr'>ζ</span> <span class='ocrx_word' id='word_1_531' title='bbox 88 2635 172 2668; x_wconf 79' lang='lat' dir='ltr'>Kal.</span> <span class='ocrx_word' id='word_1_532' title='bbox 202 2634 361 2676; x_wconf 56' lang='lat' dir='ltr'>Octobr„</span> <span class='ocrx_word' id='word_1_533' title='bbox 388 2635 457 2667; x_wconf 85' lang='lat' dir='ltr'>den</span> <span class='ocrx_word' id='word_1_534' title='bbox 488 2636 544 2668; x_wconf 82' lang='lat'>25.</span> <span class='ocrx_word' id='word_1_535' title='bbox 571 2635 798 2679; x_wconf 77' lang='lat' dir='ltr'>September.</span> <span class='ocrx_word' id='word_1_536' title='bbox 819 2653 859 2658; x_wconf 91' lang='lat'>--</span> <span class='ocrx_word' id='word_1_537' title='bbox 893 2633 1107 2671; x_wconf 67' lang='lat' dir='ltr'>Britannia,</span> <span class='ocrx_word' id='word_1_538' title='bbox 1135 2632 1222 2665; x_wconf 87' lang='lat' dir='ltr'>Cld.</span> <span class='ocrx_word' id='word_1_539' title='bbox 1246 2629 1548 2674; x_wconf 71' lang='lat' dir='ltr'>Malasp.1..amb.</span> 
     </span>
     <span class='ocr_line' id='line_1_52' title="bbox 21 2678 1550 2724; baseline -0.005 -9"><span class='ocrx_word' id='word_1_540' title='bbox 21 2688 23 2700; x_wconf 89' lang='lat'><strong>¹</strong></span> <span class='ocrx_word' id='word_1_541' title='bbox 88 2694 104 2714; x_wconf 73' lang='lat' dir='ltr'>e</span> <span class='ocrx_word' id='word_1_542' title='bbox 134 2682 337 2715; x_wconf 72' lang='lat' dir='ltr'>Britannia.</span> <span class='ocrx_word' id='word_1_543' title='bbox 367 2701 408 2706; x_wconf 86' lang='lat'><strong>—</strong></span> <span class='ocrx_word' id='word_1_544' title='bbox 437 2683 687 2724; x_wconf 71' lang='lat' dir='ltr'>reportabant,</span> <span class='ocrx_word' id='word_1_545' title='bbox 722 2683 770 2714; x_wconf 85' lang='lat' dir='ltr'>sie</span> <span class='ocrx_word' id='word_1_546' title='bbox 801 2693 923 2714; x_wconf 80' lang='lat' dir='ltr'>waren</span> <span class='ocrx_word' id='word_1_547' title='bbox 953 2683 1001 2713; x_wconf 90' lang='lat' dir='ltr'>im</span> <span class='ocrx_word' id='word_1_548' title='bbox 1031 2682 1186 2724; x_wconf 75' lang='lat' dir='ltr'>Begriff,</span> <span class='ocrx_word' id='word_1_549' title='bbox 1221 2678 1279 2711; x_wconf 84' lang='lat' dir='ltr'>ihr</span> <span class='ocrx_word' id='word_1_550' title='bbox 1307 2682 1400 2712; x_wconf 70' lang='lat' dir='ltr'>neor</span> <span class='ocrx_word' id='word_1_551' title='bbox 1428 2681 1550 2710; x_wconf 80' lang='lat' dir='ltr'>einzu-</span> 
     </span>
     <span class='ocr_line' id='line_1_53' title="bbox 20 2726 1551 2772; baseline -0.005 -9"><span class='ocrx_word' id='word_1_552' title='bbox 20 2742 23 2772; x_wconf 49' lang='grc' dir='ltr'><strong>ᾗ</strong></span> <span class='ocrx_word' id='word_1_553' title='bbox 87 2729 246 2763; x_wconf 76' lang='lat' dir='ltr'>schiffen</span> <span class='ocrx_word' id='word_1_554' title='bbox 276 2729 350 2762; x_wconf 85' lang='lat' dir='ltr'>und</span> <span class='ocrx_word' id='word_1_555' title='bbox 377 2741 438 2762; x_wconf 80' lang='lat' dir='ltr'>aus</span> <span class='ocrx_word' id='word_1_556' title='bbox 466 2730 554 2764; x_wconf 86' lang='lat' dir='ltr'>Brit.</span> <span class='ocrx_word' id='word_1_557' title='bbox 583 2731 677 2763; x_wconf 73' lang='lat' dir='ltr'>nach</span> <span class='ocrx_word' id='word_1_558' title='bbox 708 2731 850 2762; x_wconf 68' lang='lat' dir='ltr'>Gallieni</span> <span class='ocrx_word' id='word_1_559' title='bbox 882 2729 1015 2761; x_wconf 67' lang='lat' dir='ltr'>zururk</span> <span class='ocrx_word' id='word_1_560' title='bbox 1045 2741 1086 2761; x_wconf 79' lang='grc' dir='ltr'>ιιι</span> <span class='ocrx_word' id='word_1_561' title='bbox 1114 2728 1260 2762; x_wconf 78' lang='lat' dir='ltr'>sulii-en,</span> <span class='ocrx_word' id='word_1_562' title='bbox 1292 2746 1328 2750; x_wconf 90' lang='lat'>-——</span> <span class='ocrx_word' id='word_1_563' title='bbox 1362 2728 1402 2763; x_wconf 74' lang='lat' dir='ltr'>Q,</span> <span class='ocrx_word' id='word_1_564' title='bbox 1429 2726 1551 2762; x_wconf 70' lang='lat' dir='ltr'>I&#39;tlmv,</span> 
     </span>
    </p>
   </div>
   <div class='ocr_carea' id='block_1_28' title="bbox 0 0 38 3006">
    <p class='ocr_par' dir='ltr' id='par_1_28' title="bbox 0 0 38 3006">
     <span class='ocr_line' id='line_1_54' title="bbox 0 0 38 3006; baseline 0 0"><span class='ocrx_word' id='word_1_565' title='bbox 0 0 38 3006; x_wconf 95' lang='lat' dir='ltr'> </span> 
     </span>
    </p>
   </div>
  </div>
 </body>
</html>
