1742 3006
145 47 241 94 226
415 46 482 89 M.
513 46 568 88 T.
600 40 943 90 CICERONIS
975 40 1357 88 EPISTOLAE.

150 163 284 205 Meae
329 158 668 211 obiurgationes
719 155 902 198 suerunt
954 156 1121 197 amoris
1160 155 1469 211 plenissimae,
1525 172 1641 215 quae

152 223 256 259 sunt
292 216 533 265 nonnulla,
590 212 669 252 sod
711 217 861 254 tamen
901 212 1153 253 mediocria
1207 215 1253 251 et
1290 225 1431 266 parva
1473 217 1637 267 potius.

154 276 256 329 Ego
286 277 331 313 te
360 283 582 323 uunquam
614 269 710 310 nlla
738 269 785 309 in
816 282 865 309 re
896 268 1082 321 dignum
1112 269 1298 309 minima
1327 268 1638 323 reprehensio-

156 345 209 371 ne
239 332 490 384 putassem,
520 338 655 379 quum
687 329 731 366 te
760 324 1043 365 sanctissime
1073 336 1281 377 gerni-05,
1311 326 1400 365 nisi
1430 326 1642 368 inimicos

154 387 321 427 multos
360 381 639 422 haberemus.
708 380 837 430 Quae
881 379 940 421 ad
969 384 1013 420 te
1043 380 1198 434 aliqua
1227 380 1535 423 admonitione
1563 386 1643 423 aut

155 439 466 492 obiurgatione
488 437 676 491 scripsi,
727 436 893 490 scripsi
923 439 1109 490 propter
1151 436 1441 490 diligentiaun
1471 439 1643 479 cautio-

155 499 223 536 nis
263 507 414 546 meae,
454 494 500 532 in
531 506 619 547 qua
648 494 694 533 et
722 505 879 533 maneo
911 496 956 532 et
984 492 1196 545 manebo,
1235 496 1304 545 et,
1344 493 1464 534 idem
1494 498 1544 534 ut
1573 492 1641 535 sa-

87 554 266 605 14(-iaS‚
296 564 383 591 non
413 549 627 590 desistam
658 561 834 600 rogare.
900 547 1082 588 Attalus
1113 546 1439 603 Ilyphemenus
1469 562 1643 593 mecum

153 609 271 663 egit,
320 610 370 646 ut
398 619 446 646 se
473 619 528 645 ne
559 604 820 658 impedires,
849 616 936 657 quo
967 604 1131 654 minus,
1161 604 1281 657 quod
1310 605 1370 645 ad
1400 605 1454 654 Q.
1485 605 1642 646 Publi-

632 732 813 778 Κρεῖσσον
836 729 909 776 γὰρ
936 728 1087 770 §ganas
1111 730 1247 764 θανεῖν

535 776 587 814 ’Ἡ
606 777 671 819 τὰς
694 775 839 818 ἁπάσας
861 776 997 824 ἡμέρας
1020 775 1172 821 πάσχειν
1197 776 1326 818 κακῶς·

155 835 243 878 Quo
278 831 341 865 ms
374 829 542 863 infelicis
575 828 682 863 dicto
713 828 876 874 Quintus
909 827 1163 872 significarat,
1200 828 1273 860 sibi
1294 827 1388 862 adeo
1412 839 1540 862 caram
1566 839 1645 862 esse

154 879 475 914 existimationem
509 889 634 918 suam,
681 883 726 910 ut
757 876 816 910 vel
849 877 947 909 mori
974 876 1101 921 potius
1128 876 1275 920 cupiat,
1325 888 1440 921 quam
1471 878 1645 922 quotidie

155 929 256 963 male
282 928 423 962 audire.
448 945 493 951 -—
528 926 683 959 Maiora
707 925 782 959 ista
806 928 932 966 erunt,
966 925 1005 956 in
1032 924 1098 957 der
1123 924 1363 970 Aussiihrung
1387 925 1485 959 wird
1509 926 1645 959 Beides

157 978 347 1011 schwerer
371 975 466 1015 sein,
492 974 546 1008 als
571 974 632 1007 Du
658 973 728 1008 Dir
753 972 950 1006 vorstelist.
1003 973 1059 1006 Zu
1085 973 1221 1005 beiden
1248 973 1342 1006 wird
1367 973 1407 1006 iu
1435 973 1502 1006 der
1526 974 1645 1018 Folge

157 1025 276 1061 Mein·
300 1024 489 1069 gebin-en,
533 1021 585 1055 :ds
610 1023 672 1054 Du
696 1021 767 1060 Dir
791 1021 881 1054 ietzt
905 1020 1096 1054 vielleicht
1121 1021 1318 1056 vorstellst.
1376 1021 1642 1056 IVIELAND.

155 1075 182 1107 i.
210 1086 245 1111 e.
273 1072 479 1106 maioribus
506 1069 757 1103 incommodis
782 1070 857 1103 ista
880 1076 989 1103 eruut
1013 1069 1248 1103 reservanda.
1301 1069 1498 1104 ORELLJ.
1556 1070 1645 1104 Ma-

156 1124 246 1156 dora
281 1121 377 1163 ista,
419 1130 525 1163 quam
550 1128 652 1151 meae
677 1118 953 1160 obiurgationes
969 1117 1129 1159 suerunt
1153 1116 1296 1151 Schiitz
1322 1130 1419 1164 susp.
1469 1119 1547 1151 Det
1572 1119 1644 1151 Zu-

156 1169 434 1212 sammenhang
467 1167 536 1200 ist:
586 1165 717 1200 Meine
742 1166 1079 1211 Vermahmmgen,
1119 1165 1182 1199 die
1215 1167 1275 1199 Du
1310 1165 1645 1211 Ausscheltuugen

154 1216 488 1261 (obiurgationes)
520 1221 682 1256 nennst,
731 1213 877 1247 hiittest
911 1215 969 1248 Du
1003 1214 1112 1247 nicht
1144 1226 1185 1248 so
1209 1214 1390 1248 schlimm
1415 1215 1645 1248 aufnelnnen

154 1266 234 1300 und
260 1264 399 1298 darauf
420 1263 529 1296 nicht
561 1262 632 1296 mit
655 1263 764 1295 ieneu
789 1264 930 1296 Versen
953 1273 994 1295 so
1020 1268 1168 1296 ernsten
1193 1264 1319 1296 Tenes
1345 1262 1546 1296 erwiedern
1570 1263 1645 1297 sol-

155 1316 241 1354 lem
281 1313 380 1346 deun
414 1312 468 1344 sie
499 1322 626 1344 waren
659 1311 778 1344 voller
808 1310 924 1343 Liebe
955 1310 1034 1343 und
1068 1309 1289 1344 briiderlich
1321 1311 1500 1355 gemeint.
1525 1328 1571 1335 —
1609 1314 1644 1344 et

154 1372 288 1406 parva.
345 1360 409 1393 Sic
442 1358 524 1392 Md.
550 1358 644 1393 edd.
671 1359 796 1403 Regii.
821 1358 927 1391 Vict.
956 1359 989 1394 1.
1019 1359 1054 1394 2.
1089 1359 1189 1391 Man.
1223 1358 1316 1392 hall.
1343 1359 1538 1392 nonnullae
1562 1382 1572 1392 .
1598 1383 1608 1392 .
1635 1384 1643 1392 .

154 1411 360 1444 mediocres
385 1433 394 1441 .
419 1433 426 1440 .
456 1433 466 1442 .
490 1417 630 1450 parvae
655 1407 755 1440 Crat.
783 1406 912 1440 Lamb.
938 1406 1027 1440 Ern.
1052 1405 1142 1441 Sch.
1181 1406 1465 1451 „dei-gleichen
1489 1407 1565 1441 wol
1590 1406 1644 1440 ei-

154 1459 247 1503 nige
272 1456 422 1501 wenige
446 1457 523 1489 mir
549 1456 784 1500 entschliipst
809 1454 913 1498 sind,
953 1454 1091 1488 iedoch
1124 1465 1165 1489 so
1191 1455 1391 1500 ermiissigt
1415 1454 1491 1503 tir-151
1514 1454 1643 1497 milde,

157 1508 240 1540 dass
275 1508 329 1538 sie
360 1504 475 1538 kanni
512 1503 584 1535 den
622 1504 768 1536 Namen
808 1503 1093 1548 obiurgationes
1127 1502 1371 1537 verdienen.“
1441 1503 1546 1539 Uber
1586 1503 1648 1536 die

155 1554 339 1598 Enallage
363 1552 527 1586 secunda
552 1552 790 1585 inmonnulla
824 1575 834 1585 .
861 1575 870 1585 .
897 1576 906 1584 .
938 1550 1142 1585 mediocria
1174 1577 1183 1585 .
1217 1576 1226 1583 .
1257 1575 1266 1584 .
1295 1561 1414 1595 parra
1437 1562 1464 1584 s.
1490 1551 1647 1586 Ramsh.

156 1604 194 1648 ς.
228 1604 313 1638 206.
349 1600 401 1642 Α,
434 1601 475 1641 2,
515 1600 551 1634 b.
591 1600 685 1633 iiber
717 1599 888 1632 nonnulla
923 1611 951 1632 s.
980 1599 1129 1632 Ranish.
1162 1601 1192 1643 ἕ.
1230 1600 1320 1639 160,
1363 1600 1399 1635 2.
1425 1598 1520 1634 Not.
1546 1600 1581 1642 5,
1607 1599 1646 1633 b.

147 1653 191 1695 ⁴§.
221 1651 301 1692 173,
326 1650 363 1690 3,
392 1660 426 1681 c.
456 1647 609 1682 Grotef.
638 1649 668 1691 §.
696 1648 779 1684 293.
805 1666 850 1671 —
894 1651 1032 1687 sanct„
1064 1647 1102 1680 in
1127 1647 1250 1680 einem
1275 1646 1400 1680 hohen
1427 1646 1554 1680 Grade
1577 1658 1648 1680 un-

158 1697 347 1733 striiflich.
374 1716 419 1721 —
469 1695 590 1739 aliqua
624 1696 768 1730 admon.
802 1695 935 1728 Lamb.
968 1705 1045 1727 cum
1070 1695 1196 1737 aliqua
1222 1695 1363 1728 admon.
1413 1694 1453 1729 si
1479 1706 1556 1728 cum
1581 1707 1646 1728 ex-

159 1747 276 1787 cidit,
313 1751 393 1778 erat
431 1744 557 1789 potius
589 1749 675 1786 post
707 1755 739 1775 v.
773 1743 908 1786 aliqua.
956 1742 1038 1777 Mel.
1066 1744 1179 1777 Oxou.
1206 1744 1237 1778 2.
1266 1743 1361 1776 Vict.
1389 1744 1412 1778 2
1447 1743 1647 1777 monitione

158 1795 233 1837 (ad
257 1795 478 1837 absorptum
504 1803 524 1824 a
550 1791 663 1823 litera
689 1790 962 1836 praecedente)
990 1792 1185 1825 ORELLI.
1211 1809 1256 1816 —-
1305 1795 1427 1834 propt.
1452 1792 1517 1824 dil.
1546 1795 1646 1830 caut,

158 1855 229 1883 m.‚
279 1842 316 1874 in
344 1852 414 1884 qua
440 1866 451 1876 ,
481 1864 513 1879 .,
547 1839 637 1872 weil
661 1839 726 1871 ich
754 1839 823 1871 der
847 1839 1029 1884 Bffeinung
1055 1839 1117 1872 bin
1133 1865 1144 1882 ‚
1193 1851 1279 1873 man
1306 1839 1426 1873 k'ciune
1451 1839 1558 1873 nicht
1582 1840 1646 1873 be-

158 1891 360 1924 behutsani
387 1899 508 1934 genug
534 1887 630 1919 sein:
658 1887 716 1920 bei
744 1886 909 1920 welches
934 1887 1100 1920 Maxime
1126 1912 1134 1920 .
1159 1910 1170 1921 .
1203 1910 1212 1920 .

260 1939 314 1972 14.
353 1935 609 1980 Ilypleenemns.
660 1935 721 1968 Sic
755 1935 839 1968 Md.
877 1936 996 1970 Oxou.
1034 1937 1066 1970 2.
1102 1936 1203 1970 Vict.
1239 1937 1274 1971 2.
1307 1934 1515 1979 Iphememcs
1547 1937 1645 1972 Cett.

159 1993 310 2032 praeter
334 1985 480 2023 Lamb„
507 1984 587 2028 qni:
616 1982 832 2026 Iphimemzs.
857 2002 901 2007 —
929 1993 1065 2016 mecum
1090 1984 1189 2025 egit,
1215 1984 1280 2016 hat
1306 1985 1409 2017 mich
1434 1995 1500 2017 um
1525 1986 1648 2018 meiue

165 2034 422 2077 Verwendung
456 2032 517 2064 bei
552 2031 624 2063 Dit
656 2041 918 2078 angegangen.
954 2050 998 2055 —
1024 2035 1062 2063 ut
1089 2056 1097 2064 .
1125 2056 1133 2064 .
1162 2042 1215 2065 ne.
1265 2031 1299 2065 S.
1325 2032 1478 2066 Ramsh.
1501 2033 1536 2076 ὓ.
1565 2035 1646 2075 193,

164 2087 194 2117 l.
224 2084 252 2123 §.
284 2084 363 2123 173,
393 2084 422 2115 l.
450 2080 599 2113 Grotef.
627 2081 656 2121 ᾗ.
675 2080 757 2113 4⁰0.
782 2098 824 2103 -
854 2090 920 2122 qno
946 2080 1057 2112 minus
1084 2104 1093 2114 .
1122 2106 1130 2113 .
1159 2105 1167 2112 .
1195 2083 1429 2121 erogaretur,
1458 2080 1540 2114 dass
1566 2081 1646 2115 ilum

163 2132 228 2163 das
262 2142 307 2163 zu
341 2130 445 2162 einer
476 2127 662 2161 Bildsiiule
695 2127 759 2160 des
785 2128 825 2169 Q.
852 2128 889 2160 Ρ.
917 2127 1118 2160 decretirte
1145 2128 1240 2160 Geld
1264 2128 1481 2173 ausger-abit
1507 2129 1645 2163 werde.

163 2171 266 2212 Uber
297 2189 365 2220 quo
396 2176 515 2210 minus
550 2188 575 2208 s.
604 2176 755 2208 Grotef.
781 2178 811 2220 ᾖ.
847 2176 925 2209 403.
954 2176 1108 2211 Ramsh.
1135 2178 1162 2220 ξ.
1191 2177 1272 2215 193.
1300 2178 1333 2217 l,
1360 2178 1393 2211 2.
1421 2195 1464 2201 —
1506 2178 1546 2212 Q.
1569 2178 1644 2211 Ρη-

162 2227 303 2259 bliceni.
363 2226 512 2259 Nomen
547 2230 775 2269 corruptum.
813 2224 854 2258 Q.
891 2223 1051 2256 Publicii
1076 2224 1132 2256 vel
1170 2224 1211 2258 P.
1246 2224 1393 2258 Globuli
1425 2224 1511 2258 Sch.
1544 2236 1643 2270 susp.

163 2274 361 2308 ORELLJ.
413 2273 450 2306 P.
477 2272 663 2305 Globulus
689 2272 781 2305 wird
805 2271 874 2306 695
905 2271 958 2303 als
984 2272 1142 2304 Praetor
1165 2273 1272 2305 Asiae
1299 2273 1338 2305 in
1365 2273 1431 2306 der
1456 2274 1561 2307 Orat.
1586 2285 1644 2318 pr.

160 2324 289 2356 Flacc.
317 2334 349 2354 e.
376 2322 433 2355 32.
460 2321 505 2353 311
533 2321 721 2360 erwahnu
763 2320 810 2352 ist
840 2320 916 2353 also
942 2321 1019 2352 wol
1043 2320 1110 2353 der
1135 2321 1373 2364 Naclisolger
1398 2321 1461 2354 des
1487 2320 1645 2362 Quintus

163 2372 341 2404 daselbst.
391 2369 445 2401 Er
472 2380 547 2401 war
573 2379 635 2400 aus
658 2368 725 2401 der
749 2378 839 2412 gens
864 2366 1034 2400 Servilia.
1092 2367 1248 2410 Quintus
1274 2367 1466 2402 Publicius
1499 2370 1547 2402 ist
1580 2370 1645 2402 da-

162 2430 283 2464 gegen
319 2418 439 2450 sehon
474 2418 542 2451 688
576 2417 616 2448 in
648 2416 715 2450 der
746 2416 852 2450 Rode
887 2427 955 2460 pro
993 2417 1131 2449 cluent.
1168 2429 1200 2451 c.
1229 2417 1272 2450 15
1303 2416 1356 2448 als
1389 2423 1541 2460 praetor
1579 2428 1643 2462 ge-

164 2474 293 2500 nannt.
350 2464 531 2508 publicam
565 2464 715 2500 Gruter.
753 2464 812 2497 ed.
841 2466 918 2497 len.
969 2464 1173 2498 vielleicht
1205 2464 1346 2508 publice
1371 2465 1551 2507 positam,
1579 2467 1645 2500 uus

163 2514 382 2549 ‘eft'entliche
414 2514 554 2545 Kosten
580 2513 787 2553 errichtet3
833 2512 924 2544 oder
948 2523 1034 2545 man
1061 2513 1137 2545 lese
1162 2515 1211 2546 ad
1238 2514 1276 2548 Q.
1302 2512 1533 2555 (Ciceronis)
1565 2518 1642 2547 sta-

162 2567 261 2595 tuam
289 2562 429 2606 publice
463 2562 562 2594 decr.
596 2565 671 2599 cst,
711 2561 745 2593 ei
776 2570 881 2602 erog.
922 2561 1032 2593 Noch
1070 2561 1197 2595 besser
1231 2560 1424 2595 vielleicht
1449 2563 1498 2594 ad
1523 2560 1643 2596 Quinti

159 2611 315 2648 Pietati,
353 2608 572 2643 Clmnentiae
605 2610 685 2642 scil.
723 2614 995 2641 consecratam.
1068 2610 1160 2643 Dass
1194 2610 1279 2643 dem
1317 2608 1470 2649 Quintus
1503 2610 1640 2643 Cicero

155 2670 228 2691 von
264 2659 337 2690 den
373 2657 519 2690 Asiaten
554 2657 710 2701 Tenipel
745 2656 819 2688 und
850 2657 1003 2689 Statue-n
1040 2659 1224 2691 errichtet
1257 2657 1362 2697 sind,
1414 2657 1534 2690 haben
1571 2659 1638 2690 wit

153 2707 250 2740 oben
276 2708 328 2739 im
355 2707 482 2739 sostei»
512 2706 640 2738 Rriuse
660 2707 688 2749 §.
719 2706 764 2740 26
790 2715 821 2737 ιι.
848 2706 905 2738 3⁰.
933 2706 988 2739 31.
1016 2707 1180 2750 gelvsen.
1240 2705 1440 2738 vicileicht
1467 2717 1544 2740 war
1571 2706 1638 2738 At-
