1742 3006
376 63 696 112 EPISTOLA
725 61 955 106 cxxm.
987 58 1215 107 CXXIV.
1451 55 1544 105 397

57 193 239 223 cronem
269 179 386 222 tanti
418 177 548 229 facis,
578 177 784 231 ignoscas
812 173 929 216 mihi
958 174 1110 218 velim.
1170 171 1276 226 Sed,
1304 170 1345 213 si
1375 183 1445 212 me
1475 171 1545 213 di-

57 238 191 292 ligis,
247 235 469 291 postridie
525 232 719 275 Kalend.
771 244 915 273 coena
962 230 1083 284 apud
1131 243 1202 271 me
1250 241 1352 269 cum
1399 227 1541 269 Pilia.

58 294 255 335 Prorsus
284 292 334 332 id
364 289 519 332 facies.
577 287 774 330 Kalend.
804 287 957 342 cogito
986 287 1033 326 in
1063 284 1212 327 hortis
1242 283 1544 338 Crassipedis,

59 349 188 404 quasi
229 348 277 388 in
315 344 605 396 deversorio,
648 357 852 386 coenare.
937 342 1079 384 Facio
1120 340 1325 383 fraudem
1365 343 1544 381 senatus

0 424 4 426 ·
58 404 278 446 consulto.
348 402 461 443 Inde
499 400 680 441 domum
720 402 956 452 coenatus,
1010 400 1060 437 ut
1088 397 1174 438 sim
1204 410 1332 438 mane
1362 399 1542 451 praesto

58 459 241 502 Miloni.
309 458 381 499 Ibi
422 460 465 498 te
506 457 648 508 igitur
685 456 849 499 videbo
878 459 925 498 et
952 454 1240 509 promovebo,
1298 453 1472 494 Domus
1500 455 1546 493 te

61 521 215 558 nostra
243 516 340 557 tota
367 513 546 556 salutat.
1148 529 1149 532 =

245 673 564 717 EPISTOLA
594 672 822 716 CXXIV.
881 672 961 723 (ad
990 672 1098 714 Div.
1129 669 1238 713 VII.
1268 667 1358 718 23.)

62 749 208 796 Scripta
233 751 395 791 Romae,
443 760 541 783 anno
569 749 716 782 incerto
743 747 913 793 quidem,
942 748 1005 782 sed
1031 748 1189 781 fortasse
1215 751 1342 779 tamen
1369 744 1408 777 A.
1435 742 1480 777 U.
1506 741 1547 777 C.

342 799 425 834 699.
458 798 507 841 (a.
537 799 576 831 C.
603 799 678 841 55.)
712 803 797 843 post
822 796 990 831 reditum
1017 808 1059 829 ex
1084 794 1273 840 Arpinati.

61 867 117 900 Do
150 865 262 912 signis
295 877 315 899 a
348 865 460 899 Gallo
493 864 669 898 Ciceroni
702 863 848 909 emptis.
886 865 971 899 1-3.
1024 863 1070 896 de
1097 863 1208 896 domo
1242 861 1290 894 ab
1325 870 1369 893 eo
1403 859 1548 892 Romae

335 919 480 959 empta,
509 919 549 946 ut
573 913 611 945 in
636 912 775 945 vicinia
802 911 995 945 Ciceronis
1019 911 1220 945 habitaret.
1247 909 1282 945 ⁴1>
1460 906 1464 909 ’

414 998 597 1033 CICERO
623 999 658 1032 S.
686 999 734 1032 D.
761 999 815 1033 M.
842 996 990 1032 FABIO
1018 996 1197 1031 GALLO.

176 1069 371 1112 Tantum
401 1066 521 1122 quod
551 1079 612 1107 ex
640 1066 852 1121 Arpinati
879 1077 1112 1119 veneram,
1142 1076 1278 1119 quum
1306 1060 1423 1105 mihi
1451 1073 1479 1102 a
1506 1063 1550 1101 te

0 1150 1 1153 =
67 1126 227 1167 literae
259 1124 464 1166 redditae
495 1126 622 1164 sunt:
675 1124 731 1163 ab
772 1121 1018 1176 eodemque
1049 1121 1206 1176 accepi
1234 1119 1420 1161 Avianii
1449 1117 1552 1158 lite-

0 1199 3 1229 ,ι
67 1195 168 1231 ras,
214 1181 261 1222 in
291 1180 450 1236 quibus
481 1177 571 1220 hoc
601 1178 751 1220 inerat
780 1178 1167 1230 liberalissimum,
1196 1176 1380 1218 nomina
1407 1187 1455 1215 se
1485 1172 1552 1214 fa-

66 1242 256 1291 cturum,
285 1250 421 1292 quum
449 1236 663 1286 venisset,
693 1247 782 1290 qua
810 1248 892 1290 ego
921 1234 1089 1277 vellem
1118 1232 1204 1274 die.
1260 1232 1380 1284 Fac,
1419 1241 1554 1285 quae-

72 1309 1537 1323 Μ

1 1345 3 1358 “
65 1361 181 1397 Attio.
208 1360 297 1400 vn,
327 1362 371 1395 13
396 1360 609 1403 (cccvn).
670 1360 774 1395 Mela
800 1362 852 1403 11,
878 1361 912 1395 4,
949 1378 993 1385 -
1031 1352 1135 1395 Uber
1162 1359 1258 1394 tanti
1272 1360 1412 1402 facere
1436 1369 1486 1388 Ξ
1511 1367 1552 1389 ω

2 1410 3 1413 ’
68 1411 142 1444 viel
168 1410 236 1443 auf
260 1409 379 1442 Einen
409 1409 552 1450 halten,
580 1420 608 1442 s.
635 1409 786 1442 Grotef.
812 1412 841 1454 §.
868 1410 951 1452 238,
977 1411 1014 1446 2.
1042 1410 1178 1454 Zumpt
1201 1411 1229 1453 ξ.
1256 1408 1338 1443 444.
1365 1425 1408 1431 ——
1432 1408 1553 1449 posi-'⁷'-

3 1474 7 1491 ·.
70 1458 172 1497 Kal..
198 1469 259 1491 am
285 1459 319 1494 2.
346 1458 410 1490 des
436 1457 692 1490 kommenden
717 1458 913 1494 Monaths.
963 1476 1007 1483 --
1057 1458 1157 1501 apud
1186 1467 1256 1498 me,
1298 1454 1400 1490 domi
1435 1464 1553 1491 meae,

3 1537 7 1545 ,
68 1518 181 1552 quum
207 1506 342 1540 urbem
367 1505 531 1541 rediero.
558 1522 602 1531 -·
629 1506 744 1546 Pilia,
769 1506 887 1539 Attici
914 1517 1017 1540 uxor.
1052 1523 1097 1531 --
1142 1505 1352 1550 Crassipes,
1387 1502 1555 1535 Cicero’s

5 1574 7 1580 v
67 1553 406 1608 Schwiegersohn,
453 1554 578 1588 besass
607 1565 735 1599 grosse
761 1554 835 1587 und
859 1553 1062 1600 prachtige
1089 1554 1231 1588 G'arten
1258 1565 1303 1587 an
1330 1553 1397 1586 der
1423 1550 1554 1584 Tiber.

6 1631 7 1634 ,
70 1622 115 1629 -
148 1613 250 1647 quast
275 1602 312 1636 in
336 1603 566 1644 deversorio,
617 1604 691 1636 wie
723 1603 785 1636 ein
820 1603 1030 1636 Reisender
1062 1604 1116 1636 im
1143 1602 1339 1637 Gasthofe.
1392 1618 1435 1625 --
1484 1599 1558 1633 Fa·

70 1651 126 1685 cio
167 1651 370 1695 fraudem,
419 1650 487 1685 ich
536 1651 652 1696 spiele
706 1652 863 1695 Betrug‚
912 1652 1114 1685 iibertrete.
1166 1670 1211 1676 -
1268 1651 1432 1690 domum,
1480 1647 1556 1681 Ro-

72 1711 171 1734 mam
196 1699 386 1733 rediturus
411 1710 501 1733 sum.
527 1718 572 1725 -—
615 1699 766 1735 .Milom‘.
815 1701 858 1733 In
884 1700 1050 1733 welcher
1075 1698 1224 1741 Sache‚
1260 1700 1308 1732 ist
1332 1695 1436 1730 nicht
1461 1695 1558 1728 auf’s

6 1742 11 1762 ²
71 1749 182 1782 Klare
209 1759 255 1781 zu
280 1748 452 1793 bringen.
479 1766 522 1773 —-
571 1749 788 1792 promovebo
813 1749 838 1783 i.
865 1759 900 1785 e.
926 1755 965 1781 te
991 1760 1033 1782 ex
1061 1748 1175 1782 domo
1209 1754 1272 1781 tua
1299 1745 1483 1779 deducam
1508 1741 1556 1776 ad

9 1804 11 1806 '
71 1808 131 1831 me
158 1802 353 1839 cenatum,
396 1802 441 1830 ut
475 1802 582 1830 recte
615 1797 780 1841 explicat
808 1796 991 1831 Tunstall.
1027 1809 1061 1842 p.
1096 1799 1153 1833 97.
1189 1795 1308 1830 ERN.
1376 1792 1438 1826 sic
1469 1792 1555 1828 Md.

8 1852 12 1865 ⁸
44 1865 47 1868 -
71 1848 154 1878 Asc.
190 1847 221 1879 l.
256 1846 358 1880 Crat.
395 1845 504 1881 Vict.
539 1847 574 1881 l.
602 1845 634 1879 2.
661 1846 754 1879 Ern.
789 1844 878 1880 Sch.
904 1847 999 1881 Liin.
1022 1844 1243 1889 promonebo
1270 1839 1389 1884 (ἅπαξ
1414 1836 1557 1887 hyda.)

73 1893 162 1926 cdd.
189 1893 336 1927 decurt.
364 1894 540 1926 Tornaes.
567 1895 652 1927 Bos.
679 1894 818 1931 Graev.
843 1894 1083 1937 praemonebo
1118 1893 1206 1934 (ich
1238 1891 1359 1926 werde
1385 1890 1483 1924 Dich
1507 1899 1557 1921 an

73 1942 166 1976 Dein
197 1941 458 1987 Versprechen
484 1941 681 1982 erinnern)
713 1941 758 1974 de
784 1943 940 1988 Malasp.
968 1954 1064 1988 susp.
1091 1942 1219 1978 Lamb.
1243 1938 1439 1986 perridebo
1464 1936 1554 1972 Cld.

73 1990 218 2033 Lamb„
243 1990 325 2035 ipso
352 1990 548 2035 probante.
578 1989 774 2025 ORELLI.

204 2056 381 2091 GALLO.
430 2056 467 2090 S.
496 2069 538 2091 zu
565 2069 623 2104 ep.
652 2057 753 2096 XCI.

174 2108 204 2140 l.
242 2105 393 2139 Tantum
427 2106 521 2149 quod
552 2120 601 2138 z
635 2117 705 2140 nur
737 2106 856 2149 eben,
891 2118 931 2141 so
958 2108 1066 2145 eben.
1115 2108 1150 2141 S.
1180 2106 1328 2140 Grotef.
1357 2106 1386 2149 ξ.
1413 2104 1496 2145 439,
1522 2105 1557 2136 4.

74 2153 181 2189 Anm.
217 2154 353 2199 Zumpt
378 2154 411 2197 ἕ.
440 2155 520 2190 728.
546 2174 588 2180 -
624 2155 791 2189 Αυίαηίί.
824 2156 885 2189 Sic
911 2157 996 2190 Md.
1027 2157 1121 2190 Vict.
1149 2158 1182 2191 l.
1211 2157 1243 2191 2.
1270 2154 1402 2189 Lamb.
1427 2152 1493 2186 hic
1521 2157 1560 2183 et

75 2203 188 2236 infra.
223 2201 360 2235 Aviani
386 2206 481 2235 cett.
517 2203 735 2237 Evander
767 2205 885 2238 nahm
918 2206 971 2239 als
1004 2204 1300 2249 Freigelassener
1325 2203 1385 2235 die
1410 2202 1561 2236 Namen

78 2251 197 2284 seines
227 2251 410 2293 Patrons,
463 2250 526 2283 des
552 2252 779 2285 Riimischen
806 2255 951 2287 Ritters
976 2253 1158 2287 Aemilius
1184 2252 1363 2294 Avianus,
1389 2262 1458 2291 an,
1484 2247 1561 2281 und

75 2298 247 2332 handelte
274 2298 373 2331 dann
399 2299 451 2331 als
477 2299 677 2334 Bildhauer
702 2301 771 2334 mit
796 2302 952 2346 eigenen
980 2303 1052 2335 und
1078 2301 1246 2336 fremden
1272 2297 1560 2334 Kunstwerken.

76 2347 153 2381 Mit
178 2348 259 2380 ihm
299 2347 404 2380 hatte
431 2347 559 2380 Gallus
584 2351 622 2381 in
648 2349 816 2384 Cicero's
841 2352 987 2384 Namen
1014 2351 1123 2385 einen
1149 2349 1302 2384 solchen
1329 2345 1475 2382 Handel
1498 2344 1562 2377 fiir

79 2395 207 2429 dessen
242 2396 496 2429 Tusculanum
528 2397 827 2442 abgeschlossen.
887 2392 992 2433 Uber
1026 2398 1196 2432 Evander
1229 2399 1389 2432 Avianus
1414 2407 1442 2428 s.
1467 2393 1559 2426 Plin.

78 2445 122 2476 Η·
149 2445 195 2477 N·
223 2444 390 2482 XXXVI·
417 2445 451 2478 5.
487 2445 616 2480 Horat.
643 2445 720 2480 Sat.
750 2448 780 2487 1,
807 2447 844 2488 3,
871 2448 928 2481 91.
971 2447 1220 2493 Cannegieter
1247 2447 1390 2480 dissert.
1426 2442 1473 2474 de
1499 2452 1561 2473 ae-

80 2498 157 2524 tate
183 2498 220 2524 et
246 2492 331 2526 stilo
354 2492 499 2526 Aviani.
526 2511 571 2518 —
598 2494 755 2534 liberal„
783 2494 848 2528 das
874 2495 1101 2538 Ho'flichste,
1128 2495 1308 2539 Giitigste
1334 2492 1395 2525 bei
1421 2490 1562 2523 seinem

79 2540 256 2573 sordiden
289 2540 448 2575 Handel.
481 2542 626 2575 Ironie!
678 2561 722 2567 —
771 2554 862 2576 nom.
892 2553 931 2576 se
948 2544 1062 2586 sace„
1089 2546 1113 2578 i.
1141 2555 1174 2578 e.
1201 2542 1385 2589 pecuniae
1412 2538 1564 2571 debitae

79 2599 260 2622 summam
286 2588 322 2620 in
348 2589 490 2622 tabulas
516 2590 721 2624 relaturum
748 2598 785 2625 et
819 2591 958 2625 harum
984 2593 1243 2638 apographum
1270 2587 1447 2625 Ciceroni
1474 2586 1561 2619 mis-

80 2648 228 2679 surum,
272 2636 325 2668 ita
358 2643 400 2670 ut
428 2639 600 2672 Ciceroni
634 2640 703 2684 ipsi
730 2640 977 2684 permitteret,
1005 2653 1080 2685 quo
1106 2640 1166 2672 die
1193 2638 1392 2684 pecuniam
1419 2635 1561 2668 solvere

79 2685 198 2718 vellet.
226 2677 442 2719 SCHUTZ.
471 2697 539 2727 „er
564 2687 671 2720 wolle
697 2689 733 2720 in
761 2689 828 2720 der
854 2689 1067 2733 Rechnung
1093 2689 1162 2721 den
1180 2687 1441 2734 Zahlungstag
1465 2694 1560 2728 ganz

80 2733 178 2767 nach
212 2733 376 2767 incincm
411 2734 587 2768 Bcheben
626 2735 892 2770 bestimmen.“
928 2755 970 2762 -
1011 2737 1085 2770 Fae
1119 2750 1166 2767 Ξ
1202 2736 1322 2780 finge,
1366 2732 1467 2767 hilde
1494 2731 1560 2765 Dit
