1742 3006
546 83 856 129 EPISTOLA
897 84 1067 127 LXIII.
1462 84 1552 132 251

71 202 171 243 erit.
238 199 403 255 Spero,
442 199 481 239 si
509 198 616 253 quid
645 210 744 239 mea
772 209 870 251 spes
898 195 1031 238 habet
1058 195 1361 249 auctoritatis,
1401 197 1481 237 tibi
1511 202 1556 239 et

70 257 370 311 integritatem
409 257 530 296 tuam
580 257 625 294 et
663 266 858 295 amorem
899 253 945 292 in
981 258 1026 294 te
1064 253 1258 294 civitatis
1303 257 1346 294 et
1389 253 1556 307 aliquid

73 314 206 355 etiam
244 309 599 355 misericordiam
637 310 778 352 nostri
821 308 1032 363 praesidii
1070 309 1271 350 laturam.
1342 308 1419 350 Sin
1465 309 1555 350 eris

71 370 126 410 ab
154 370 241 410 isto
271 367 466 423 periculo
495 378 685 419 vacuus,
725 379 830 420 ages
869 365 1062 416 scilicet,
1101 365 1140 405 si
1179 364 1284 419 quid
1324 365 1556 419 agi.posse

72 425 127 466 de
154 424 278 465 nobis
306 422 494 478 putabis.
562 421 634 463 De
677 436 762 476 quo
805 421 1004 462 scribunt
1033 419 1090 461 ad
1126 434 1196 460 me
1226 420 1401 475 quidem
1429 421 1556 462 multi

71 481 209 522 multa
237 483 280 520 et
319 491 366 519 se
404 490 583 533 sperare
624 477 952 519 demonstrant:
991 476 1070 518 sed
1100 489 1206 530 ego,
1237 476 1342 530 quid
1369 490 1556 531 sperem,

5 536 8 550 '
71 550 158 578 non
187 534 401 590 dispicio,
440 548 571 589 quum
600 534 772 575 inimici
800 534 1037 588 plurimum
1066 532 1262 583 valeant,
1295 533 1427 573 amici
1455 546 1557 588 par-

4 593 8 608 *
70 593 152 632 tim
182 590 458 632 deseruerint
486 603 580 640 me,
610 591 772 643 partim
802 590 936 631 etiam
958 588 1265 644 prodiderint:
1296 589 1370 642 qui
1389 588 1436 628 in
1458 602 1558 630 meo

3 678 7 693 .
70 647 218 689 reditu
247 647 438 688 fortasse
467 644 854 701 reprehensionem
894 645 964 686 sui
1008 645 1191 686 sceleris
1232 644 1556 698 pertimescant.

71 702 184 756 Sed,
223 703 311 745 ista
339 702 486 756 qualia
515 703 624 754 sint,
665 707 712 743 tu
741 702 874 744 velim
911 700 1157 756 perspicias
1186 700 1384 754 mihique
1413 700 1554 741 decla-

70 771 156 801 res,
213 759 312 813 Ego
342 765 513 812 tamen,
545 758 752 813 quamdiu
780 758 864 799 tibi
894 771 1002 811 opus
1035 757 1145 808 erit,
1176 757 1215 797 si
1243 757 1350 810 quid
1372 757 1559 810 periculi

71 815 345 856 subeundum
382 814 577 867 videbis,
614 815 782 864 vivam3
823 813 989 854 diutius
1029 812 1075 853 in
1112 812 1198 853 hac
1226 813 1319 853 vita
1348 826 1443 853 esso
1473 825 1560 854 non

71 884 260 926 possum.
318 870 473 925 Neque
503 871 620 911 enim
649 874 818 911 tantum
846 870 1010 911 virium
1049 869 1180 910 habet
1216 869 1307 908 ulla
1343 871 1419 909 aut
1457 883 1561 922 pru-

71 927 222 967 dentia
258 930 333 967 aut
368 926 597 978 doctrina,
637 929 685 967 ut
722 929 891 967 tantum
932 925 1131 966 dolorem
1160 924 1301 979 possit
1329 924 1560 965 sustinere.

73 981 178 1024 Scio
218 981 355 1024 fuisse
393 986 436 1023 et
474 981 699 1023 honestius
739 982 956 1023 moriendi
994 985 1165 1035 tempus
1195 983 1238 1021 et
1265 980 1442 1021 utilius:
1479 980 1560 1021 sed
1597 981 1624 1022 6

73 1051 158 1079 non
186 1038 272 1079 hoc
300 1039 463 1091 solum,
492 1039 630 1079 multa
661 1039 748 1079 alia
776 1037 1083 1093 praetermisi:
1123 1048 1235 1090 quae
1264 1036 1303 1076 si
1332 1036 1457 1090 queri
1486 1050 1561 1077 ve-

71 1095 150 1135 lim
179 1095 442 1149 praeterita,
471 1092 581 1134 nihil
611 1107 764 1147 agam,
794 1094 880 1135 nisi
908 1098 956 1134 ut
983 1105 1164 1147 augeam
1195 1091 1395 1133 dolorem
1424 1096 1563 1145 tuum,

75 1150 270 1191 indicem
308 1150 541 1191 stultitiam
581 1164 737 1192 meam.
814 1149 934 1190 Illud
974 1149 1153 1204 quidem
1191 1161 1272 1189 nec
1310 1148 1563 1190 faciendum

74 1209 143 1247 est
180 1219 262 1247 nec
298 1205 398 1247 fieri
427 1210 595 1260 potest,
632 1220 704 1247 me
734 1206 924 1255 diutius,
964 1219 1095 1260 quam
1133 1209 1210 1245 aut
1238 1208 1361 1245 tuum
1391 1208 1562 1259 tempus

73 1265 149 1303 aut
184 1262 316 1305 firma
352 1276 452 1316 spes
494 1262 760 1318 postulabit,
810 1262 858 1303 in
897 1266 987 1303 tam
1023 1261 1189 1302 misera
1225 1263 1404 1314 tamque
1444 1260 1563 1314 turpi

73 1319 169 1359 vita
206 1318 496 1359 commorari:
549 1321 620 1369 ut,
670 1318 745 1372 qui
792 1317 926 1358 modo
978 1317 1122 1357 fratre
1160 1316 1349 1367 fuerim,
1394 1316 1561 1368 liberis,

76 1374 286 1428 coniuge,
326 1373 491 1426 copiis,
530 1386 689 1427 genere
717 1374 814 1427 ipso
844 1373 1057 1428 pecuniae
1086 1371 1391 1424 beatissimus,
1421 1371 1564 1426 digni-

76 1433 191 1481 tate,
222 1430 510 1481 auctoritate,
541 1429 890 1481 existimatione,
921 1429 1067 1482 gratia
1085 1441 1172 1469 non
1191 1427 1404 1478 inferior,
1434 1442 1563 1482 quam

76 1486 150 1538 qui
179 1498 367 1539 unquam
397 1484 576 1526 suerunt
605 1485 892 1539 amplissimi,
930 1486 970 1526 is
1008 1498 1123 1525 nunc
1165 1484 1214 1524 in
1253 1482 1338 1524 hac
1375 1487 1466 1524 tam
1495 1484 1563 1524 af-

75 1540 199 1582 flicta
226 1541 482 1594 perditaque
512 1541 691 1582 fortuna
720 1554 858 1595 neque
886 1554 956 1581 me
985 1553 1126 1594 neque
1146 1553 1268 1580 meos
1289 1540 1439 1594 lugere
1467 1538 1565 1580 diu-

75 1597 163 1637 tius
184 1597 363 1649 possim.
422 1595 572 1645 Quare
594 1597 699 1651 quid
719 1596 775 1637 ad
792 1609 863 1638 me
886 1595 1106 1650 scripsisti
1126 1595 1180 1636 de
1210 1594 1562 1650 permutatione?
1600 1596 1628 1637 7

75 1653 200 1706 quasi
227 1666 334 1694 vero
362 1665 476 1693 nunc
505 1667 576 1693 me
605 1667 690 1694 non
719 1657 820 1694 tuae
861 1653 1097 1693 facultates
1137 1652 1393 1693 sustineant.
1462 1651 1565 1700 Qua

76 1709 122 1749 in
152 1721 200 1749 re.
227 1710 325 1764 ipsa
352 1709 481 1750 video
511 1709 647 1750 miser
675 1713 720 1750 et
747 1709 912 1762 sentio,
942 1708 1048 1764 quid
1078 1708 1261 1749 sceleris
1291 1708 1562 1758 admiserim,

76 1834 279 1868 tundarum
307 1841 556 1882 accusaretur.
582 1854 629 1860 -
656 1836 890 1869 auctoritatis
915 1835 938 1869 i.
956 1846 986 1869 e.
1014 1836 1044 1870 si
1071 1835 1183 1868 modo
1200 1846 1281 1881 spes
1299 1847 1380 1869 mea
1398 1835 1470 1869 tibi
1488 1847 1564 1870 non

77 1893 172 1915 vana
191 1882 395 1917 videbitur.
421 1877 637 1918 SGHUTZ.
666 1904 708 1908 —
736 1884 880 1928 aliquid
893 1883 1030 1931 gehort
1052 1896 1096 1917 zu
1109 1884 1295 1927 praesidii.
1313 1903 1357 1909 —
1380 1884 1562 1927 periculo,

76 1931 335 1965 accusationis.
370 1951 414 1957 —
448 1942 557 1974 ages,
594 1943 632 1965 so
665 1932 802 1965 handle
838 1933 904 1965 fiir
936 1932 1052 1965 mich.
1081 1952 1124 1957 —-
1158 1933 1235 1974 agi.
1263 1933 1343 1966 Md.
1378 1943 1398 1966 a
1422 1943 1480 1977 pr.
1507 1944 1561 1967 m.

77 1978 197 2012 Oxon.
225 1979 261 2014 2.
299 1977 399 2012 Vict.
428 1982 459 2014 l.
487 1981 518 2014 2.
546 1990 672 2021 agere.
706 1997 749 2003 -—-
784 1981 844 2024 qui
869 1994 918 2011 z
944 1979 996 2013 ita
1031 1986 1073 2014 ut
1100 2004 1107 2013 .
1135 2005 1142 2012 .
1170 2009 1176 2016 .
1205 1981 1489 2026 pertimescant.
1517 1999 1561 2004 —

75 2026 306 2070 perspicere,
333 2026 414 2060 sich
431 2027 589 2061 wonaeh
605 2027 802 2071 umsehen,
829 2027 1092 2075 erkundigen3
1119 2028 1323 2070 declarare,
1349 2026 1562 2061 berichten.

78 2092 122 2098 —
149 2074 315 2117 quamdiu
341 2078 369 2107 t.
398 2086 486 2119 opus·
510 2077 601 2116 erit,
629 2086 667 2109 so
693 2076 806 2124 lange
833 2088 869 2109 es
896 2076 970 2109 Dir
995 2089 1043 2109 zu
1068 2078 1194 2109 Etwas
1219 2078 1359 2109 niitzen
1386 2076 1498 2109 kann.
1518 2094 1562 2100 ——

76 2123 289 2166 prudentia,
317 2123 377 2156 (lic
403 2123 617 2169 praktische
645 2123 887 2170 Philosophie
913 2125 965 2158 im
988 2126 1150 2172 GegenS.
1177 2135 1251 2158 von
1277 2124 1468 2163 doctrina,
1496 2124 1564 2157 der

76 2169 369 2204 theoretischen.

173 2220 211 2255 6.
237 2217 433 2253 honestius.
460 2219 496 2253 S.
522 2220 593 2265 Ep.
622 2220 698 2260 Lx,
725 2222 758 2255 2.
786 2233 846 2254 am
872 2221 999 2262 Ende;
1026 2220 1145 2260 LXII,
1171 2221 1202 2255 2.
1230 2231 1289 2253 am
1316 2218 1434 2254 Ende.
1461 2219 1559 2260 LIX,

80 2268 113 2301 Δ.
141 2284 183 2290 -
210 2267 324 2299 multa
349 2267 437 2306 alia,
464 2277 597 2301 wovor
617 2270 722 2302 etiam
738 2281 786 2302 zu
812 2272 1014 2311 erganzen.
1045 2287 1087 2293 —-
1116 2272 1212 2301 tuum
1239 2272 1395 2312 tempus,
1436 2268 1560 2300 Deine

77 2315 292 2349 Umst‘dnde.
344 2315 416 2349 Ein
443 2315 643 2350 besonders
668 2327 740 2351 von
765 2316 1042 2350 bedenklichen
1061 2316 1261 2350 Processen
1281 2316 1452 2349 iiblicher
1468 2315 1561 2347 Aus-

79 2361 215 2398 druck.
267 2363 373 2398 Orat.
401 2363 534 2397 Manil.
560 2366 598 2398 1:
631 2377 756 2398 meum
783 2370 931 2410 tempus
956 2365 1167 2398 amicorum
1193 2365 1414 2407 temporibus
1439 2369 1561 2396 trans-

78 2410 313 2444 mittendum.
350 2422 420 2456 pro
456 2412 578 2445 Planc-
604 2414 668 2448 32:
706 2413 796 2457 quid
823 2425 843 2446 a
870 2424 929 2446 me
959 2413 1137 2455 cuiusque
1167 2418 1316 2457 tempus
1349 2416 1489 2455 poscat.
1517 2429 1562 2434 —

81 2466 217 2498 genere
247 2459 326 2501 ipso
358 2460 549 2503 pecuniae,
590 2462 690 2504 quod
723 2460 847 2506 copias
882 2471 958 2494 non
995 2461 1104 2494 malis
1136 2460 1277 2493 artibus
1311 2464 1561 2502 compararat,

82 2504 145 2537 sed
170 2507 397 2549 parsimonia
423 2515 459 2541 et
481 2507 770 2545 hereditatibus,
798 2519 890 2551 quae
917 2508 987 2542 eia
1004 2509 1092 2542 viris
1111 2509 1218 2541 bonis
1243 2512 1424 2541 venerant
1450 2506 1560 2539 bene-

82 2552 270 2586 volentiae
296 2566 401 2589 causa
427 2561 463 2588 et
489 2555 657 2590 honoris.
690 2557 922 2591 ERNES'J'I.

178 2602 211 2634 7.
240 2601 282 2633 (Ie
303 2603 590 2648 permulalimte,
614 2616 686 2638 von
713 2605 942 2651 Erborgung·
967 2606 1033 2638 auf
1057 2602 1248 2637 VVechsel
1275 2603 1366 2636 oder
1393 2601 1557 2635 Auszah-

82 2647 175 2690 lung
209 2648 330 2682 durch
363 2650 565 2685 Wechsel.
608 2653 644 2687 S.
677 2653 723 2686 ad
754 2654 842 2687 Div.
871 2654 940 2693 111,
968 2655 1001 2687 5.
1029 2652 1074 2684 ad
1100 2651 1212 2683 Attio.
1240 2653 1281 2690 V,
1312 2652 1366 2685 13.
1401 2651 1472 2684 Pis.
1502 2653 1555 2685 21.

81 2695 241 2739 Quintus
266 2696 369 2730 hatte
397 2697 477 2732 ihm
504 2700 580 2733 also
607 2699 875 2747 geschrieben,
902 2712 944 2733 er
969 2700 1079 2733 wolle
1106 2698 1186 2730 ihm
1212 2697 1331 2731 durch
1350 2698 1553 2732 &Vcclnsel-

82 2743 229 2777 anleihe
257 2755 330 2778 von
356 2746 451 2780 Rom
478 2758 541 2780 aus
567 2747 708 2782 helsen.
738 2770 775 2775 -—
814 2748 984 2789 sceleris,
1021 2745 1182 2781 niiunlich
1218 2746 1296 2780 dass
1329 2758 1387 2784 cr,
1423 2752 1555 2781 anstatt
