1742 3006
570 67 889 111 EPISTOLA
921 69 1057 110 VIII.
1510 70 1560 114 17

82 183 148 222 rei
179 182 531 222 consolationem
562 179 619 220 ad
651 183 694 219 te
725 179 779 220 L.
811 178 1040 221 Saufeium
1085 182 1321 222 missurum
1362 195 1458 222 esse
1489 195 1559 222 ar—

79 239 236 279 bitror.
294 237 389 278 Nos
427 234 503 276 hic
544 240 588 276 te
618 235 673 276 ad
712 249 908 276 mensem
948 237 1204 277 Ianuarium
1232 243 1559 291 exspectamus,
1598 234 1624 271 2

77 307 137 333 ex
179 293 372 348 quodam
419 305 621 343 rumore,
660 304 716 331 an
756 305 815 332 ex
854 293 1002 332 literis
1032 294 1122 333 tuis
1153 293 1209 334 ad
1239 294 1354 335 alios
1385 292 1564 335 missis?

79 349 194 390 Nam
225 348 280 390 ad
322 362 393 388 me
432 347 488 388 de
530 361 582 387 eo
621 346 736 386 nihil
774 349 1015 402 scripsisti.
1075 349 1240 401 Signa,
1281 363 1392 403 quae
1434 350 1564 389 nobis

81 406 276 456 curasti,
307 417 360 445 ea
389 408 489 444 sunt
520 403 577 443 ad
609 403 812 444 Caietam
843 405 1063 457 exposita.
1123 405 1218 445 Nos
1249 418 1300 445 ea
1330 419 1417 444 non
1447 405 1563 446 vidi-

80 474 199 509 mus3
256 473 399 514 neque
442 460 560 499 enim
603 459 800 499 exeundi
841 459 985 500 Roma
1033 464 1229 512 potestas
1282 462 1409 501 nobis
1459 460 1562 502 suit.

78 517 286 557 Misimus
328 517 404 569 qui
438 529 519 569 pro
549 519 736 555 vectura
765 515 977 556 solveret.
1037 516 1105 556 Te
1135 517 1321 556 multum
1354 530 1564 568 amamus,

80 571 201 625 quod
241 584 294 612 ea
333 572 409 612 abs
451 577 495 611 te
538 570 786 625 diligenter
815 585 1042 626 parvoque
1071 575 1226 613 curata
1256 578 1357 613 sunt
1429 573 1562 623 Quod
1602 568 1628 606 3

79 628 138 668 ad
166 641 237 667 me
267 641 400 681 saepe
439 627 665 681 scripsisti
706 627 761 668 de
799 633 952 668 nostro
995 629 1140 668 amico
1182 629 1428 681 placando,
1474 628 1562 670 feci

79 688 125 724 et
163 687 374 737 expertus
414 697 510 723 sum
547 683 723 732 omnia3
780 683 857 723 sed
902 684 1153 723 mirandum
1193 684 1238 723 in
1280 685 1457 725 modum
1497 691 1565 725 est

80 736 228 780 animo
258 739 539 787 abalienato;
584 740 742 793 quibus
781 739 837 780 de
876 741 1221 793 suspicionibus,
1262 742 1345 781 etsi
1386 741 1565 781 audisse

79 800 124 836 te
153 795 364 848 arbitror,
394 799 542 836 tamen
572 808 631 835 ex
661 809 753 847 me,
784 809 917 849 quum
947 797 1139 846 veneris,
1171 809 1426 849 cognosces.
1469 798 1565 838 Sal-

80 851 267 892 lustium
306 856 587 905 praesentem
629 852 868 892 restituere
909 852 954 891 in
1003 853 1096 892 eius
1136 857 1334 892 veterem
1374 855 1564 906 gratiam

77 920 166 947 non
206 908 347 960 potui.
417 907 519 947 Hoc
547 907 605 947 ad
635 912 679 948 te
709 908 896 961 scripsi,
939 908 1059 962 quod
1098 908 1137 948 is
1168 921 1237 948 me
1269 922 1480 949 accusare
1511 909 1568 949 de

78 967 124 1003 te
154 964 339 1004 solebat.
404 964 464 1004 At
494 964 541 1003 in
571 977 617 1004 se
649 969 861 1018 expertus
892 968 959 1004 est
991 965 1118 1004 illum
1149 977 1245 1004 esse
1275 966 1419 1005 minus
1459 979 1567 1006 exo-

84 1096 311 1143 eingesetzte
356 1093 602 1128 allie'hrliche
636 1096 877 1136 Bundesfest‚
910 1098 992 1131 dem
1031 1097 1178 1142 Iupiter
1210 1097 1279 1130 auf
1310 1096 1393 1129 dem
1421 1097 1571 1129 Albani-

85 1144 201 1178 schen
226 1144 346 1190 Berge
366 1143 585 1188 prachtvoll
602 1145 767 1191 gefeiert
789 1147 834 1185 (s.
857 1146 943 1182 Liv.
971 1148 1027 1185 22,
1048 1149 1079 1179 l.
1106 1147 1165 1184 31,
1185 1147 1227 1180 16
1254 1147 1351 1184 32,1,
1371 1146 1492 1184 31132.
1511 1147 1570 1183 35,

83 1194 118 1226 3.
144 1193 220 1228 bes.
247 1193 282 1230 5,
324 1193 362 1225 17
399 1204 437 1227 u.
478 1193 553 1233 19.)
580 1204 661 1226 war
691 1193 864 1227 diessmal
897 1206 971 1227 von
999 1194 1071 1227 den
1098 1195 1304 1232 Consulen,
1333 1194 1476 1226 welche
1511 1193 1572 1227 die

85 1240 171 1274 zeit
210 1240 402 1272 desselben
430 1241 683 1280 bestimmten,
712 1242 751 1274 in
777 1242 847 1274 den
867 1242 1116 1287 §psthherbst
1142 1241 1378 1275 verschoben
1402 1241 1573 1274 worden.

87 1307 130 1313 —
153 1290 192 1321 in
206 1288 306 1330 offic.
326 1299 396 1320 non
422 1299 571 1330 mmzer„
598 1289 775 1322 mochten
804 1290 865 1322 die
892 1292 1056 1324 fromme
1074 1289 1220 1322 Pflicht
1250 1288 1353 1322 wohl
1374 1301 1444 1335 gar
1467 1288 1573 1322 nicht

85 1336 194 1376 thuri,
222 1335 454 1369 beobachten
481 1337 632 1379 diii-fen,
666 1337 700 1370 d.
726 1337 766 1372 h.
797 1338 860 1370 das
886 1341 970 1371 Fest
1010 1337 1164 1371 m'ochte
1201 1338 1396 1370 aussallen.
1463 1338 1576 1370 Iener

84 1382 281 1417 Ausdruck
315 1384 448 1416 wiirde
484 1383 594 1417 nicht
627 1397 674 1418 zu
702 1384 856 1418 Latinae
881 1397 1032 1430 passen‚
1058 1396 1169 1418 wenn
1197 1397 1282 1418 man
1307 1385 1489 1418 darunter
1514 1385 1575 1418 die

85 1432 229 1466 Latein.
245 1431 442 1477 Feiertage
466 1432 538 1465 mit
551 1432 739 1466 Wieland
764 1434 965 1467 verstehen
992 1435 1135 1471 wollte‚
1164 1433 1338 1480 obgleich
1365 1433 1427 1466 das
1452 1433 1577 1467 Wort

88 1480 188 1513 ohne
214 1479 286 1512 den
312 1480 457 1512 Beisatz
473 1480 607 1521 seriae
631 1493 698 1514 zur
723 1481 992 1529 Bezeichnung
1018 1481 1212 1514 derselben
1240 1480 1453 1527 gebraucht
1477 1481 1576 1514 wird

85 1541 121 1564 z.
147 1530 193 1563 B.
220 1528 265 1561 ad
293 1525 331 1569 Q.
358 1530 478 1560 Fratr.
514 1528 580 1567 11„
616 1530 651 1564 6.
685 1540 755 1573 pro
788 1530 916 1562 Plane.
945 1532 981 1566 9.
1012 1529 1095 1563 Liv.
1127 1531 1168 1568 V,
1199 1532 1255 1565 17.
1305 1542 1339 1561 u.
1377 1530 1432 1563 19.
1476 1528 1572 1563 XXI.

87 1578 147 1613 63.
174 1576 315 1609 Lucan.
359 1577 391 1615 l,
434 1576 515 1610 550.
545 1577 589 1615 V,
615 1578 696 1612 402.
724 1578 907 1624 Dagegen
936 1578 981 1610 ist
1008 1577 1171 1619 offl'cium
1205 1577 1273 1610 dex·
1303 1576 1456 1611 iibliche
1481 1578 1572 1610 Aus-

87 1623 210 1657 druck
243 1624 304 1656 fiir
342 1623 452 1656 ieden
478 1623 608 1657 Dienst
640 1624 699 1657 bei
732 1625 869 1672 irgend
903 1625 1008 1659 einer
1033 1624 1318 1658 Feierlichkeit.
1357 1643 1400 1649 —-
1439 1626 1575 1660 Alban.

86 1670 358 1706 Vermuthlich
393 1671 537 1705 konnte
570 1671 632 1705 die
668 1673 742 1706 alte
768 1674 886 1707 Dame
920 1686 983 1707 aus
1017 1673 1143 1707 ihren)
1169 1674 1325 1706 Fenster
1350 1673 1410 1706 die
1435 1672 1575 1706 scho'ne

86 1720 302 1754 Procession
329 1721 396 1752 auf
419 1720 491 1753 den
517 1721 770 1766 Albanerberg
795 1722 931 1755 ziehen
959 1720 1088 1755 sehen.
1122 1740 1160 1745 —
1195 1720 1381 1763 Saufeius,
1414 1721 1474 1754 ein
1501 1721 1576 1754 R'd-

85 1767 252 1802 mischer
275 1767 399 1801 Ritter
434 1768 511 1801 und
535 1769 688 1803 Freund
719 1770 783 1803 des
808 1769 978 1810 Attikus,
1023 1770 1091 1803 der
1116 1768 1365 1813 Philosophie
1398 1769 1460 1802 des
1486 1769 1576 1813 Epi-

86 1816 177 1858 kur,
222 1815 295 1848 wie
321 1816 458 1858 dieser,
484 1817 665 1863 erg-eben.
717 1819 867 1852 Cornel.
894 1817 1005 1860 XXV,
1047 1820 1105 1859 12,
1144 1819 1180 1854 3.
1232 1819 1289 1850 Da
1321 1829 1399 1850 nun
1425 1817 1577 1861 Epikur

84 1864 227 1903 marte,
256 1874 292 1896 es
318 1864 370 1897 sei
397 1863 590 1907 thoricht,
626 1866 819 1899 lemandes
843 1866 924 1899 'rod
951 1879 998 1899 zu
1023 1867 1241 1907 betrauern,
1273 1866 1362 1898 weil
1399 1865 1469 1897 mit
1494 1863 1575 1897 ihm

87 1913 178 1946 alles
204 1911 360 1953 Gefiihl,
386 1912 419 1944 ia
447 1912 557 1946 selbst
582 1914 650 1947 der
676 1914 783 1948 Geist
808 1913 1000 1955 erlb'sche3
1029 1926 1068 1948 so
1095 1913 1245 1947 scherzt
1272 1914 1422 1953 Cicero,
1459 1918 1575 1946 neunt

90 1962 163 1995 den
187 1961 268 1994 Tod
301 1960 397 1993 nach
422 1959 492 1994 Art
524 1961 592 1994 der
628 1961 882 2009 kaltbliitigen
917 1962 1110 2007 Epikurer
1144 1962 1224 1995 blos
1264 1962 1347 1994 eine
1386 1972 1465 1993 rem
1499 1961 1576 1993 und

92 2009 175 2055 gibt
201 2021 246 2040 zu
264 2007 478 2051 verstehen,
494 2008 644 2043 Attikus
661 2010 788 2043 werde
802 2022 874 2044 von
889 2010 1032 2044 seinem
1052 2009 1333 2056 Epikurisehen
1359 2008 1578 2042 Mitbruder

89 2058 202 2091 einen
228 2055 466 2102 kr'zistigeren
491 2057 613 2099 Trost,
647 2058 700 2091 als
725 2070 803 2092 von
830 2058 979 2096 Cicero,
1008 2059 1092 2092 dem
1119 2057 1326 2105 Anhang-er
1351 2058 1457 2091 einer
1481 2068 1576 2104 ganz

91 2105 256 2139 anderen
281 2103 621 2149 philosophischen
648 2105 774 2150 Sekte,
801 2113 993 2140 erwarten
1018 2106 1185 2140 konnen.

185 2154 220 2188 2.
256 2153 471 2186 Ianuarium
496 2154 586 2186 anni
612 2155 679 2189 687
706 2155 751 2188 ab
777 2167 815 2190 u.
843 2166 878 2190 e.
929 2155 982 2188 Er
1018 2154 1106 2187 kam
1133 2155 1222 2187 aber
1247 2153 1368 2186 nicht.
1419 2152 1453 2185 S.
1483 2153 1576 2200 folg.

91 2201 201 2235 Brief
218 2200 423 2235 imAnf.—
441 2211 498 2235 cen.
520 2201 554 2234 S.
573 2203 721 2236 Grotef.
737 2203 770 2246 §.
798 2204 878 2238 345.
899 2203 1007 2236 Anm.
1029 2205 1062 2238 2.
1089 2204 1173 2249 Vgl.
1202 2214 1259 2247 ep.
1278 2203 1361 2242 398,
1400 2204 1430 2236 7.
1461 2201 1577 2234 Caiet.

91 2248 127 2284 S.
156 2261 200 2283 zu
225 2260 282 2293 ep.
312 2249 375 2287 IX,
401 2250 434 2283 3.
477 2270 518 2274 —
546 2250 725 2294 exposita,
754 2250 828 2285 an's
854 2252 957 2285 Land
984 2257 1137 2295 gesetzt‚
1165 2249 1401 2296 ausgeladen,
1445 2249 1581 2283 Cicero

91 2297 214 2331 besass
246 2298 284 2330 in
319 2298 446 2333 Caieta
477 2298 623 2341 (Gaea,
662 2299 897 2343 Vertiesung,
932 2300 1155 2332 Hafenstadt
1180 2299 1220 2331 in
1248 2298 1396 2331 Latium
1423 2298 1581 2335 novum)

93 2346 155 2378 ein
188 2345 340 2393 eigenes
366 2346 477 2379 Haus.
529 2345 564 2379 S.
594 2346 760 2393 folgend.
798 2348 908 2381 Brief
940 2348 985 2393 §3
1009 2349 1042 2381 3.
1079 2347 1250 2380 Caietam
1278 2372 1285 2379 .
1315 2372 1323 2379 .
1351 2345 1503 2377 ornabo.
1541 2362 1581 2367 -—·

93 2404 161 2436 72⁷·ss
187 2397 274 2426 vecl-
302 2394 455 2431 solvere,
483 2393 543 2427 die
568 2394 710 2429 Fracht
736 2396 930 2430 bezahlen.
957 2396 1061 2429 Uber
1075 2396 1136 2439 qui
1162 2407 1193 2427 c.
1219 2394 1314 2428 coni.
1336 2392 1432 2425 nach
1450 2393 1529 2425 mis.
1557 2405 1582 2424 s.

93 2441 244 2476 Ramsh.
272 2441 304 2484 §.
334 2443 414 2483 193,
442 2441 490 2474 11.
509 2459 551 2465 —-
568 2454 684 2487 parvo
710 2468 718 2476 .
748 2469 756 2478 .
782 2448 915 2477 curata
939 2455 968 2477 s.
996 2454 1034 2477 so
1061 2441 1237 2477 wohlfeil
1262 2439 1472 2476 verschafft
1489 2440 1584 2473 sind.

188 2491 222 2524 3.
252 2490 361 2524 Quod.
387 2490 420 2523 S.
447 2501 492 2522 zu
519 2501 575 2535 ep.
606 2493 640 2532 l,
667 2493 700 2527 2.
742 2513 783 2518 —
812 2493 929 2526 amico
947 2491 1121 2525 Lucceio.
1147 2512 1191 2537 ..-
1219 2495 1272 2524 est
1299 2489 1418 2523 animo
1445 2488 1585 2522 abalie-

92 2541 194 2577 ΜΗΘ,
221 2547 263 2570 er
287 2536 353 2571 hat
378 2537 458 2571 sein
485 2538 652 2573 Gemuth
680 2550 753 2574 von
780 2542 851 2575 Dir
875 2539 1109 2587 abgewandt.
1136 2539 1240 2573 Uber
1257 2539 1328 2570 den
1348 2537 1468 2569 Ablat.
1496 2547 1587 2580 qua·

94 2584 151 2618 lit.
180 2585 280 2617 heim
306 2586 411 2620 verb.
439 2586 550 2620 subst.
578 2600 604 2620 s.
631 2588 782 2623 Ramsh.
809 2589 844 2631 ᾗ.
875 2590 954 2623 140.
983 2588 1123 2632 Zumpt
1148 2587 1182 2629 §.
1209 2587 1291 2621 471.
1309 2603 1351 2610 —
1379 2594 1588 2626 cognosce-³2

95 2633 145 2666 du
169 2632 276 2666 wirst
302 2633 523 2668 Aufschluss
549 2635 719 2670 erhalten
746 2637 849 2679 iiber,
875 2637 927 2670 de.
953 2655 999 2660 -
1025 2635 1176 2670 Sallust.
1213 2647 1238 2670 s.
1266 2646 1313 2666 zu
1346 2644 1401 2677 ep-
1441 2632 1526 2673 Vll,
1556 2635 1586 2666 l-

96 2700 138 2704 —
164 2685 399 2724 praesentem,
437 2683 560 2716 Kiirze
599 2684 661 2717 des
685 2683 912 2722 Ausdrucks‚
951 2689 1039 2717 statt
1065 2683 1133 2716 etsi
1157 2693 1332 2727 praesens
1359 2681 1513 2721 adesset,
1549 2680 1589 2712 in

94 2728 232 2762 Person
257 2731 524 2778 gegenw'airtig.
577 2732 652 2764 Das
677 2734 768 2779 tilgt
793 2745 852 2766 am
878 2734 1012 2766 Besten
1040 2731 1282 2764 entstandene
1299 2728 1588 2762 Missverst'and-

95 2777 189 2811 nisse
224 2776 321 2809 nach
348 2788 405 2822 ep.
433 2779 531 2819 Vll„
559 2779 598 2812 in
613 2780 646 2814 d.
665 2781 787 2816 Mitte.
805 2800 848 2806 —
872 2790 988 2814 accus.
1015 2780 1057 2812 de
1084 2783 1129 2820 te,
1157 2779 1238 2813 dass
1265 2776 1327 2811 ich
1356 2775 1463 2809 nicht
1483 2776 1591 2808 Eifer

162 2856 222 2882 Cic.
240 2856 342 2884 Briefe
364 2866 388 2884 v.
412 2857 536 2884 Billerb.
556 2859 579 2883 1.
1035 2836 1061 2873 2
