1742 3006
409 107 723 153 EPISTOLA
757 109 974 153 CXLVI.
1005 112 1243 156 CXLVII.
1469 116 1561 163 ¹169

73 226 117 264 et
145 221 281 264 hodie
310 220 425 263 hora
453 234 576 273 v111.,
627 234 761 276 quum
802 221 952 264 edicto
993 224 1043 266 C.
1077 224 1188 266 Alfii
1227 225 1283 265 de
1324 224 1557 267 maiestate

72 293 169 319 eum
199 278 356 319 adesse
383 279 636 331 oporteret,
691 289 911 318 concursu
940 291 1099 333 magno
1139 285 1183 321 et
1224 280 1328 322 odio
1359 282 1555 322 universi

72 334 227 388 populi
257 346 396 388 paene
425 330 626 372 afflictus
656 335 738 374 est.
795 332 927 374 Nihil
960 334 1039 375 illo
1062 337 1249 389 turpius.
1310 337 1555 378 Proximus

71 394 218 431 tamen
249 393 317 430 est
344 388 466 429 Piso.
532 387 692 441 Itaque
722 387 966 429 mirificum
995 389 1173 442 ἐμβόλων
1212 393 1362 446 cogito
1402 393 1448 432 in
1487 406 1554 433 se-

71 445 264 486 cundum
293 456 490 483 meorum
520 442 736 483 libroruin
766 444 1013 498 includere,
1044 445 1267 487 dicentem
1297 448 1554 501 Apollinem

70 502 117 541 in
147 499 343 541 concilio
374 498 580 547 deorum,
637 499 782 553 qualis
815 499 985 540 reditus
1016 501 1205 541 duorum
1234 504 1554 556 imperatorum

0 571 8 601 ς’
70 555 246 596 futurus
277 557 419 595 esset:
460 567 649 607 quorum
676 555 791 595 alter
819 557 1070 597 exercitum
1099 558 1396 611 perdidisset,
1438 560 1555 600 alter

69 667 139 707 dit
168 667 339 717 literas,
370 678 478 720 quas
506 678 588 718 ego
618 667 774 719 accepi
804 680 843 707 a.
875 667 916 707 d.
948 682 1004 708 ιν.
1035 668 1229 709 Kalend.
1263 669 1448 711 Octobr.
1481 684 1551 712 sa-

8 770 9 774 *
69 723 129 764 tis
159 722 415 763 commodas
447 720 502 760 de
531 719 810 762 Britannicis
841 723 990 763 rebus:
1031 725 1214 778 quibus,
1244 739 1300 766 ne
1330 725 1552 778 admirer,

7 799 11 832 3
68 778 189 832 quod
228 791 255 819 a
293 781 337 818 te
375 777 523 817 nullas
562 778 841 831 acceperim,
899 779 1058 820 scribit
1097 794 1145 820 se
1185 781 1281 821 sine
1324 785 1367 821 te
1397 781 1552 833 fuisse,

8 833 12 888 J
67 848 203 888 quum
240 833 299 874 ad
337 845 459 872 mare
498 834 755 873 accesserit.
833 833 905 874 Ad
945 848 1018 876 eas
1059 849 1141 889 ego
1171 836 1215 876 ei
1245 837 1402 876 literas
1431 836 1550 878 nihil

9 908 11 919 ⁴
68 889 305 944 rescripsi,
345 901 400 927 ne
429 888 688 942 gratulandi
718 888 899 941 quidem
929 903 1085 942 causa,
1139 894 1321 946 propter
1359 892 1453 932 eius
1484 893 1549 933 lu„

11 963 13 967 ⁴
67 949 201 986 ctum.
260 944 329 986 Te
360 956 440 984 oro
470 943 607 983 etiam
636 946 772 997 atque
801 944 952 997 etiam,
982 947 1043 987 mi
1072 945 1230 999 frater,
1261 949 1309 988 ut
1338 947 1507 989 valeaS.

247 1120 565 1163 EPISTOLA
595 1119 835 1163 CXLVII.
897 1119 974 1172 (ad
1003 1119 1107 1162 Div.
1136 1120 1244 1162 VII.
1277 1120 1363 1170 16.)

225 1195 304 1230 Ser.
331 1197 473 1231 Romae
497 1202 657 1230 exeunte
683 1195 785 1243 Sept.
823 1196 865 1230 A.
893 1196 940 1231 U.
970 1196 1013 1232 G.
1041 1197 1123 1231 700.
1175 1197 1223 1238 (a.
1251 1195 1293 1228 C.
1319 1195 1393 1237 54.)

16 1255 20 1312 ᾗ
65 1265 214 1298 locatur
248 1264 288 1298 in
321 1262 491 1298 Trebatii
524 1262 744 1307 sapientiam
778 1268 1016 1307 speratasque
1042 1261 1087 1294 ab
1113 1271 1157 1295 eo
1184 1260 1355 1303 divitias;
1391 1262 1481 1296 item
1509 1263 1548 1296 in

407 1310 635 1345 familiarem
661 1311 741 1344 eius
767 1311 840 1345 Gn.
873 1309 1081 1345 Octavium.
1109 1311 1199 1346 1-3.

463 1378 516 1412 M.
543 1377 725 1412 CICERO
755 1375 794 1413 S.
821 1377 866 1411 D.
892 1375 1148 1411 TREBATIO.

171 1444 223 1486 In
253 1457 365 1499 equo
395 1443 597 1485 Troiano
628 1443 717 1484 scis
747 1456 843 1484 esse
872 1443 919 1483 in
951 1446 1170 1495 extremo,
1200 1456 1310 1487 sero
1339 1445 1547 1499 sapiunt.

21 1575 24 1591 ι
62 1565 219 1597 temher.
244 1582 291 1588 ——
317 1562 408 1596 hora
434 1562 568 1595 diurna
595 1568 728 1595 octava
754 1562 776 1599 i,
807 1573 837 1596 e.
866 1562 961 1596 hora
988 1564 1034 1595 11.
1060 1562 1338 1607 pomeridiana,
1366 1575 1430 1597 um
1456 1565 1547 1598 zwei

21 1606 25 1650 ζ
61 1611 142 1646 Uhr
173 1611 436 1655 Nachmittags
468 1622 527 1643 am
559 1611 636 1652 29„
686 1622 745 1643 wo
778 1612 911 1644 Cicero
954 1611 1081 1645 diesen
1117 1611 1226 1644 Brief
1256 1612 1465 1656 beendigte.
1502 1631 1543 1636 —

22 1674 26 1702 q
63 1661 178 1694 edicto
205 1661 269 1693 auf
297 1658 510 1703 Vorladung
536 1659 601 1691 des
628 1660 779 1692 Prators
803 1660 932 1692 Alfius.
988 1662 1021 1693 S.
1050 1670 1106 1704 ep.
1136 1660 1215 1700 152,
1241 1660 1275 1693 3.
1327 1679 1371 1684 —-
1421 1661 1546 1693 adesse

23 1708 27 1743 ἱ
62 1710 96 1741 in
123 1708 279 1749 iudicio,
305 1720 370 1741 vor
397 1707 560 1740 Gericht
585 1708 804 1740 erscheinen
834 1713 994 1751 mussini,
1044 1719 1116 1740 was
1143 1707 1318 1741 allemahl
1345 1720 1404 1740 am
1434 1708 1543 1741 lOLen

24 1751 29 1828 ἰ
60 1759 160 1800 Tage
184 1757 284 1789 nach
311 1756 378 1788 der
404 1755 613 1799 Einladung
638 1754 819 1798 geschah.
892 1754 930 1791 S.
964 1756 1012 1789 ad
1049 1757 1091 1801 Q.
1121 1757 1241 1789 Fratr.
1267 1757 1316 1797 ΙΙ,
1345 1757 1389 1790 12
1416 1755 1541 1799 (epist.

62 1805 255 1846 CXXXII).
320 1805 370 1837 Er
396 1815 471 1836 war
496 1804 572 1836 also
598 1804 717 1836 sehon
745 1815 807 1835 am
832 1805 888 1838 20.
915 1804 1033 1849 Sept„
1062 1815 1116 1837 wo
1143 1815 1182 1836 er
1203 1802 1287 1836 sich
1313 1804 1414 1836 nach
1440 1805 1468 1847 §.
1498 1804 1542 1837 15

26 1832 30 1899 l.
59 1854 124 1886 der
149 1853 256 1886 stadt
280 1851 429 1893 nahem,
455 1851 692 1895 vorgeffldcn,
719 1852 792 1884 und
817 1853 893 1885 sein
919 1852 1108 1896 Ankliiger
1129 1852 1307 1884 Lentulus
1332 1852 1437 1884 hatte
1462 1851 1540 1884 ihm

27 1901 31 1936 l
59 1901 167 1935 keine
191 1901 304 1934 Ruhe
329 1901 426 1933 nach
462 1900 582 1933 seiner
615 1899 834 1932 wirklichen
860 1900 1025 1934 Ankunst
1049 1901 1230 1944 gelassen.
1281 1919 1325 1924 -—
1373 1901 1416 1933 L.
1451 1898 1541 1931 Piso

28 1938 32 1995 l
61 1950 306 1983 Caesoninus,
350 1947 385 1982 S.
414 1951 443 1992 §.
472 1951 515 1983 ll
542 1948 584 1981 (le
612 1947 794 1981 ccclventc'i
817 1949 943 1982 Marii
967 1949 1139 1982 oratione.
1166 1967 1209 1973 --
1242 1958 1399 1981 meorum
1426 1946 1539 1979 libro-

29 1999 33 2032 ¹
60 2009 157 2041 rum,
202 1997 388 2042 poematis
420 1997 479 2028 vel
512 1996 556 2028 de
582 1997 775 2029 consulatu
809 2008 874 2029 suo
900 1998 956 2030 vel
982 1997 1027 2030 de
1053 1995 1283 2041 temporibus
1317 1996 1402 2027 suis.
1454 1994 1536 2031 vid,

30 2037 33 2082 ἒ
58 2058 116 2091 ep.
143 2045 280 2085 xxlv,
311 2045 364 2078 ιο.
390 2044 560 2084 xxvm,
589 2045 611 2078 3
639 2054 672 2077 u.
699 2056 755 2089 ep.
782 2045 934 2087 cxvii,
961 2047 994 2080 3.
1020 2046 1130 2084 cxx,
1158 2047 1191 2078 1.
1220 2062 1264 2067 -
1290 2040 1537 2087 ἐμβόλων,

32 2091 33 2094 “
57 2094 280 2139 episodium,
307 2092 561 2125 narrationem
587 2092 857 2137 interpositam.
884 2112 931 2117 —
953 2093 1094 2136 perdid.
1128 2091 1294 2136 perdidit
1319 2091 1423 2131 Piso,
1449 2101 1538 2125 ven·

33 2142 156 2189 ⁴didit
181 2141 384 2181 Gabinius;
434 2140 523 2179 ille,
558 2152 672 2185 quum
710 2141 899 2173 commisit
933 2148 973 2174 ut
1001 2140 1242 2181 caederetur3
1292 2138 1379 2182 hic,
1422 2150 1536 2184 quum

33 2219 36 2234 ,
59 2191 314 2224 Ptolemaeum
341 2189 464 2234 pretio
491 2190 695 2221 conductus
721 2189 895 2222 restituit.
946 2189 1026 2222 Vid.
1049 2190 1147 2224 Orat.
1175 2188 1220 2222 de
1247 2188 1420 2221 Provinc.
1447 2198 1535 2220 con-

34 2240 127 2278 ysul.
155 2250 190 2275 c.
217 2239 250 2274 2.
276 2238 350 2271 Dio
376 2237 472 2270 Cass.
500 2237 659 2278 XXXIX,
685 2238 740 2272 24.
769 2237 973 2271 MANUT.

34 2291 36 2296 ’
151 2287 210 2322 25.
237 2286 327 2319 salis
351 2285 523 2321 commod.
551 2292 643 2327 cet.,
678 2285 745 2318 der
772 2285 950 2319 ziemlich
977 2283 1250 2328 vergniigliche
1273 2281 1533 2317 Nachrichtcn

35 2346 131 2368 *von
158 2335 223 2367 der
248 2336 346 2378 Lage
373 2332 439 2366 der
465 2333 635 2377 dortigen
665 2333 1003 2380 Angelcgenhciten
1031 2333 1190 2369 enthn'lt,
1217 2351 1263 2355 —
1290 2332 1436 2372 luctmn,
1463 2342 1534 2362 we-

23 2384 40 2428 ll
59 2394 128 2427 gen
154 2382 221 2416 der
245 2385 390 2416 Trauet
416 2382 480 2414 des
507 2384 633 2415 Ciisars
657 2383 750 2415 iiber
778 2381 847 2413 den
875 2383 1019 2416 Vei-lust
1043 2380 1165 2413 seiner
1189 2380 1354 2413 Tochter
1380 2378 1534 2412 mochte

24 2427 40 2481 ἐξ
61 2431 196 2464 Cicero
229 2431 313 2465 ihm
344 2430 437 2463 ietzt
476 2441 518 2463 zu
550 2430 675 2463 seinen
709 2430 959 2463 erfoclitoneu
986 2429 1122 2473 Siegen
1146 2429 1254 2462 nicht
1280 2427 1405 2460 Gluck
1431 2430 1534 2460 wlin-

38 2487 41 2509 ε
58 2477 186 2513 schen-

251 2525 520 2560 TREBATIO.
548 2525 583 2562 S.
612 2537 670 2570 ep.
699 2527 869 2560 CXXXV.

158 2577 189 2608 l.
218 2585 270 2617 eq.
297 2574 466 2613 Troiam,
501 2573 566 2606 dor
592 2574 711 2608 Name
745 2575 850 2607 einer
876 2572 1063 2616 Tragiidie
1100 2571 1290 2606 entweder
1315 2571 1377 2604 iles
1403 2569 1531 2604 Livius

30 2608 43 2658 ⁴,
60 2622 294 2655 Andronicus
320 2622 414 2654 nach
439 2621 579 2655 Nonius
605 2621 695 2656 oder
721 2621 783 2655 des
819 2621 980 2654 Naevius
1012 2619 1108 2653 nach
1142 2619 1311 2653 Macrob.
1347 2618 1531 2652 Saturnal.

42 2669 130 2712 avi,
161 2672 191 2704 1.
219 2669 315 2714 (vgl.
344 2670 400 2703 ob.
429 2680 486 2715 ep.
517 2670 608 2702 CIX.
643 2673 675 2704 7.
709 2671 846 2703 Hector
877 2668 1098 2702 Naevianus.
1133 2679 1166 2700 u.
1202 2678 1258 2712 ep.
1293 2666 1457 2705 CXXVI,
1491 2668 1531 2702 2:

43 2714 160 2762 &Equo
187 2718 374 2757 Troiano).
423 2718 525 2751 Uber
557 2717 626 2750 den
654 2716 808 2761 Mythus
846 2729 870 2750 s.
899 2715 1039 2762 Hygin.
1067 2715 1141 2748 sab.
1174 2717 1249 2749 105.
1278 2713 1412 2760 Vix-gil.
1438 2714 1532 2750 Aen.

44 2767 147 2800 :Lib.
175 2766 222 2800 11.
250 2783 294 2790 —
319 2765 356 2798 in
382 2769 558 2807 extremo,
586 2778 644 2799 am
672 2764 855 2799 Selilussc.
892 2783 935 2788 —
972 2775 1053 2797 sero
1080 2762 1222 2808 sapiunt
1247 2762 1325 2797 scil.
1355 2762 1534 2810 Phryges,

5 614 7 653 ξ
70 611 360 653 vendidisset.
429 610 505 650 Ex
534 609 772 651 Britannia
799 610 967 653 Caesar
996 612 1053 653 ad
1083 627 1151 653 ine
1182 613 1286 654 Kal.
1321 614 1441 667 Sept.
1475 615 1550 656 de·
1566 629 1620 672 25
