1742 3006
541 64 862 109 EPISTOLA
893 66 1112 110 CXLVI.
1487 72 1581 121 455

1330 134 1334 151 t

98 181 140 220 ei
182 181 376 220 restabat
412 182 589 234 praeter
628 177 861 218 balnearia
889 182 935 220 et
963 179 1312 223 ambulationem
1342 186 1387 224 et
1415 184 1578 227 aviari-

98 250 184 277 um.
242 235 373 276 Villa
400 233 513 275 mihi
541 233 676 274 valde
706 233 902 288 placuit,
946 240 1187 289 propterea
1214 237 1332 293 quod
1361 250 1575 282 summam

98 291 363 345 dignitatem
412 290 714 345 pavimentata
762 290 963 343 porticus
1011 290 1228 335 habebat:
1284 294 1402 349 quod
1461 296 1574 336 mihi

96 361 211 387 nunc
241 347 431 400 denique
460 345 692 400 apparuit,
732 349 1021 401 posteaquam
1052 352 1097 388 et
1126 349 1223 403 ipsa
1252 353 1348 391 tota
1376 355 1500 405 patet
1529 356 1576 392 et.

99 403 333 443 columnae
362 402 532 455 politae
561 405 676 440 sunt.
734 401 899 442 Totum
930 402 976 442 in
1007 415 1059 443 eo
1090 409 1180 456 est,
1218 427 1272 433 —
1310 406 1430 459 quod
1459 405 1573 449 mihi

98 459 188 498 crit
228 470 361 498 curae
401 480 454 485 —
495 457 736 497 tectorium
773 460 821 497 ut
860 458 1128 499 concinnum
1168 460 1242 501 sit.
1307 461 1575 504 Pax-imenta

97 518 220 554 recte
261 512 365 555 fieri
405 512 689 553 videbantur.
760 512 974 554 Camaras
1013 515 1229 568 quasdam
1269 528 1356 556 non
1386 519 1572 572 probavi

96 570 347 622 mutarique
389 569 511 608 iussi.
582 567 683 617 Quo
727 568 828 608 loco
859 569 905 608 in
934 571 1112 624 porticu
1144 575 1188 612 te
1217 573 1415 614 scribere
1446 575 1572 616 aiunt.

94 630 142 665 ut
172 625 384 665 atriolum
429 623 534 676 fiat,
575 623 711 675 mihi,
752 628 802 664 ut
830 630 922 675 est,
960 627 1101 680 magis
1131 627 1350 682 placebat.
1416 627 1572 684 Neque

94 681 214 721 onim
243 681 352 721 satis
384 681 475 720 loci
505 679 742 721 videbatur
779 693 874 721 esse
904 682 1096 723 atriolo:
1147 697 1290 737 neque
1331 683 1427 726 sere
1458 687 1574 728 solet

93 737 180 776 nisi
220 736 267 776 in
307 737 365 776 iis
405 735 632 776 aedificiis
672 735 799 787 fieri,
852 737 897 776 in
928 738 1086 791 quibus
1117 743 1185 780 est
1212 740 1374 780 atrium
1404 742 1572 783 maius:

90 805 174 834 nec
202 791 368 833 habere
398 796 575 846 poterat
604 791 817 832 adiuncta
846 793 1054 835 cubicula
1093 798 1138 835 et
1177 795 1398 837 eiusmodi
1435 811 1571 838 mem-

91 850 185 889 bra.
245 847 377 888 Nunc
406 847 520 888 haec
548 848 620 887 vel
652 846 888 888 honestate
919 849 1160 891 testudinis
1200 851 1334 892 valde
1363 853 1468 893 boni
1498 866 1570 894 ae-

88 904 194 945 stivi
227 904 372 944 locum
403 904 637 943 obtinebit.
701 902 770 943 Tu
800 908 947 943 tamen
978 905 1017 944 si
1047 906 1184 946 aliter
1213 907 1375 959 sentis,
1406 910 1568 950 rescri-

90 961 143 1000 be
174 972 304 1013 quam
333 959 537 1013 primum.
606 957 660 998 In
693 958 937 999 balneariis
967 973 1068 1001 assa
1095 961 1142 1001 in
1172 962 1365 1003 alterum
1394 964 1567 1019 apody-

88 1016 193 1055 terii
223 1015 432 1069 angulum
461 1014 690 1069 promovi,
730 1018 970 1068 propterea
1000 1015 1120 1069 quod
1150 1017 1217 1058 ita
1246 1022 1374 1059 erant
1405 1021 1567 1073 posita,

86 1075 135 1112 ut
164 1084 317 1112 eorum
346 1071 648 1126 vaporarium,
679 1070 757 1121 [ex
786 1084 874 1125 quo
905 1071 1023 1125 ignis
1053 1073 1278 1128 erumpit,]
1318 1079 1437 1116 esset
1465 1076 1566 1116 sub-

87 1214 297 1259 pltilo=se
318 1216 422 1260 ipso3
452 1221 532 1248 erat
553 1214 652 1248 enim
671 1220 800 1248 natura
816 1215 954 1250 tardus.
1006 1214 1196 1260 Diphilus,
1224 1216 1356 1263 inquit,
1383 1229 1422 1251 se
1447 1219 1567 1263 ipsum

18 1258 21 1281 ἶ
83 1264 260 1297 tarditate
287 1263 482 1309 superavit.
510 1262 714 1296 MANUT.
758 1283 800 1287 —
851 1263 1028 1297 asiarium
1060 1264 1265 1306 stabulum,
1306 1266 1478 1310 Stallung
1503 1267 1568 1300 stn-

18 1316 21 1354 ξ
84 1313 148 1346 das
175 1312 369 1357 Gefltigel,
406 1310 627 1359 Vogelhaus
652 1316 760 1343 unter
794 1310 861 1344 der
884 1311 1062 1345 Aufsicht
1094 1311 1158 1345 des
1189 1313 1389 1352 Aciarius,
1435 1315 1567 1361 Vogel-

86 1364 249 1394 warters.
306 1361 343 1395 S.
370 1360 473 1392 Varr.
500 1360 545 1391 R.
573 1360 618 1392 R.
645 1358 726 1400 111,
751 1359 774 1393 3
800 1370 836 1392 u.
869 1360 902 1393 4.
931 1359 1037 1402 VIII,
1071 1361 1106 1402 3,
1141 1360 1173 1394 4.
1202 1362 1244 1403 5,
1273 1362 1326 1395 1⁴.
1366 1362 1560 1397 Columell.

83 1409 190 1449 VIII,
223 1411 254 1442 1.
293 1426 336 1431 —
384 1410 582 1451 propterea
610 1408 784 1452 (propter
811 1410 871 1451 ea)
898 1408 991 1451 quod
1026 1409 1123 1453 zeigt
1156 1409 1220 1442 auf
1246 1409 1309 1442 das
1335 1410 1565 1455 Bewegende

8 1456 21 1487 ὕ
85 1456 152 1489 der
177 1455 384 1491 Umstande
409 1455 486 1488 hin.
545 1455 581 1491 S.
607 1455 765 1488 Ramsh.
803 1457 832 1499 ξ.
870 1458 948 1497 157,
974 1457 1023 1496 ΙΙ,
1051 1457 1088 1492 2,
1118 1475 1162 1481 -
1189 1457 1407 1499 dignitatem
1432 1472 1481 1489 r:
1507 1460 1566 1492 ein

18 1503 21 1529 ἱ
82 1504 183 1537 edles
208 1504 394 1538 Ansehen.
444 1505 492 1535 So
520 1502 564 1535 de
590 1504 665 1535 Inv.
696 1503 745 1543 11,
776 1505 806 1536 1.
833 1503 878 1535 de
906 1504 1015 1537 Offic.
1043 1504 1072 1545 Ι,
1099 1506 1156 1540 36.
1186 1506 1441 1551 Cornel.Nep.
1467 1508 1564 1540 The-

83 1553 180 1586 mist.
209 1554 242 1587 6.
270 1571 312 1577 -—
336 1551 592 1595 parimentata.
623 1551 693 1583 wie
719 1563 774 1596 pr.
800 1553 911 1585 Dom.
938 1552 996 1594 44,
1022 1553 1094 1585 mit
1118 1552 1202 1585 dem
1229 1554 1463 1588 musaischen
1491 1558 1562 1589 Ae-

83 1601 214 1633 strich.
241 1620 286 1625 —
334 1603 457 1644 patet,
484 1610 574 1643 ganz
599 1599 669 1632 frei
695 1600 815 1632 steht:
850 1600 956 1633 nicht
982 1599 1090 1633 mehr
1115 1612 1184 1634 von
1212 1601 1297 1635 dem
1324 1603 1562 1648 Bangeriisto,

83 1650 151 1682 wie
177 1648 355 1681 wahrend
382 1648 444 1680 des
462 1648 611 1686 Bautes,
639 1647 823 1681 verdeckt.
852 1668 894 1673 —
925 1649 1050 1681 Totum
1076 1650 1113 1681 in
1139 1660 1180 1682 eo
1207 1654 1270 1694 est,
1297 1651 1393 1684 Alles
1420 1652 1563 1685 kormnt

80 1708 154 1730 nun
182 1697 315 1730 darauf
339 1708 398 1729 an.
423 1714 466 1719 —
494 1695 685 1728 tcctorimn
712 1709 761 1727 z:
785 1696 911 1729 Declze
938 1696 1004 1729 der
1030 1697 1211 1730 Gallerie.
1262 1717 1305 1722 —
1355 1700 1564 1733 concinnum

81 1745 164 1787 sih,
206 1743 508 1791 geschmackvoll
541 1745 611 1776 mit
645 1743 732 1776 dem
765 1745 916 1778 Ganzen
951 1745 1276 1778 iibereinstimme.
1343 1746 1379 1779 S.
1413 1748 1559 1781 Vitruv.

81 1793 164 1833 Vll,
195 1805 230 1830 c.
257 1794 291 1828 3.
318 1794 354 1828 4.
382 1793 415 1827 5.
443 1811 487 1816 —-
514 1791 741 1833 pavimenta,
769 1792 828 1825 die
852 1793 1076 1836 Fussbfiden,
1105 1793 1172 1828 der
1196 1794 1384 1830 Aestrich.
1413 1814 1459 1820 —-
1488 1796 1561 1830 Ca-

79 1852 210 1885 maras,
237 1840 296 1875 die
320 1840 562 1884 walbungen
588 1839 652 1872 der
679 1840 854 1876 Zimmer.

174 1909 205 1943 2.
233 1910 267 1942 te
291 1908 468 1949 scribere,
495 1910 545 1941 ue.
595 1907 628 1940 S.
656 1907 808 1942 Ramsh.
837 1910 866 1953 §.
894 1911 975 1950 193,
1000 1909 1030 1951 1,
1060 1911 1088 1944 1.
1116 1910 1251 1955 Zumpt
1277 1913 1305 1955 §.
1333 1913 1414 1946 617.
1451 1912 1546 1945 Anni

81 1957 230 1990 Grotef.
259 1957 295 2000 §.
321 1957 402 1991 397.
430 1957 466 1990 b.
493 1973 537 1980 --
563 1955 746 1994 atriolum,
772 1957 831 1989 ein
848 1957 990 1990 kleines
1007 1958 1251 1994 Vorsalchen.
1279 1977 1324 1982 -
1351 1963 1387 1991 ut
1415 1964 1479 2001 est,
1505 1972 1560 1993 so.

81 2007 152 2038 wie
173 2016 215 2038 cr
230 2006 290 2045 ist,
312 2004 391 2037 scil.
412 2004 474 2036 ille
490 2004 596 2038 locus
615 2004 857 2049 velporticus.
876 2024 923 2030 —-
941 2007 978 2039 in
996 2005 1056 2038 iis.
1083 2005 1143 2038 Sic
1155 2007 1398 2040 Manlmmb.
1414 2008 1510 2042 vict.
1524 2010 1559 2044 2.

81 2052 137 2086 his
153 2053 252 2087 cett.
279 2052 476 2088 ORELLI.
504 2070 548 2076 —-
575 2062 639 2084 nec
662 2051 795 2085 habere
821 2078 829 2087 .
857 2077 866 2086 .
894 2078 902 2085 .
927 2054 1099 2093 membra,
1128 2054 1221 2087 auch
1247 2054 1385 2088 konnte
1412 2068 1498 2089 man
1527 2068 1563 2090 es

79 2103 149 2135 mit
175 2101 310 2134 keinen
336 2101 524 2133 Zimmern
552 2099 642 2133 oder
675 2101 812 2134 andern
840 2101 994 2134 solchen
1020 2102 1294 2146 Abtlieilungen
1329 2104 1368 2136 in
1402 2105 1560 2138 Verbin—

80 2152 180 2194 dung
205 2156 338 2182 setzen.
364 2166 412 2172 ——
445 2148 549 2182 Nunc
573 2147 662 2181 haec
688 2175 696 2183 .
725 2173 732 2180 .
760 2174 767 2181 .
795 2149 988 2191 obtinebit,
1025 2150 1048 2182 i.
1082 2161 1113 2182 e.
1153 2151 1345 2193 Porticus,
1390 2159 1431 2186 ut
1465 2165 1560 2187 nuuc

20 2203 22 2211 '
81 2205 147 2238 cst,
174 2198 211 2230 id
238 2196 395 2230 habebit
421 2196 630 2237 commodi,
656 2197 756 2241 quod
782 2197 819 2229 iu
847 2204 986 2231 aestate
1013 2198 1237 2240 testudines,
1270 2199 1395 2232 hieme
1422 2202 1561 2235 aestiva

81 2247 178 2287 loca,
206 2246 267 2279 die
294 2246 467 2287 Galerie,
507 2256 546 2277 so
573 2245 642 2277 wie
669 2245 720 2278 sie
747 2246 835 2278 ietzt
861 2247 929 2286 ist,
959 2246 1049 2278 wird
1076 2257 1188 2290 sogar
1215 2248 1274 2280 bei
1301 2248 1393 2281 aller
1416 2250 1562 2282 Schon-

82 2293 163 2327 heit
188 2294 287 2327 eines
312 2293 476 2331 kfflnlen,
510 2292 633 2326 hohen
662 2293 736 2326 und
762 2293 922 2338 luftigen
949 2293 1304 2339 sommergew'olbes
1331 2298 1383 2329 im
1413 2299 1562 2330 Wintcr

82 2342 142 2375 die
167 2342 279 2375 stelle
304 2342 405 2375 eines
430 2352 592 2374 warmen
619 2342 804 2385 sonnigen
833 2344 979 2376 Platzes
1005 2350 1207 2377 vertreten.
1249 2344 1418 2378 honestas
1453 2350 1561 2379 testu-

82 2390 179 2423 dinis
202 2404 250 2420 =
282 2390 406 2435 ampla
432 2389 574 2434 species
601 2396 638 2422 et
663 2390 821 2423 altitudo
849 2391 935 2432 (vid.
964 2392 1056 2424 Plin.
1085 2393 1152 2437 Ep.
1180 2392 1230 2430 11,
1262 2395 1313 2426 17.
1350 2394 1562 2426 cubiculum

80 2439 272 2472 altitudine
299 2438 489 2479 aestivum)
513 2437 710 2471 testudinis
738 2438 761 2471 i.
789 2451 823 2475 e.
849 2440 1056 2472 fornicatae
1084 2451 1265 2473 camerae.
1326 2442 1447 2485 Obigc
1473 2443 1564 2475 Les-

83 2493 138 2519 nrt
165 2488 213 2519 ist
239 2487 323 2519 eine
351 2487 521 2521 Coniect.
545 2498 614 2519 von
642 2486 795 2529 Schiitz‚
823 2487 883 2520 die
907 2489 1129 2522 Liiuemanu
1157 2488 1233 2521 und
1263 2489 1379 2521 Orelli
1407 2489 1561 2521 aufnah-

84 2545 168 2566 men
195 2541 285 2567 statt
312 2535 378 2567 der
404 2535 568 2578 vulgata:
612 2545 702 2567 mmc
736 2534 802 2568 lmc
834 2537 892 2568 rel
929 2534 1113 2569 honestate
1139 2536 1331 2568 testudinis
1365 2537 1420 2568 ret
1453 2538 1563 2570 valde

84 2582 167 2614 boni
192 2583 364 2615 aestivum
390 2584 505 2615 locum
533 2582 714 2615 obtinebit.
749 2603 792 2608 --
828 2595 911 2617 assa
937 2598 984 2616 z:
1011 2584 1267 2629 hypocausta,
1291 2583 1562 2618 Schwitzkam-

82 2630 276 2671 merchem,
297 2631 415 2663 woriu
437 2631 531 2663 ohne
546 2643 592 2663 zu
603 2631 720 2663 baden
741 2632 842 2664 bloss
860 2633 1087 2677 gescliwitzt
1111 2632 1244 2663 wurde.
1291 2631 1327 2667 S,
1360 2632 1496 2666 Vitruv.
1524 2635 1565 2673 V,

87 2679 140 2711 10.
169 2697 207 2702 -
239 2678 446 2722 npodyterii
473 2680 561 2717 (von
587 2675 776 2721 (ἷποδύω),
803 2681 867 2712 des
895 2681 1279 2713 Auskleidezimmers.
1312 2698 1357 2703 —·
1408 2692 1565 2724 raporu-

84 2727 197 2767 rz'um,
226 2727 284 2759 cin
313 2723 408 2767 ἅπαξ
436 2722 554 2770 λεγόμ,
584 2741 630 2758 Z*
659 2729 938 2772 praefurnium.
984 2729 1099 2762 woriu
1134 2729 1195 2760 das
1232 2729 1379 2761 Wasser
1418 2731 1477 2763 sut
1504 2729 1563 2761 ὼς

1608 585 1637 625 2
