1742 3006
526 80 845 126 EPISTOLA
890 82 1064 126 CXVI.
1456 84 1549 134 379

69 202 212 238 more!
259 197 406 252 Atque
446 194 527 237 has
571 196 688 237 scito
729 195 887 236 literas
917 209 987 235 me
1018 196 1137 237 solas
1179 197 1406 253 accepisse
1447 205 1550 253 post

70 254 205 305 illas,
236 267 346 307 quas
375 257 473 294 tuus
502 255 639 294 nauta
667 253 844 303 attulit,
873 251 1013 292 Olbia
1043 252 1184 295 datas.
1254 254 1344 295 Sed
1383 262 1550 308 cetera,

70 313 121 350 ut
157 310 346 362 scribis,
385 309 608 363 praesenti
647 309 841 349 sermoni
889 314 1185 351 reserventur.
1263 310 1366 351 Hoc
1400 316 1551 352 tamen

71 378 159 406 non
190 379 303 419 queo
341 364 542 407 differre.
615 363 685 405 Id.
724 364 860 405 Maiis
902 367 1080 404 senatus
1120 364 1330 420 frequens
1369 366 1552 408 divinus

71 420 161 461 fuit
189 422 235 461 in
265 421 589 475 supplicatione
629 420 821 461 Gabinio
863 419 1136 473 deneganda.
1206 422 1399 463 Adiurat
1436 423 1552 464 Pro-

74 477 209 517 cilius
231 475 318 516 hoc
339 476 507 516 nemini
531 475 765 516 accidisse.
823 475 954 517 Foris
977 474 1112 518 valde
1133 476 1379 530 plauditur.
1431 478 1554 519 Mihi

75 546 209 587 quum
254 544 334 572 sua
379 536 537 586 sponte
584 532 846 584 iucundum,
886 536 978 570 tum
1020 531 1281 584 iucundius,
1321 535 1442 588 quod
1483 549 1555 576 me

74 589 256 629 absente
284 610 338 616 —
367 592 436 628 est
465 588 583 628 enim
622 589 819 637 εἰλικρινὲς
856 587 1072 627 iudicium
1101 611 1155 616 —
1192 590 1287 629 sine
1329 604 1555 644 oppugna-

74 645 218 695 tione,
247 643 343 684 sine
373 645 521 697 gratia
551 648 716 684 nostra.
775 644 912 684 Eram
951 644 1091 683 Antii.
1159 643 1294 693 Quod
1323 645 1479 687 Idibus
1509 650 1555 687 et
1592 653 1621 692 2

76 699 296 754 postridie
336 698 486 740 fuerat
529 699 727 752 dictum,
777 699 832 739 de
872 712 979 753 agro
1022 699 1249 754 Campano
1288 705 1437 742 actum
1479 703 1554 753 iri,

74 769 162 795 non
201 758 269 796 est
297 760 459 797 actum.
531 754 587 795 In
626 754 713 795 hac
753 768 888 795 causa
923 754 1035 794 mihi
1074 769 1189 809 aqua
1226 755 1393 797 haeret.
1463 758 1555 798 Sed

74 812 204 865 plura
233 824 365 866 quam
396 811 739 852 constitueram:
770 824 920 852 coram
944 811 1072 851 enim.
1133 811 1274 863 Vale,
1304 814 1366 853 nii
1388 815 1558 867 optime

1516 929 1566 936 ..s

77 1009 142 1032 mo.
166 998 298 1032 Lamb.
325 1008 368 1032 ac
393 999 536 1033 delenti.
569 998 753 1033 censebat.
803 999 860 1032 An
891 998 1074 1042 primum?
1105 1000 1173 1032 cfr.
1207 998 1296 1033 infr.
1332 1001 1404 1044 Ep.
1442 1003 1499 1043 10,
1527 1005 1562 1036 1,

82 1046 276 1080 ORELLI.
305 1065 346 1070 —
373 1059 446 1081 cum
473 1048 623 1090 timore,
649 1058 695 1082 ne
721 1047 811 1092 quid
836 1047 907 1081 tibi
931 1047 1073 1081 sinistri
1109 1046 1148 1079 in
1182 1047 1424 1094 navigatione
1461 1051 1562 1083 acci-

79 1095 201 1128 disset.
229 1094 337 1129 8011.
363 1096 450 1129 weil
478 1106 519 1129 er
544 1096 644 1130 noch
669 1095 847 1129 ausblieb.
875 1114 916 1120 -
946 1095 1072 1135 Olbia,
1099 1095 1292 1128 Sardiniae
1318 1097 1422 1130 urbe.
1452 1097 1563 1132 Vibia

80 1142 161 1176 Md.
191 1143 314 1180 Oxon.
339 1146 368 1178 l.
397 1146 432 1179 2.
459 1144 566 1177 Amb.
596 1145 650 1179 16.
678 1144 794 1177 hand.
821 1144 916 1177 lens.
942 1143 981 1176 in
1006 1143 1066 1176 m'a
1091 1144 1208 1176 Land.
1238 1143 1434 1177 ORELLI.
1471 1144 1562 1193 Vgl.

78 1200 136 1235 ep.
162 1191 291 1233 XCIX,
317 1194 349 1226 7.
376 1192 476 1234 CIV,
504 1196 538 1227 7.
566 1211 611 1217 --
638 1192 718 1226 Hoc
736 1195 872 1233 tamen,
901 1191 1109 1237 Folgendes
1127 1191 1271 1225 iedoch.
1298 1211 1342 1217 -
1368 1193 1424 1226 Irl.
1444 1194 1567 1236 IlIaz'ffl

78 1249 139 1272 am
168 1240 278 1273 l5ten
303 1239 398 1274 Mai.
426 1259 468 1265 -
497 1241 638 1274 dit-inus
655 1240 759 1282 fuit,
791 1239 889 1274 hielt
915 1239 998 1273 sich
1025 1238 1209 1283 gottlich‚
1240 1240 1369 1274 indem
1398 1251 1439 1274 er
1472 1242 1564 1276 dein

80 1287 262 1320 Gabinius
302 1288 362 1322 dte
402 1289 580 1332 begelirte
617 1288 875 1333 Supplication
914 1287 1110 1335 absclilug.
1168 1287 1210 1322 Α.
1247 1288 1454 1328 Gabinius,
1491 1290 1566 1324 der

78 1336 148 1371 695
174 1336 227 1368 als
255 1337 393 1370 Consul
419 1337 470 1378 (S.
500 1347 558 1381 ep.
585 1337 692 1376 XXX,
709 1337 760 1378 2.)
788 1335 951 1369 Cicero’s
977 1336 1056 1368 Fall
1082 1335 1199 1381 eifrig
1223 1336 1417 1370 bestii-<lert
1442 1336 1565 1380 hatte,

79 1383 157 1417 und
182 1383 274 1417 ietzt
299 1385 506 1418 Proconsul
531 1385 569 1417 in
597 1384 731 1428 Syrien
758 1394 850 1425 war,
885 1383 988 1416 hatte
1015 1383 1086 1416 den
1112 1381 1225 1417 Senat
1251 1383 1475 1418 schriftlich
1503 1396 1566 1419 er·

81 1430 207 1472 sucht,
236 1431 316 1464 ihm
342 1444 387 1465 zu
413 1432 544 1466 Ehren
570 1433 630 1465 ein
657 1430 844 1465 Danksest
871 1443 917 1464 zu
943 1430 1210 1472 beschliessen,
1244 1432 1336 1465 weil
1360 1443 1402 1465 er
1428 1432 1467 1465 in
1494 1434 1566 1467 Pa-

81 1479 239 1512 laestina
274 1490 394 1527 gegen
427 1480 660 1514 Aristobulus
691 1480 770 1512 und
811 1479 937 1512 desscn
973 1479 1077 1512 Sohn
1118 1479 1330 1512 Alexander
1362 1480 1568 1524 gliicklich

80 1526 302 1583 gefochten.
359 1527 464 1562 Diess
498 1527 602 1561 hatte
636 1528 715 1560 ihm
749 1527 817 1560 der
854 1527 967 1560 Senat
999 1526 1239 1572 schimpflich
1273 1528 1566 1576 abgeschlagen.

82 1579 118 1607 δ.
147 1574 229 1609 Cic.
258 1576 358 1609 Orat.
384 1576 429 1609 de
463 1577 636 1622 provinc.
663 1576 805 1609 consul.
831 1585 861 1608 c.
887 1577 921 1609 ll.
951 1596 992 1600 —
1022 1575 1219 1611 Procilius.
1253 1576 1336 1609 Vid.
1362 1576 1490 1612 Ursin.
1516 1578 1567 1611 ad

81 1623 195 1657 Attio.
223 1623 291 1656 IV.
319 1624 378 1658 15.
407 1626 461 1660 16.
512 1625 598 1658 Fuit
635 1629 810 1668 quaestor
847 1624 929 1659 693.
964 1622 1137 1656 tribunus
1162 1623 1282 1668 plebis
1308 1625 1388 1659 595.
1415 1626 1565 1658 Manui.

84 1670 213 1704 hamb.
246 1670 439 1705 Porcilius.
474 1674 592 1706 Falsa
631 1691 675 1697 ——
712 1671 822 1704 Foris
847 1670 884 1703 h.
911 1681 942 1703 e.
969 1683 987 1703 a
1014 1672 1154 1716 populo
1183 1671 1374 1716 plauditur
1406 1673 1569 1706 senatui.

85 1719 193 1753 SCH.
222 1737 265 1743 ——
290 1720 385 1764 quod
407 1731 485 1768 erg.
506 1727 630 1754 actum
658 1725 724 1754 est.
753 1738 795 1743 —
824 1717 1090 1764 εἰλικρινὲς,
1119 1719 1328 1761 sincerum,
1356 1719 1570 1768 integrum,

86 1766 188 1811 quod
221 1766 320 1801 nihil
355 1769 497 1813 gratiae
528 1780 633 1802 meae
666 1768 821 1809 tribuit,
854 1768 915 1801 ein
948 1767 1092 1806 mines,
1124 1766 1341 1812 gerecffles,
1367 1768 1477 1801 nicht
1502 1779 1570 1801 :ius

87 1814 339 1860 Gefalligkeit
376 1828 500 1864 gegen
540 1816 644 1850 mich
688 1817 1065 1863 hervorgegangenes
1110 1815 1480 1850 Rathserkenntniss.
1520 1835 1568 1840 ——

86 1863 164 1896 siue
189 1874 289 1906 opp„
318 1864 416 1898 ohne
443 1865 637 1898 lemandes
662 1863 961 1908 VViderspruch.
988 1882 1035 1887 —
1059 1864 1134 1896 sine
1159 1867 1260 1906 grat.
1287 1868 1431 1906 trosti-a,
1468 1862 1573 1897 oluie

87 1912 167 1944 dass
192 1923 277 1944 man
305 1923 413 1955 sagea
441 1912 563 1953 kann,
590 1925 627 1946 es
653 1912 705 1946 sei
730 1912 806 1945 mir
831 1924 876 1944 zu
902 1912 1077 1946 Gefallen
1102 1911 1323 1956 gescliehen.
1358 1930 1405 1937 —
1444 1913 1572 1946 ΛηΙιῗὶ.

89 1959 146 1993 Ει·
170 1971 249 1992 war
274 1961 350 1994 also
377 1960 502 2003 nicht,
534 1961 607 1995 wie
642 1971 683 1994 er
717 1960 800 1993 sich
826 1970 1123 2006 vorgenonnnen
1150 1959 1252 1993 hatte
1279 1961 1321 2001 (s.
1349 1970 1405 2004 ep.
1433 1960 1574 2000 GVH),

90 2008 158 2039 uuf
180 2007 252 2040 den
277 2010 309 2043 6.
329 2009 408 2042 Mai
433 2009 532 2042 nach
559 2010 651 2043 Rom
676 2007 1000 2052 zuriickgekehrt.
1052 2009 1130 2041 Der
1157 2007 1288 2041 CXIII.
1317 2019 1351 2041 u.
1374 2009 1511 2041 CXIV.
1537 2020 1574 2040 u.

91 2055 197 2089 CXV.
223 2056 332 2088 Brief
366 2059 511 2090 iniissen
547 2057 705 2102 folglich
738 2068 797 2090 am
834 2055 941 2090 Ende
975 2056 1086 2091 Mars
1111 2056 1201 2090 oder
1227 2057 1280 2089 ini
1306 2056 1391 2089 Ans.
1419 2056 1487 2090 des
1511 2056 1577 2089 lu-

89 2103 173 2135 nius
200 2115 244 2136 zu
269 2104 363 2137 Rom
389 2103 631 2149 gesclirieben
656 2105 747 2138 sein.

187 2171 219 2205 2.
247 2171 289 2203 cle
315 2182 412 2212 agro
447 2170 598 2216 Camp.‚
633 2183 678 2206 ex
709 2183 753 2206 eo
781 2171 1119 2210 senatusconsulto,
1153 2171 1252 2214 quod
1285 2172 1380 2205 Non.
1409 2172 1502 2217 Apr.
1529 2183 1578 2205 ex

93 2218 287 2253 Ciceronis
314 2220 494 2253 sententia
520 2221 665 2254 sactum
691 2226 789 2262 erat,
827 2227 869 2253 ut
894 2221 938 2253 de
964 2229 1056 2265 agro
1085 2220 1274 2264 Campano
1299 2219 1495 2264 frequenti
1519 2232 1580 2252 se-

93 2272 183 2299 natu
208 2267 334 2300 Idibus
360 2267 454 2301 Maii
487 2270 707 2302 referretur.
743 2268 829 2304 Vid.
864 2279 922 2313 ep.
960 2268 1038 2307 149,
1065 2267 1098 2300 8.
1127 2267 1188 2308 (ad
1222 2267 1307 2301 Div.
1335 2268 1368 2309 1,
1395 2269 1447 2309 9.)
1471 2268 1580 2301 ⁸011.

97 2333 138 2342 ›—
166 2315 253 2347 milti
278 2325 373 2358 (ιψιιι
398 2315 542 2358 haeret,
579 2317 672 2358 „ich
698 2317 788 2350 weis
813 2316 887 2349 mir
912 2314 1020 2348 dabei
1047 2314 1153 2348 nicht
1179 2315 1289 2349 recht
1323 2328 1371 2348 zu
1404 2314 1581 2349 helfen.“

96 2363 231 2397 Cicero
260 2375 339 2396 war
365 2363 537 2397 niiinlich
569 2365 829 2409 unschliissig‚
865 2364 912 2397 ob
946 2374 1011 2405 er,
1040 2374 1116 2395 was
1150 2363 1214 2396 fiir
1246 2364 1318 2396 den
1354 2364 1456 2396 Sta-..t
1493 2374 1581 2396 vor-

95 2409 278 2444 theilhaft
303 2410 450 2453 schien,
491 2413 561 2445 den
601 2413 776 2447 Verkauf
808 2413 870 2445 des
904 2421 992 2458 ager
1031 2412 1238 2455 Campanus
1272 2411 1450 2458 billigen‚
1488 2411 1581 2444 oder

96 2459 181 2491 dem
209 2460 405 2504 Pompeius
432 2472 494 2492 aus
522 2461 776 2507 Gesiilligkeit
802 2461 986 2493 beitreten
1007 2459 1133 2500 sollte,
1163 2459 1228 2492 der
1246 2459 1366 2492 lieber
1385 2458 1471 2499 sah,
1498 2460 1580 2492 dass

98 2507 218 2539 dieser
243 2507 367 2541 Acker
393 2520 439 2540 an
466 2507 564 2542 seine
593 2507 804 2543 Veteranen
831 2506 1010 2542 vertheilt
1036 2509 1177 2542 wiirde.
1204 2508 1249 2540 So
1277 2507 1320 2539 de
1348 2507 1481 2540 Ollicc.
1509 2507 1579 2548 111,

97 2555 157 2595 33,
187 2557 271 2589 117:
307 2567 399 2599 aqua
436 2555 567 2590 haeret
592 2557 613 2589 i.
642 2568 671 2590 e.
709 2557 842 2590 incidit
878 2558 916 2589 in
952 2555 1116 2595 obicem,
1152 2555 1329 2599 expedire
1364 2564 1399 2586 se
1432 2556 1580 2598 nequit.

98 2602 234 2634 Modus
262 2604 507 2645 proverbialis
539 2605 670 2638 ductus
697 2606 740 2638 ab
767 2615 882 2649 aqua,
916 2603 1020 2636 cuius
1054 2614 1182 2635 cursus
1213 2602 1431 2646 impeditur.
1458 2603 1579 2637 EAG-

101 2648 230 2682 0101..
259 2668 300 2673 —
326 2651 436 2692 plara
463 2654 544 2685 scil.
574 2652 720 2698 scripsi.
750 2669 791 2676 -—
819 2662 941 2685 coram
968 2650 1059 2683 enim
1087 2651 1110 2682 i.
1138 2661 1167 2681 e.
1197 2650 1385 2694 praesenti
1412 2652 1578 2685 sermoni

101 2703 354 2730 reservaturus
382 2710 497 2735 eram.
517 2721 558 2726 —-
585 2701 690 2744 pueri
708 2701 842 2738 nostri,
869 2710 1002 2732 unsere
1021 2698 1151 2731 beiden
1168 2697 1312 2735 So‘lme,
1339 2699 1437 2731 Dein
1457 2700 1577 2743 Quin-

99 2751 180 2786 tus,
208 2745 309 2778 mein
335 2747 498 2783 Marcus.
528 2748 588 2782 Sic
615 2749 696 2785 Md.
725 2749 824 2783 Vict.
852 2751 886 2782 1.
915 2750 950 2782 2.
988 2760 1035 2776 Ξ
1070 2746 1185 2778 nostri
1225 2756 1307 2788 rog.
1341 2747 1448 2791 pueri
1480 2748 1577 2781 Cett.
