1742 3006
505 56 824 123 EPISTOLA
855 81 1036 124 xxvi.
1470 81 1557 128 103

71 200 230 251 pereat.
292 194 408 235 Nam
438 195 481 233 et
511 192 699 233 Graecis
729 191 797 232 his
827 191 978 245 libris,
1009 207 1117 247 quos
1142 195 1359 248 suspicor,
1392 200 1436 236 et
1466 195 1551 237 La-

70 253 200 302 tinis,
238 264 347 304 quos
387 249 480 290 scio
518 249 643 288 illum
683 248 935 302 reliquisse,
975 249 1085 290 mihi
1125 249 1406 292 vehementer
1442 265 1550 305 opus

72 313 148 349 est.
209 307 307 360 Ego
337 311 480 346 autem
509 304 707 359 quotidie
736 304 891 358 magiS,
921 305 1038 358 quod
1067 306 1178 347 mihi
1207 306 1262 348 de
1292 307 1461 348 forensi
1489 308 1551 348 la-

72 366 176 405 bore
206 361 416 416 temporis
445 360 590 412 datur,
620 362 666 401 in
694 360 750 400 iis
779 359 938 401 studiis
968 363 1244 414 conquiesco.
1304 363 1397 405 Per
1424 363 1550 415 mihi,

74 435 175 475 per,
206 421 409 472 inquam,
439 421 613 471 gratum
644 416 834 468 feceris,
865 418 903 456 si
933 417 979 457 in
1010 416 1094 458 ho'c
1122 423 1211 459 tam
1241 419 1429 474 diligens
1460 420 1549 460 fue-

74 478 150 527 ris,
179 488 308 529 quam
337 473 452 514 soles
483 473 527 513 in
560 473 618 514 iis
648 474 790 525 rebus,
831 487 937 526 quas
967 487 1037 514 nie
1067 474 1194 514 valde
1223 476 1333 517 velle.
1365 477 1553 518 arbitra-

73 534 156 573 ris:
193 531 419 584 ipsiusque
457 528 591 569 Paeti
630 530 711 569 tibi
754 530 934 583 negotia
975 530 1259 583 commendo,
1299 533 1356 573 (le
1396 531 1553 587 quibus

71 589 151 634 tibi
181 587 257 627 ille
287 587 380 639 agit
408 586 622 626 maximas
652 587 842 639 gratias:
873 591 929 636 et,
960 590 1008 627 ut
1037 587 1123 627 iam
1155 587 1319 628 invisas
1342 602 1436 641 nos,
1468 602 1555 631 non

69 644 209 685 solum
240 655 373 697 rogo,
404 641 479 681 scd
509 641 641 682 etiam
671 642 849 684 suadeo.
933 641 935 644 ’
992 643 993 646 ’

379 813 695 857 EPISTOLA
724 813 909 856 XXVI.
963 815 1075 865 (Au.
1101 816 1160 856 11.
1186 816 1241 866 1.)

263 894 342 926 Ser.
366 894 508 926 Romae
534 891 575 924 Α.
609 892 650 925 U.
680 896 720 927 c,
748 892 826 927 694.
857 901 981 924 mense
1002 890 1121 924 lunio.
1167 891 1214 933 (a.
1236 894 1272 924 c.
1292 892 1364 933 60.)

71 962 127 996 De
161 960 319 994 historia
349 960 565 993 consulatus
600 959 842 995 Ciceroniani
879 959 925 991 ab
952 958 1080 992 Attico
1107 959 1254 992 Graece
1283 960 1419 1005 scriptu
1449 960 1560 992 item-

71 1021 141 1055 que
175 1010 221 1043 de
254 1019 320 1042 suo
352 1008 430 1041 eius
465 1008 739 1041 commentario
767 1007 925 1040 Graeco.
957 1009 985 1041 1.
1013 1009 1045 1042 2.
1098 1008 1144 1041 de
1171 1008 1429 1046 orationibus,
1455 1019 1562 1053 prae-

71 1059 181 1104 cipue
208 1057 483 1098 consularibu‘s‚
510 1057 556 1089 ad
582 1056 748 1089 Atticum
774 1055 979 1089 mittendis.
1008 1057 1041 1090 3.
1093 1056 1137 1089 de
1162 1056 1274 1090 huius
1300 1057 1463 1091 adventu
1489 1056 1563 1089 sibi

72 1107 224 1152 quidem
250 1112 446 1150 exoptato,
492 1105 655 1138 nondum
682 1113 806 1137 tamen
831 1104 1058 1142 necessario.
1085 1106 1119 1138 4.
1171 1106 1218 1138 de
1245 1106 1368 1141 Clodii
1393 1106 1561 1138 tribuna—

71 1163 127 1188 tus
152 1155 335 1201 petitione
361 1154 509 1198 suisque
537 1165 624 1186 cum
651 1165 694 1186 eo
720 1152 1039 1186 altercationibus.
1066 1154 1099 1188 5.
1139 1153 1183 1186 de
1209 1155 1358 1197 agraria
1383 1155 1480 1198 lege.
1530 1155 1563 1188 6,

72 1205 116 1237 de
149 1202 220 1237 suis
254 1214 341 1236 enm
368 1201 568 1247 Pompeio,
612 1202 773 1235 Caesare
798 1210 833 1234 et
861 1213 946 1235 cnm
973 1202 1075 1234 omni
1100 1212 1141 1235 re
1165 1202 1316 1247 publica
1343 1202 1562 1236 rationibus.

71 1256 102 1288 7.
131 1253 164 1287 8.
216 1252 262 1285 de
288 1251 441 1284 Favonii
466 1257 504 1283 et
529 1251 683 1283 Lucceii
711 1251 908 1295 petitione.
970 1250 1015 1282 de
1041 1250 1217 1295 Sicyonio
1243 1252 1409 1296 negotio.
1447 1253 1479 1286 9.
1508 1251 1564 1284 10.

71 1301 115 1333 de
141 1300 238 1333 villis
263 1300 335 1333 suis
360 1299 576 1332 Tusculana
601 1305 639 1331 et
665 1300 918 1343 Pompeia1m5
962 1299 1005 1331 de
1042 1300 1119 1332 otio
1147 1299 1183 1331 in
1212 1300 1334 1333 Gallia
1360 1298 1565 1344 sperando3

73 1349 119 1382 de
143 1349 261 1382 Attici
288 1358 450 1381 accessu.
479 1349 534 1381 11.
587 1346 631 1379 de
657 1347 765 1380 libris
792 1347 863 1379 sibi
889 1360 910 1379 a
936 1349 1049 1380 Paeto
1077 1347 1247 1390 donatis-5
1293 1349 1338 1381 de
1372 1347 1492 1381 literis
1517 1346 1565 1379 ad

604 1394 803 1428 Octavium
830 1394 937 1428 datis.
968 1396 1027 1431 12.

572 1463 751 1498 CICERO
802 1463 984 1498 ATTICO
1035 1462 1074 1498 S.

183 1531 282 1572 Kal.
313 1532 408 1571 Iun.
441 1529 559 1570 eunti
589 1528 697 1569 mihi
727 1530 909 1570 Antium
941 1534 984 1571 et
1015 1531 1289 1584 gladiatores
1312 1530 1372 1572 M.
1397 1530 1566 1571 Metelli

75 1588 232 1641 cupide
271 1586 536 1640 relinquenti
576 1586 697 1626 venit
734 1586 908 1627 obviam
948 1592 1045 1627 tuus
1072 1601 1193 1642 puer.
1256 1588 1300 1628 Is
1330 1587 1440 1628 mihi
1469 1588 1566 1627 lite-

75 1658 145 1685 ras
176 1644 251 1684 abs
280 1647 324 1683 te
352 1646 397 1682 et
426 1642 788 1682 commentarium
818 1643 1067 1684 consulatus
1108 1644 1197 1684 mei
1227 1643 1398 1685 Graece
1427 1643 1566 1697 scrip-

8 1703 13 1750 ’ς
74 1706 167 1741 tum
197 1698 407 1741 reddidit.
478 1697 533 1738 In
563 1710 647 1751 quo
677 1698 862 1739 laetatus
903 1712 998 1739 sum
1028 1713 1097 1740 me
1127 1700 1350 1754 aliquanto
1381 1704 1482 1741 ante
1512 1699 1567 1741 de

77 1819 178 1852 tikus
205 1817 369 1860 ersucht‚
407 1816 523 1851 dahin
551 1828 598 1848 zu
624 1817 753 1858 seben,
789 1817 867 1850 dass
894 1818 927 1850 ia
955 1817 1044 1850 kein
1071 1818 1172 1852 Blatt
1198 1819 1318 1853 ‹lavon
1346 1819 1446 1853 heim
1474 1820 1566 1853 Ein·

76 1868 221 1913 packen
248 1878 284 1899 u.
311 1865 604 1910 Transportiren
632 1866 809 1899 verloren
836 1865 945 1912 gelne.
975 1885 1018 1890 —
1054 1877 1139 1910 quos
1164 1867 1330 1911 suspicor
1356 1867 1566 1912 reliquisse·

42 1939 44 1941 >
79 1936 121 1942 —
149 1915 275 1948 labore
300 1913 401 1947 fehlt
433 1915 485 1946 im
513 1913 604 1948 Cod.
632 1914 734 1948 Med.
769 1926 805 1947 u.
835 1915 947 1948 Oxou.
978 1917 1009 1950 2.
1061 1915 1153 1962 Vgl.
1187 1915 1325 1950 iedoch
1361 1927 1420 1961 ep.
1448 1918 1567 1956 XXII,

78 1966 112 1999 6.
141 1984 180 1989 -
210 1973 315 2006 quam
340 1961 501 2007 diligens
527 1961 625 1994 soles
649 1961 732 1996 scil.
761 1973 848 1995 esse.
878 1981 920 1986 —
949 1962 988 1995 in
1014 1963 1061 1996 iis
1088 1963 1202 1997 rebus.
1254 1964 1314 1996 Sic
1341 1964 1486 2010 scripsi.
1514 1964 1570 1998 lais

82 2015 174 2045 cett.
224 2009 421 2044 ORELLI.
472 2009 578 2043 Uber
605 2010 664 2043 die
698 2009 875 2058 Stellung
908 2021 978 2044 von
1012 2012 1159 2055 inquam
1192 2025 1218 2046 s.
1243 2012 1390 2047 Grotef.
1427 2013 1459 2055 ς.
1486 2014 1568 2052 468,

80 2057 233 2095 Ramsh.
265 2059 298 2101 ἒ.
328 2059 407 2093 196.
434 2058 467 2091 b.
494 2058 528 2091 4.
555 2058 613 2098 5.;
653 2058 746 2091 iiber
771 2059 832 2092 die
859 2059 1004 2092 Tmesis
1027 2070 1096 2102 per
1121 2085 1128 2091 .
1158 2086 1165 2092 .
1195 2087 1202 2093 .
1237 2064 1387 2102 gratum
1420 2061 1568 2096 Grotef.

16 2116 18 2151 ξ
81 2109 115 2150 97.
142 2108 224 2148 493,
252 2108 284 2141 6.
312 2105 465 2140 Ramsh.
493 2105 526 2149 ς’.
555 2108 633 2141 206.
668 2107 706 2139 B.
735 2108 766 2142 2.
795 2120 831 2141 u.
859 2109 887 2151 ξ.
915 2109 996 2142 218.
1023 2108 1063 2140 B.
1092 2108 1142 2150 11,
1170 2110 1209 2151 43
1236 2110 1330 2142 iiber
1355 2109 1427 2143 den
1453 2111 1571 2156 Opta-

16 2168 18 2175 ·
79 2155 298 2198 tivseceris
323 2153 475 2188 Ramsh.
503 2154 534 2197 ἕ.
565 2156 642 2196 166,
669 2156 704 2191 3,
734 2167 765 2188 a.
795 2155 944 2190 Grotef.
973 2158 1000 2200 §.
1029 2157 1108 2190 183.
1138 2175 1178 2181 —
1217 2157 1324 2191 Paete·
1348 2161 1498 2200 negotia
1532 2159 1571 2191 in

17 2230 20 2241 ,
81 2201 228 2238 Betreff
251 2203 372 2236 seiner
398 2201 601 2236 Erbschast
629 2202 668 2234 in
694 2203 845 2248 Epirus.
871 2223 918 2228 —
944 2204 1041 2246 agit,
1069 2204 1174 2238 Amb.
1205 2207 1259 2241 16.
1287 2208 1368 2238 Asc.
1398 2209 1428 2240 l.
1455 2208 1570 2240 Hei-v.

82 2256 183 2294 aget.
241 2252 314 2285 Das
348 2251 501 2283 Priisens
535 2250 583 2284 ist
617 2257 763 2284 zarter:
801 2263 842 2284 er
875 2251 977 2285 ffihlt
1018 2251 1135 2285 sehon
1169 2254 1221 2287 im
1255 2255 1422 2296 Voraus,
1456 2256 1570 2288 sehon

17 2318 20 2330 ·
81 2301 171 2334 ietzt
196 2299 277 2333 sich
303 2298 371 2332 Dir
396 2299 508 2331 dafiir
532 2298 586 2331 im
611 2298 799 2334 hfichsten
827 2300 950 2335 Grade
977 2300 1207 2335 verbunden.

177 2388 207 2419 1.
248 2385 420 2425 Antium,
447 2385 545 2418 noch
572 2385 711 2427 Anzio,
753 2398 797 2419 an
826 2386 890 2420 der
915 2386 1212 2432 tyrrhenischen
1240 2390 1382 2429 Kiiste,
1426 2401 1486 2423 wo
1513 2390 1573 2422 die

86 2434 243 2467 meisten
277 2435 441 2467 Grossen
478 2433 592 2467 Roms
629 2433 832 2480 priichtige
871 2437 1013 2469 Hiiuser
1052 2437 1237 2471 besassen.
1301 2440 1434 2472 Cicero
1468 2438 1575 2471 hatte

21 2491 24 2521 g
85 2482 247 2514 daselbst
279 2483 355 2516 wol
388 2482 521 2515 keinen
556 2483 716 2527 eigenen
751 2484 972 2525 &Volmsitm
1025 2484 1188 2518 sondern
1231 2497 1271 2519 er
1314 2486 1466 2519 schcint
1504 2499 1576 2520 nur

21 2531 25 2569 ξ
87 2530 368 2573 durchgereiset
393 2542 436 2562 zu
463 2531 554 2572 sein,
579 2543 643 2565 um
668 2532 749 2565 sich
775 2533 874 2566 nach
900 2534 1021 2566 seinen
1049 2533 1294 2578 Landgiitern
1321 2547 1366 2568 zu
1393 2535 1575 2579 begeben.

23 2607 25 2612 ,
90 2596 130 2601 -
160 2577 391 2619 gladiatores
415 2585 506 2613 statt
531 2581 740 2614 certamina
766 2581 991 2625 gladiatoria
1017 2583 1164 2615 Romae
1197 2593 1216 2613 a
1242 2583 1399 2617 Metello
1425 2583 1577 2617 institu-

24 2661 26 2664 ,
88 2634 139 2659 ta.
192 2626 268 2658 Das
300 2626 478 2665 Concret,
519 2639 588 2673 pro
624 2630 748 2663 Abstr.
824 2631 895 2663 Die
932 2630 1160 2664 Romischen
1187 2631 1381 2676 lllagnaten
1417 2634 1574 2666 suchten

24 2691 27 2713 ᾖ
89 2674 171 2707 sich
205 2673 322 2706 durch
357 2674 458 2708 diese
492 2687 708 2721 grausamen
741 2679 980 2723 Schauspiele
1016 2679 1103 2711 dem
1130 2677 1245 2711 Volke
1280 2692 1322 2713 zu
1348 2682 1576 2726 empselilen.

26 2755 28 2770 Ι
90 2725 243 2756 Blarcus
279 2722 460 2756 Caecilius
495 2727 674 2758 Metellus
711 2738 787 2759 war
812 2728 967 2761 Richter
1002 2728 1061 2759 bei
1095 2726 1162 2760 der
1189 2726 1578 2774 Untersclileifslzlage

91 2772 153 2805 des
185 2771 325 2806 Verres
358 2782 392 2804 u.
429 2773 563 2807 Prator
598 2775 680 2810 685.
742 2773 776 2809 S.
807 2773 953 2809 Verrin.
985 2776 1066 2808 Act.
1095 2777 1129 2818 Ι,
1162 2777 1193 2811 9.
1226 2778 1277 2812 10.
1307 2796 1346 2801 -—-
1388 2782 1494 2811 tuum.
1546 2779 1579 2814 S.
