1742 3006
149 111 211 159 52
396 112 458 156 M.
491 115 547 156 Τ.
579 111 920 156 CICERONIS
951 113 1326 156 EPISTOLAE.

443 281 523 315 Ser.
554 283 695 315 Romae
728 281 770 315 A.
807 282 849 315 U.
886 287 924 316 C.
960 225 1039 316 693(-
1116 281 1165 324 (a.
1201 284 1239 314 C.
1274 225 1347 323 6)l.)

154 332 211 364 De
235 329 358 375 prima
379 328 551 374 Pompeii
577 330 744 375 oratione
768 336 852 374 post
877 329 1040 362 reditum
1072 339 1115 360 ex
1150 330 1248 363 bello
1274 327 1541 364 Mithridatico
1567 328 1631 361 lia·

154 380 244 411 bita.
266 380 297 412 1.
323 378 411 411 E‘ius
437 379 621 410 sententia
647 378 687 410 in
713 379 898 411 concione
924 377 969 410 de
996 376 1183 410 iudicibus
1210 389 1229 410 a
1256 384 1429 423 p1·aetore
1455 377 1494 409 in
1521 389 1632 410 causa

155 426 338 461 Clodiana
363 425 542 468 legendis,
568 433 606 459 et
632 425 669 458 in
696 433 824 459 senatu
851 426 895 458 de
922 425 1157 470 promulgata
1191 426 1366 459 adversus
1399 436 1484 457 eum
1520 436 1631 468 roga-

152 475 267 507 tione.
295 474 329 508 2.
369 473 414 504 de
439 474 561 508 Crassi
591 474 765 507 laudibus
791 474 969 506 Ciceroni
1003 473 1164 506 tributis.
1196 475 1232 508 3.
1283 475 1330 506 de
1363 485 1429 507 sua
1464 473 1633 506 oratione

152 523 191 554 in
220 527 346 554 senatu
371 519 516 554 habita.
541 522 575 555 4.
626 522 673 554 de
699 521 821 557 Clodii
854 521 1158 554 contentionibus
1191 521 1235 554 ad
1270 522 1547 567 impediendam
1572 532 1632 554 to-

222 570 423 613 gationem.
450 571 483 604 5.
535 571 580 603 de
614 571 808 604 consulum
842 571 978 602 animo.
1006 571 1038 604 6.
1091 569 1136 601 de
1161 569 1243 602 aliis
1270 571 1498 615 quibusdam.
1526 572 1560 606 7.

651 619 835 652 CICERO
868 617 1052 650 ATTICO
1078 617 1112 650 S.

262 664 461 717 Vereor,
501 679 557 707 ne
597 666 803 720 putidum
841 666 901 706 sit
929 666 1126 705 scribere
1166 664 1223 705 ad
1267 669 1336 717 te,
1376 679 1507 719 quam
1546 665 1631 705 sim

152 724 420 775 occupatus3
462 722 539 762 sed
582 726 728 762 tamen
769 722 1017 762 distinebai
1031 752 1043 773 ‚
1083 726 1132 761 ut
1173 720 1280 760 huic
1308 722 1391 761 vix
1433 722 1632 762 tantulae

151 777 370 830 epistolae
410 782 583 831 tempus
614 777 844 818 habueiim
885 782 1017 831 atque
1058 777 1106 816 id
1145 781 1345 830 eie-ptum
1385 789 1408 816 e
1449 779 1631 817 summis

152 834 538 886 occupationibus.
607 833 764 873 Prima
812 834 969 873 concio
1011 832 1219 896 Pompeii
1268 831 1415 885 qualis
1457 831 1631 884 suisset,

151 889 313 942 scripsi
345 888 403 928 ad
433 893 477 929 te
508 894 660 941 antea,
699 902 786 929 non
816 888 1011 928 iucunda
1040 889 1241 939 miseris,
1282 887 1427 927 inanis
1466 889 1630 941 impro-

151 944 245 995 bis,
275 944 418 984 beatis
449 958 535 984 non
566 921 720 998 gra’ta,
751 945 878 985 bonis
909 958 994 984 non
1026 945 1200 997 gravis:
1240 944 1390 997 itaque
1421 942 1629 997 frigebat.

151 999 270 1038 Tum
298 998 479 1040 Pisonis
510 1001 708 1040 consulis
738 1001 797 1039 im
832 1000 932 1039 ulsu
973 1000 1224 1039 levissimus
1255 1000 1457 1039 tribunus
1487 1000 1630 1052 plebis

150 1053 305 1094 Fufius
337 1056 382 1094 in
413 1057 674 1096 concionem
704 1069 801 1109 pro(
821 1057 923 1095 uxit
951 1054 1227 1108 Pompeium.
1293 1054 1386 1095 Res
1416 1056 1631 1109 agebatur

149 1110 197 1148 in
228 1110 352 1150 circo
381 1111 607 1152 Flaminio
632 1115 676 1151 et
706 1116 804 1151 erat
832 1112 877 1150 in
908 1123 960 1150 eo
991 1111 1088 1164 ipso
1120 1111 1220 1150 loco
1252 1110 1335 1150 illo
1366 1110 1439 1149 die
1470 1111 1628 1150 nundi-

147 1177 304 1205 narum
333 1166 557 1215 πανήγυρις.
617 1166 854 1216 Quaesivit
884 1179 942 1206 ex
973 1179 1049 1216 eo,
1094 1166 1351 1220 placeretne
1382 1167 1423 1206 ei
1456 1167 1628 1206 iudices

147 1234 175 1260 a
203 1224 409 1274 praetore
442 1222 557 1276 legi,
589 1235 676 1276 quo
709 1222 900 1262 consilio
934 1222 1054 1262 idem
1084 1227 1267 1275 praetor
1296 1226 1511 1262 uteretur.
1572 1221 1629 1261 Id

146 1281 296 1316 autem
326 1280 423 1317 erat
453 1277 509 1317 (le
540 1278 763 1318 Clodiana
792 1277 1013 1330 religione
1053 1278 1106 1316 ab
1138 1282 1293 1318 senatu
1324 1278 1629 1317 constitutum.

104 1363 107 1367 ,
146 1331 265 1371 Tum
295 1331 538 1386 Pompeius
567 1331 656 1381 μάλ’
687 1333 1016 1381 ἀριστοκρατικῶς
1046 1333 1220 1373 locutus
1251 1337 1333 1384 est,
1364 1338 1628 1386 senatusque

145 1388 463 1428 auctoritatem
486 1388 572 1428 sibi
597 1389 800 1428 omnibus
830 1389 876 1427 in
907 1388 1038 1427 rebus
1068 1389 1310 1428 maximam
1339 1387 1487 1428 videri
1516 1402 1627 1428 sem-

145 1455 313 1497 perque
342 1443 486 1484 visam
515 1457 613 1484 esse
644 1443 877 1498 respondit
906 1448 952 1483 et
981 1443 1029 1483 id
1058 1444 1213 1484 multis
1243 1444 1403 1485 verbis.
1461 1443 1628 1485 Postea

239 1556 274 1588 l.
302 1555 491 1598 putidum,
516 1556 616 1597 faul;
642 1554 729 1588 hier
757 1560 856 1600 trop.
883 1555 1052 1588 ekelhast
1077 1554 1270 1594 effecum,
1298 1554 1489 1590 kleinlicli.
1542 1555 1624 1598 vgl.

144 1600 228 1636 Cic.
257 1602 302 1636 de
328 1604 430 1636 offic.
463 1607 494 1644 l,
521 1605 579 1639 37.
607 1621 651 1628 -
678 1603 743 1636 sed
765 1607 893 1636 tamen.
926 1604 1016 1637 Cld.
1051 1601 1181 1634 Ambr.
1209 1602 1307 1635 Edd.
1341 1603 1425 1634 Asc.
1463 1605 1493 1636 1.
1522 1606 1623 1636 Crat.

141 1647 275 1682 Lamb.
303 1651 455 1687 Bentiv.
483 1655 602 1684 tamen
627 1652 694 1686 ita.
744 1652 914 1683 Fortasse
951 1650 1003 1682 ita
1039 1650 1180 1682 excidit
1212 1650 1336 1695 potius
1372 1656 1460 1683 unte
1497 1662 1627 1685 vocem

103 1738 105 1740 Ι
142 1700 268 1730 icemen.
320 1699 518 1734 ORELLI.
545 1718 590 1723 —
627 1698 829 1732 distinebcir
864 1698 1172 1743 occupationibus
1209 1700 1299 1740 (was
1337 1698 1384 1730 ad
1419 1699 1534 1735 Attio.
1574 1700 1626 1740 11,

140 1745 201 1783 23,
231 1744 277 1777 ad
303 1747 446 1781 Divers.
475 1748 534 1788 11,
571 1749 617 1782 30
642 1747 750 1779 dabei
788 1747 926 1788 steht),
966 1746 1090 1779 wurde
1125 1744 1186 1779 ich
1219 1757 1289 1778 von
1317 1747 1546 1780 Gescha'ften
1584 1759 1626 1781 so

139 1792 203 1823 hin
231 1794 307 1826 und
333 1793 404 1827 her
428 1803 595 1838 gezem-t,
632 1796 707 1828 fust
733 1806 772 1827 so
806 1795 1014 1835 zerrissen,
1052 1794 1134 1826 dass
1159 1805 1194 1826 u.
1223 1805 1253 1827 s.
1281 1806 1330 1831 w,
1369 1813 1412 1818 —
1447 1793 1528 1828 huic
1551 1797 1625 1836 vix,

141 1840 275 1876 Lamb,
304 1843 388 1875 edd.
418 1846 500 1878 Asc.
531 1845 634 1880 Crat.
662 1843 723 1876 vix
748 1841 844 1878 huic.
872 1861 915 1866 —-
943 1843 1126 1884 tantulae,
1154 1849 1232 1874 tani
1259 1843 1411 1887 exiguae
1438 1843 1624 1886 epistolae.

144 1906 187 1912 —
216 1894 319 1932 atque
344 1904 392 1921 z
420 1892 492 1923 und
518 1903 648 1936 sogor,
682 1892 759 1923 und
787 1891 883 1923 noch
911 1890 1016 1923 dazu.
1067 1891 1102 1923 ὃ.
1130 1889 1285 1923 Ramsh.
1323 1893 1349 1935 §.
1383 1892 1470 1931 179,
1498 1892 1546 1931 B,
1583 1893 1620 1926 3.

141 1954 185 1959 —
214 1942 326 1981 περί,
355 1949 373 1970 e
398 1949 426 1971 S.
456 1950 552 1981 occ„
590 1939 660 1970 den
686 1938 930 1983 wichtigsten
959 1937 1186 1971 Geschiiften
1214 1937 1469 1983 abgestohlen.
1525 1940 1624 1975 Edd.

141 1987 226 2017 Asc.
247 1988 276 2018 1.
306 1988 403 2019 Crat.
430 1997 473 2019 ez
497 1987 656 2020 summis.
685 1987 815 2019 Lamb.
846 1988 946 2028 1566,
972 1987 1157 2029 dereptum
1183 1987 1225 2018 de
1249 1997 1277 2019 s.
1306 1987 1411 2026 1584.
1439 1987 1624 2031 dereptum

142 2042 197 2066 ez.
225 2053 267 2059 —
297 2036 439 2075 concio,
478 2036 514 2067 in
541 2041 669 2067 senatu
705 2035 846 2070 habita,
874 2053 917 2058 --
944 2034 1076 2077 sci-ips.
1111 2034 1159 2066 ad
1192 2038 1225 2066 te
1264 2038 1388 2075 antea,
1423 2035 1459 2068 in
1497 2037 1623 2069 ciuem

138 2080 243 2113 nicht
269 2082 374 2114 mehr
399 2083 662 2116 vorliandenen
689 2083 831 2115 Briefe.
862 2101 905 2105 -
932 2083 1068 2119 inanis,
1095 2082 1320 2125 gehaltleer,
1349 2082 1443 2125 todt‚
1469 2083 1622 2117 frucht-

138 2127 206 2168 los,
234 2131 316 2162 weil
342 2142 381 2163 er
408 2131 468 2163 die
493 2131 642 2164 Frevler
669 2131 774 2163 nicht
801 2131 998 2166 bedrolite.
1025 2149 1067 2154 —-
1095 2131 1229 2167 beatis,
1258 2131 1326 2162 den
1353 2131 1517 2164 Reichen
1545 2132 1621 2164 und

138 2176 378 2222 Blachtigen.
407 2197 449 2203 ——
476 2180 619 2220 gravi-⁵3
654 2179 843 2212 Eindruck
868 2179 1063 2217 macliend‚
1100 2178 1386 2212 eindrncksvoll.
1414 2198 1456 2204 —-
1487 2179 1620 2219 Fufius,

136 2224 172 2255 S.
204 2236 249 2257 zu
276 2237 332 2270 ep.
359 2227 443 2268 XV,
485 2229 515 2261 1.
545 2246 586 2251 -—
615 2227 652 2259 in
679 2229 882 2260 concionem
909 2227 1026 2271 plebis
1047 2226 1150 2269 prod.
1177 2238 1245 2271 pro
1272 2228 1510 2260 tribunorum
1538 2228 1619 2260 iure

139 2283 181 2304 ac
208 2279 414 2317 potestate,
451 2282 511 2313 ut,
551 2275 684 2319 quibus
721 2276 764 2308 de
793 2277 903 2308 rebus
931 2282 1029 2307 esset
1054 2275 1323 2318 interrogatus,
1363 2275 1617 2318 responderet,

139 2338 181 2344 -
209 2321 246 2353 in
274 2322 375 2356 circo
401 2323 585 2356 Flaminio
612 2323 655 2354 ad
683 2323 757 2356 sive
783 2330 887 2356 extra
906 2324 1052 2363 urbem,
1080 2323 1145 2355 ubi
1166 2324 1363 2367 Pompeius
1381 2322 1619 2367 triumphum

137 2376 352 2413 exspectans
391 2382 508 2416 prope
542 2371 587 2404 ad
623 2373 759 2405 exitum
796 2373 874 2404 eius
911 2371 995 2403 anni
1028 2372 1226 2412 remansit,
1260 2382 1332 2416 quo
1367 2371 1616 2415 triumphavit.

136 2417 214 2449 Der
241 2418 371 2451 Circus
400 2431 477 2452 war
504 2431 575 2451 von
611 2419 819 2452 demselbeu
845 2419 1051 2452 Flaminius
1086 2419 1150 2450 anf
1182 2419 1249 2451 den
1285 2419 1400 2463 pratis
1428 2419 1617 2452 Flaminiis

135 2465 178 2505 (ε.
207 2466 286 2499 Liv.
317 2467 387 2509 111,
413 2468 458 2501 54
486 2467 559 2500 und
585 2469 642 2506 63,
671 2467 871 2506 XXXVIII.
911 2468 951 2508 5)
980 2468 1138 2504 orbant,
1173 2465 1339 2499 wclcher
1366 2467 1423 2498 die
1452 2468 1509 2500 via
1533 2468 1616 2501 Fla-

135 2514 251 2545 minia
279 2521 400 2547 zuerst
425 2517 603 2559 angelegt
630 2515 746 2548 hatte.
798 2517 832 2548 S.
861 2527 920 2559 ep.
948 2515 990 2556 X,
1016 2516 1049 2549 2.
1089 2534 1130 2538 --
1171 2515 1360 2548 nundinor.
1401 2512 1615 2559 πανήγυρις.

138 2572 286 2604 grosser
313 2563 522 2608 Markttag.
552 2583 595 2588 —
623 2573 689 2606 quo
717 2563 892 2602 consilio,
933 2564 1068 2607 quibus
1104 2561 1288 2594 iudicibus
1327 2563 1362 2594 in
1391 2575 1501 2597 causa
1528 2565 1614 2597 Clo-

138 2610 245 2641 diana
272 2609 314 2642 cle
342 2611 520 2652 religione
545 2612 601 2652 (ut
628 2623 713 2643 mox
742 2615 770 2654 ᾗ.
800 2613 849 2651 2.)
885 2613 909 2645 i.
938 2623 969 2644 e.
1003 2611 1046 2643 de
1070 2610 1182 2642 sacris
1209 2611 1329 2643 Bonae
1365 2611 1466 2643 Deae
1495 2613 1614 2645 Clodii

135 2658 276 2689 scelere
309 2660 572 2693 contaminatis
603 2663 774 2693 meretur.
803 2678 844 2682 -
871 2659 919 2691 Id
943 2662 1059 2691 aulem
1087 2657 1233 2690 bezieht
1258 2659 1339 2691 sich
1379 2660 1447 2692 auf
1472 2660 1613 2692 iudices

134 2717 152 2736 a
180 2712 353 2749 praetore
378 2707 466 2751 legi,
494 2708 577 2741 dem
602 2708 737 2739 Prator
763 2707 870 2740 sollte
898 2707 958 2739 die
981 2705 1092 2739 wahl
1120 2706 1185 2738 der
1212 2705 1376 2739 Richter
1401 2708 1612 2741 iiberlassen

132 2753 391 2844 blelbiniacil'
421 2798 571 2849 ἀριστ.
606 2805 734 2850 plane,
764 2809 804 2836 ut
841 2804 1061 2849 optimatem
1088 2802 1210 2836 decet.
1241 2822 1282 2827 -—
1311 2808 1343 2836 et
1378 2804 1425 2837 id.
1454 2803 1609 2839 aamsh.
