1742 3006
571 76 889 119 EPISTOLA
920 76 1044 119 XLI.
1463 88 1548 135 179

76 193 249 241 berem,
295 201 400 230 ecce
429 186 511 228 tibi
543 185 761 227 Sebosus!
818 187 1028 231 Nondum
1058 191 1191 245 plane
1220 192 1547 248 ingemueram:

80 247 285 299 „Salveffv
321 243 467 298 inquit
494 242 670 283 Arrius.
727 242 830 283 Hoc
858 250 928 284 est
956 245 1104 288 Roma
1134 247 1381 292 decedere?
1437 267 1547 308 quos

76 316 158 356 ego
190 301 391 342 homines
420 297 574 352 effugi,
604 311 738 351 quum
768 298 814 338 in
845 298 928 340 hos
958 301 1132 342 incidi?
1188 304 1289 359 Ego
1317 321 1426 349 vero

239 356 292 398 In
319 358 491 396 montes
521 354 692 407 patrios
722 358 767 394 et
796 353 852 395 ad
884 355 1153 398 incunabula
1182 365 1336 403 nostra

80 426 276 467 pergam,
345 410 577 463 Denique,
625 410 663 449 si
705 409 828 451 solus
858 425 946 452 non
975 416 1188 466 potuero,
1239 429 1338 458 cum
1369 420 1550 461 rusticis

77 471 250 523 potius,
290 479 421 521 quam
451 478 551 504 cum
582 463 654 504 his
684 467 972 518 pei-urbanis:
1003 468 1068 508 ita
1096 473 1269 523 tamen,
1300 479 1362 526 ut,
1393 477 1550 529 quoni-

76 538 148 566 am
178 528 226 565 tu
254 523 367 563 certi
397 519 514 561 nihil
546 520 723 573 scribis,
754 521 799 562 iu
820 522 1060 563 Formiano
1089 524 1173 565 tibi
1203 531 1452 579 praestoler
1479 545 1550 573 us—

78 591 164 634 que
194 591 233 619 a.
264 578 307 618 d.
337 590 399 618 ιιι.
431 576 546 617 Non.
578 575 688 618 Mai.
747 578 992 619 Terentiae
1021 585 1232 634 pergrata
1261 587 1330 625 est
1357 586 1551 628 assidui-

77 642 145 677 tas
181 638 257 675 tua
295 637 342 674 et
379 630 620 688 diligentia
656 633 703 673 in
743 634 1052 676 controversia
1090 633 1335 681 Mulviana.
1393 641 1553 684 Nescit.

76 690 257 733 omnino
310 693 354 729 te
402 701 677 729 communem
728 702 906 730 causam
954 690 1197 733 defendere
1236 707 1418 750 eorum,
1474 699 1553 753 qui

77 759 208 802 agros
239 745 445 801 publicos
474 744 746 799 possideant.
816 745 908 787 Sed
949 750 1096 788 tamen
1126 752 1175 788 tu
1203 750 1377 805 aliquid
1407 754 1553 808 publi-

75 804 203 845 canis
233 800 415 858 pendis3
462 799 575 841 haec
614 801 750 842 etiam
780 801 829 841 id
860 807 1052 843 recusat.
1125 803 1195 845 Ea
1224 807 1309 848 tibi
1339 808 1480 863 igitur
1507 815 1553 852 et

25 894 30 897 ,
77 862 266 909 Κικέρων,
295 853 728 907 εἷριστοκρατικώτατος
754 861 861 904 παῖς,
889 858 1079 900 salutem
1108 859 1276 902 dicunt.

74 1010 180 1043 Anm.
210 1011 241 1043 1.
268 1009 302 1043 2.
352 1006 505 1043 Ramsh.
534 1007 566 1049 ᾗ.
596 1008 675 1042 189.
703 1007 774 1041 111.
803 1026 845 1032 ——
871 1007 1025 1042 Sebosus
1058 1010 1105 1042 ad
1139 1020 1198 1043 me
1224 1012 1335 1045 venit.
1393 1015 1428 1046 S.
1455 1016 1554 1048 vori-

76 1068 152 1103 gen
177 1057 283 1090 Brief
309 1058 338 1100 ᾗ,
366 1059 398 1092 2.
437 1077 480 1083 —-
520 1055 687 1091 Nondum
713 1080 721 1088 .
749 1080 757 1088 .
782 1056 1048 1099 ingemueram,
1086 1057 1148 1090 ich
1181 1058 1285 1092 hatte
1311 1061 1409 1095 noch
1444 1063 1555 1098 nicht

77 1105 192 1149 vollig
218 1106 466 1148 ausgeseufzt‚
494 1103 660 1138 niimlich
686 1103 779 1136 iiber
805 1104 904 1137 diese
928 1106 1062 1149 l5stige
1089 1106 1411 1155 Unterbrechung
1436 1111 1554 1146 durch

77 1154 246 1187 Sebosus.
273 1171 318 1178 -
344 1151 447 1188 Rom.
482 1152 669 1194 decedere,
712 1152 805 1184 eben
832 1165 870 1186 so
896 1160 961 1198 gut
985 1153 1080 1187 htitt'
1116 1154 1182 1187 ich
1208 1167 1254 1189 zu
1278 1157 1380 1190 Rom
1406 1159 1554 1193 bleiben

77 1203 240 1238 konnen.
290 1220 334 1226 —
383 1202 429 1235 In
454 1204 594 1235 montes·
621 1226 629 1235 .
657 1227 665 1235 .
693 1228 700 1235 .
728 1204 877 1243 nostra,
910 1202 971 1234 ein
998 1203 1240 1243 Hexameter,
1266 1205 1464 1240 vielleicht
1490 1219 1555 1241 aus

78 1251 219 1284 Ennius
245 1251 337 1283 oder
361 1261 428 1295 gar
453 1261 518 1284 aus
544 1248 712 1283 Cicero's
739 1249 924 1283 Gedichte
950 1250 995 1283 de
1021 1251 1225 1285 consulatu.
1276 1254 1313 1285 S.
1343 1265 1401 1298 ep.
1419 1255 1552 1297 XXIV,

81 1301 136 1333 10.
192 1299 243 1331 Er
270 1299 389 1332 meint
419 1299 522 1331 scine
549 1298 634 1330 villa
658 1298 836 1343 Arpinas,
873 1310 934 1332 wo
960 1309 1001 1331 er
1026 1299 1191 1342 geboren
1217 1312 1301 1333 war.
1354 1304 1437 1337 Cfr.
1461 1303 1555 1338 San-

78 1346 223 1379 tenium
256 1346 303 1379 ad
334 1346 547 1380 Terentian.
583 1359 617 1390 p.
650 1347 734 1382 280.
764 1366 806 1372 —-
833 1346 866 1379 sel
893 1372 901 1380 .
929 1373 937 1381 .
965 1370 975 1378 .
1002 1350 1176 1389 potuero,
1219 1358 1329 1381 wenn
1355 1350 1422 1383 ich
1447 1352 1554 1385 nicht

81 1396 192 1428 allein
219 1394 298 1427 sein
325 1395 433 1427 kann.
482 1397 612 1437 potero
640 1393 684 1425 de
711 1395 855 1429 Ernest.
881 1406 980 1439 susp.
1005 1394 1160 1428 Schiitz.
1181 1396 1289 1429 Beier
1316 1396 1428 1440 Osfic.
1448 1400 1493 1435 T.
1520 1401 1555 1435 2.

83 1457 117 1487 p.
143 1444 225 1477 352.
252 1461 295 1466 -
322 1453 395 1475 cnm
420 1441 477 1475 his
502 1442 599 1481 (Asc.
632 1444 659 1474 1.
688 1443 790 1475 Crat.
820 1443 919 1479 Vict,
952 1443 980 1475 1.
1007 1441 1071 1484 iis)
1093 1444 1235 1486 perurb.
1263 1445 1341 1477 scil.
1369 1457 1468 1489 esse,
1502 1450 1557 1481 vi-

81 1503 169 1524 vere
195 1491 292 1531 volo,
320 1491 390 1523 mit
415 1490 572 1523 solchen
602 1491 921 1533 anspruchvollen
950 1491 1253 1533 meinstzidtmffi
1291 1494 1360 1527 wie
1394 1496 1556 1529 Sebosus

81 1551 114 1573 u.
140 1539 281 1577 Arrius,
308 1538 424 1570 leben.
453 1556 496 1562 —-
523 1537 603 1580 tibi,
631 1538 713 1572 Asc.
742 1541 773 1572 1.
804 1541 908 1574 Crat„
930 1542 965 1571 te
987 1539 1176 1582 praestol.‚
1200 1540 1300 1574 Dich
1329 1549 1492 1576 erwarte.
1513 1562 1554 1569 -—

82 1598 118 1622 α.
158 1587 191 1619 d.
222 1586 299 1619 ΙΙΙ.
332 1586 428 1620 Νοη.
462 1585 577 1626 Mai.,
619 1586 676 1618 bis
701 1597 785 1618 zum
822 1588 910 1620 5ten
946 1587 1036 1621 Mai.
1095 1587 1156 1620 Sic
1188 1588 1338 1634 scripsi;
1375 1592 1425 1625 ad
1459 1593 1556 1626 cett.

83 1634 284 1670 ORELLI.
333 1636 368 1667 S.
398 1634 446 1669 G.
475 1634 537 1669 Fr.
565 1633 717 1668 Grotef,
745 1634 790 1666 ΙΙ.
819 1634 883 1666 Bd.
910 1635 938 1677 §.
963 1636 1045 1676 235,
1071 1637 1105 1670 6.

177 1683 211 1717 4.
237 1682 275 1716 in
301 1685 462 1715 controv.
490 1681 607 1714 Mulv.
634 1682 672 1714 in
701 1681 826 1715 ihrem
852 1682 1032 1715 Processe
1057 1684 1128 1717 mit
1151 1685 1333 1726 Mulvius;
1368 1689 1562 1721 vermuth-

82 1730 166 1765 lich·
194 1730 317 1764 einem
350 1729 682 1774 Geschiiftstrziger
715 1730 780 1762 der
812 1730 1114 1775 Staatspiichter‚
1164 1743 1209 1765 zu
1233 1733 1347 1766 deren
1375 1736 1559 1781 Departeoe

83 1785 188 1814 ment
219 1779 279 1812 die
315 1779 522 1823 Feldgiiter
554 1778 621 1810 der
645 1779 849 1817 Terentia,
884 1790 1016 1812 wovon
1042 1778 1103 1811 die
1127 1780 1233 1813 Rede
1261 1783 1330 1824 ist,
1364 1784 1559 1827 gehorteu.

85 1831 165 1861 Von
203 1827 275 1861 den
307 1826 647 1860 staatslfindereien
673 1838 794 1859 waren
821 1827 966 1871 emige,
1016 1827 1101 1861 weil
1134 1831 1187 1862 sie
1212 1829 1401 1864 Niemand
1438 1843 1561 1877 wegen

73 1877 187 1910 .ihres
226 1875 347 1908 durch
387 1875 529 1920 Ktiege
568 1874 839 1908 verursachten
879 1874 1097 1908 schlechten
1134 1878 1336 1911 Zustaudes
1372 1879 1411 1913 in
1445 1881 1564 1914 Pacht

86 1924 249 1957 nehmen
284 1923 428 1963 wollte‚
474 1935 519 1956 an
546 1923 776 1957 Privatleute
809 1923 862 1956 als
887 1923 1117 1967 Eigenthum
1151 1936 1267 1971 gegen
1294 1927 1378 1960 eine
1403 1929 1562 1973 miissige

85 1972 234 2017 Abgabe
261 1972 496 2015 iiberlassen3
544 1973 639 2005 auch
674 1972 773 2004 diese
804 1971 958 2016 Abgabe
985 1972 1114 2005 wurde
1141 1973 1178 2006 in
1208 1974 1275 2007 der
1300 1976 1415 2019 Folge
1441 1976 1563 2010 durch

85 2022 193 2054 einen
219 2020 416 2053 Tribuneu
441 2021 610 2054 Thorius
635 2019 865 2065 abgeschasft
891 2021 932 2061 (ε.
959 2019 1004 2052 de
1023 2021 1127 2054 Orat.
1153 2021 1204 2063 11,
1219 2024 1276 2059 70.
1304 2024 1405 2057 Brut.
1433 2035 1468 2061 c.
1487 2026 1562 2067 36),

88 2080 162 2102 was
187 2068 341 2102 freilich
366 2079 432 2112 gar
457 2069 567 2102 nicht
591 2070 702 2114 lange
728 2067 890 2101 Bestand
918 2067 1043 2111 hatte,
1085 2069 1174 2102 aber
1201 2069 1301 2103 doch
1328 2073 1564 2113 vermalasste,

89 2117 172 2150 dass
198 2116 324 2161 einige
349 2117 637 2161 Eigemhiimer,
665 2117 732 2150 wie
759 2117 818 2149 die
845 2117 1038 2158 Terentia,
1064 2116 1202 2150 Nichts
1219 2119 1400 2162 abgeben‚
1428 2122 1564 2153 endere

87 2165 157 2198 wie
190 2165 335 2198 Attikus
368 2165 490 2198 lieber
516 2164 574 2198 die
603 2165 755 2212 Abgabe
782 2165 1018 2207 entriehten,
1052 2166 1102 2198 als
1128 2165 1207 2199 sich
1235 2167 1303 2200 mit
1331 2168 1400 2201 den
1426 2169 1566 2202 staats-

89 2213 274 2258 pziclitern
308 2213 480 2246 desshalb
514 2213 653 2247 zanken
689 2213 857 2247 wollten.
892 2232 935 2237 —
970 2209 1201 2259 ἇριυτοκρ.
1235 2216 1361 2256 παῖς,
1407 2217 1566 2262 optima-

89 2263 184 2295 tium
209 2261 501 2296 studiosifsimus
527 2273 630 2306 puer.
682 2262 714 2293 S.
744 2273 799 2307 ep.
830 2260 964 2296 XXXV
993 2273 1051 2293 ain
1079 2261 1195 2295 Eudo.
