1742 3006
197 74 286 123 118
453 76 518 120 Μ.
549 77 605 122 Τ.
635 73 976 122 CICERONIS
1007 75 1382 125 EPISTOLAE.

197 186 543 245 reprehendere.
603 189 735 242 Nam,
764 203 898 245 quum
927 205 1010 246 ego
1040 191 1161 234 idem
1188 193 1307 233 istuc
1336 190 1551 245 dicerem,
1596 194 1692 251 Cy-

196 259 272 287 rus
310 246 460 287 aiebat
487 244 809 287 viridariorum
838 248 1045 299 ὃιαφάσεις
1073 248 1179 289 latis
1213 247 1453 289 luminibus
1482 261 1572 288 non
1600 254 1691 292 tam

197 315 294 343 esse
323 314 496 342 suaves.
566 302 749 343 Etenim
789 305 894 342 ἔστω
929 302 1017 355 ὄψις
1054 304 1126 353 μὲν
1151 301 1176 353 ἠ
1204 314 1242 342 α·
1271 306 1320 342 τὸ
1348 304 1391 343 δὲ
1418 300 1625 353 ὁρώμενον,
1654 309 1693 358 β,

197 369 231 407 y·
261 356 412 399 ἀκτῖνες
439 357 483 396 δὲ
512 359 535 396 δ
563 359 629 397 καὶ
655 372 685 397 ε.
741 357 885 399 Vides
915 359 1035 399 enim
1064 362 1228 400 cetera.
1286 357 1418 412 Nam,
1458 359 1498 400 si
1524 360 1613 400 κατ’
1641 362 1694 401 εἰ·

199 410 333 452 ὁώλων
359 410 575 461 ἐμπτώσεις
601 413 870 466 videremus,
899 414 1033 456 valde
1062 415 1320 457 laborarent
1348 416 1491 455 εἴδωλα
1530 415 1577 455 in
1616 429 1693 457 an-

200 467 391 522 gustiis:
422 481 539 509 nunc
567 468 623 509 fit
652 469 802 524 lepide
831 470 915 510 illa
943 467 1096 516 ἔκχύσις
1137 471 1379 512 radiorum.
1448 470 1613 512 Cetera
1652 471 1691 512 si

202 522 561 577 reprehenderis,
590 538 678 565 non
708 524 826 566 feres
857 526 1059 577 tacitum,
1087 526 1177 567 nisi
1217 527 1257 567 si
1297 526 1407 580 quid
1449 526 1538 567 erit
1576 527 1693 567 eius·

200 578 348 632 modi,
390 580 510 634 quod
539 581 635 621 sine
665 584 841 635 sumptu
879 581 1050 635 corrigi
1088 582 1246 636 possit.
1306 582 1457 624 Venio
1487 596 1605 623 nunc
1634 581 1691 624 ad

200 647 397 675 mensem
425 636 682 677 Ianuarium
711 641 756 678 et
793 636 852 677 ad
887 633 1104 677 ὑπόστασιν
1140 641 1339 679 nostram
1379 651 1433 679 ac
1472 641 1693 679 πολιτείανε

201 691 249 730 in
278 703 365 745 qua
383 692 641 740 Σωκρατικῶς
668 692 722 735 εἰς
749 689 947 746 ἑκάτερον,
975 692 1057 733 sed
1084 697 1232 734 tamen
1262 693 1320 733 ad
1349 698 1615 745 extremum,
1644 697 1695 734 ut

200 746 275 786 illi
304 746 522 798 solebant,
560 749 633 797 τήν
659 746 917 797 α’ρέσκουσαν.
974 748 1062 790 Est
1089 762 1161 790 res
1190 761 1295 790 sane
1322 749 1472 803 magni
1497 749 1694 791 consilii.

200 800 316 842 Nam
344 805 422 844 aut
450 801 633 844 fortiter
661 804 958 846 resistendum
997 808 1065 846 est
1105 805 1197 860 legi
1242 805 1474 860 agrariae3
1523 805 1571 845 in
1609 818 1696 859 quo

201 941 266 975 des
290 941 498 988 Xenophon
525 944 618 979 oder
642 943 715 980 den
739 945 886 981 Helden
913 946 1037 993 Cyrus
1061 946 1151 982 oder
1182 946 1254 981 den
1279 945 1514 980 Baumeister
1547 945 1609 979 des
1636 946 1698 981 Ci-

201 1000 290 1025 cero
315 991 442 1028 treffe.
469 1009 513 1017 —
538 994 803 1028 viridariorum
828 1007 848 1029 e
865 995 980 1031 codd.
998 995 1129 1031 Lamb.
1158 996 1240 1030 Bos.
1268 994 1406 1029 Graev.
1434 995 1524 1028 Ern.
1551 992 1693 1028 Schiitz

199 1038 293 1072 min.
318 1039 513 1074 aieabutur
536 1041 699 1076 idiorum'
714 1043 820 1081 Med.
848 1042 975 1086 (hinc:
1012 1044 1132 1088 Gyras
1170 1042 1352 1085 agebatur
1375 1042 1594 1076 viridiorum
1610 1041 1693 1076 Asc.

201 1088 233 1121 1.
271 1088 372 1126 Crat.
411 1088 633 1123 viridiorum
666 1101 686 1124 e
727 1091 820 1127 Cdd.
855 1093 978 1148 Regg.
1011 1091 1114 1125 dedit
1147 1092 1262 1125 etiam
1294 1091 1409 1132 Lau.)
1443 1102 1476 1125 a.
1509 1091 1697 1124 radiorum

199 1132 346 1169 Victor.
386 1137 418 1169 1.
451 1138 483 1171 2.
509 1137 660 1173 Manut.
705 1139 776 1173 Pro
813 1137 1004 1184 διαφασεις
1035 1139 1162 1173 Lamb.
1197 1134 1431 1182 διαφάνσειςς
1484 1149 1554 1184 pro
1606 1138 1694 1171 latis

196 1183 279 1216 Asc.
307 1185 341 1217 1.
369 1183 509 1220 lacteis.
538 1185 736 1220 ORELLI.
766 1187 920 1222 Liinem.
947 1188 1021 1236 leg.
1047 1188 1130 1222 vult
1156 1187 1192 1221 vi
1217 1187 1407 1220 radiorum
1432 1186 1458 1221 i.
1476 1197 1511 1223 e.
1537 1192 1698 1232 propter

199 1230 278 1264 vim
304 1237 343 1265 et
366 1237 539 1267 naturam
566 1234 759 1268 radiorum
803 1246 864 1270 res
888 1236 973 1270 latis
998 1235 1202 1269 luminibus
1227 1234 1322 1269 visas
1347 1245 1420 1268 non
1445 1239 1521 1267 tam
1544 1245 1696 1268 suavem

202 1277 382 1312 effectum
407 1279 560 1315 habere.
596 1280 709 1315 Sinn:
737 1282 984 1325 „Aussichten
1005 1284 1043 1316 in
1054 1284 1194 1318 Giirten
1212 1283 1288 1316 und
1312 1282 1549 1316 Lustwa'lder
1563 1281 1696 1315 theten

202 1337 267 1360 aus
292 1326 430 1360 weiten
447 1320 660 1377 &ffnungen
680 1329 794 1365 keine
820 1342 859 1365 so
886 1330 1122 1379 angenehme
1133 1329 1340 1376 Wirkung
1365 1330 1417 1362 als
1443 1341 1506 1363 aus
1532 1330 1695 1377 engen.“

201 1374 274 1409 Die
299 1375 537 1424 Drolligkeit
560 1377 612 1410 im
637 1378 853 1424 Folgenden
879 1380 975 1424 liegt
1007 1378 1134 1420 darin,
1172 1377 1253 1411 dass
1294 1378 1443 1420 Cicero,
1489 1378 1542 1411 als
1567 1377 1696 1411 wollte

202 1433 246 1457 er
271 1423 344 1457 den
368 1423 515 1459 Attikus
541 1426 807 1469 erschrecken‚
833 1427 905 1460 den
933 1425 1211 1461 Griechischen
1227 1425 1474 1459 Architekten
1500 1426 1569 1459 auf
1583 1426 1694 1459 Grie-

202 1470 337 1505 chisch
370 1472 410 1505 in
443 1472 778 1509 mathematischer
802 1476 916 1509 Form
957 1475 1254 1515 demonstriren‚
1295 1474 1355 1521 ὥς
1388 1474 1694 1508 Demonstration

203 1519 293 1553 aber
316 1520 504 1565 pl'otzlich
531 1521 748 1556 abbrechen
774 1524 875 1566 liisst,
902 1523 974 1557 wie
1001 1534 1108 1556 wenn
1133 1521 1215 1555 sich
1241 1522 1305 1556 das
1320 1521 1465 1568 Ubrige
1482 1532 1557 1556 von
1583 1522 1695 1555 selbst

202 1564 279 1600 nun
299 1568 497 1610 verstehe3
525 1570 601 1603 und
628 1571 725 1604 dann
751 1571 791 1604 in
809 1571 965 1618 eigener
978 1571 1116 1604 Person
1133 1570 1205 1603 mit
1223 1570 1329 1603 einer
1347 1570 1545 1615 gelehrten
1565 1570 1695 1604 Miene

202 1615 262 1648 die
277 1627 394 1660 ganze
406 1616 524 1650 Sache
551 1618 590 1650 in
617 1618 727 1652 einen
743 1618 850 1663 spass
874 1619 1121 1653 verwandelt.
1137 1636 1182 1642 —
1198 1616 1288 1651 κατ’
1322 1614 1528 1651 εἰδώλων
1553 1614 1693 1662 ἐμπτώ-

201 1674 289 1705 σεις,
317 1663 609 1698 simulacrorum
628 1666 871 1709 incidentias,
897 1677 1008 1700 wenn
1037 1666 1118 1708 wir,
1145 1665 1217 1698 wie
1243 1665 1306 1699 ihr
1330 1665 1525 1710 Epikurer
1551 1666 1694 1713 glaubt,

202 1711 262 1744 die
288 1723 352 1744 aus
377 1711 447 1745 den
476 1713 760 1760 Gegenstiinden
788 1714 1094 1748 ausstr'omenden
1120 1713 1248 1748 Bilder
1274 1713 1406 1754 sehen;
1438 1713 1607 1761 dag-egen
1633 1713 1694 1747 die

200 1758 357 1793 Sto'i'ker
380 1758 606 1803 annehmen,
632 1762 707 1795 wir
732 1761 847 1795 sithen
873 1762 1033 1795 mittelst
1058 1762 1125 1795 der
1150 1772 1223 1794 von
1249 1761 1320 1795 den
1336 1760 1465 1805 Augen
1483 1762 1694 1795 auslaufen-

202 1807 274 1840 den
300 1805 486 1842 Strahlen.
537 1809 595 1842 Im
629 1816 797 1843 ersteren
823 1810 927 1843 Falle
962 1810 1116 1844 wiirden
1152 1809 1211 1843 die
1239 1809 1543 1843 ausstrb'menden
1569 1809 1696 1842 Bilder

202 1854 325 1888 durch
351 1866 447 1902 enge
472 1856 623 1890 L'o'cher
650 1858 862 1904 geheinmt3
889 1858 941 1890 im
968 1859 1129 1892 letztern
1149 1857 1209 1890 die
1225 1857 1399 1890 Strahlen
1417 1856 1586 1891 dadurch
1604 1868 1693 1891 con-

202 1903 365 1938 centrirt
389 1916 424 1936 u.
452 1904 515 1937 das
541 1905 976 1951 Gesichtnunterstiitzt.
1011 1924 1055 1930 -
1089 1916 1178 1938 nunc
1218 1917 1267 1934 Ξ
1295 1916 1340 1938 so
1375 1905 1506 1946 aber,
1544 1905 1588 1938 da
1634 1905 1693 1939 die

202 1949 357 1984 Sto'iker
382 1951 505 1986 Recht
529 1951 664 1990 haben.
696 1953 864 1988 Ahnlich
887 1954 933 1987 ad
948 1954 1079 1988 Famil.
1111 1956 1144 1995 l,
1172 1954 1212 1988 9:
1255 1953 1361 1987 Nunc
1395 1956 1433 1985 ut
1459 1953 1616 1996 Apelles.
1649 1972 1692 1977 ——-

203 2000 270 2032 illa
311 1995 513 2042 ἔκχυσις,
557 2001 622 2034 illa
658 2001 788 2036 effusio
820 2002 1012 2036 radiorum
1049 2013 1095 2035 ex
1137 2001 1254 2034 oculis
1288 2011 1357 2045 per
1389 2007 1562 2046 angustas
1587 2003 1693 2034 fene-

203 2053 307 2080 stras.
342 2048 377 2081 S.
415 2048 560 2082 Gellius
603 2050 645 2092 V,
685 2052 742 2086 16.
779 2069 822 2075 --
869 2050 988 2093 lepide
1021 2049 1084 2090 fil,
1125 2048 1217 2095 geht
1262 2048 1376 2096 lustig·
1414 2059 1487 2082 von
1535 2047 1690 2083 Statten.

205 2113 248 2119 -
281 2105 350 2128 non
374 2096 484 2137 seres
520 2097 690 2140 tacitum,
724 2098 786 2132 sed
819 2098 887 2131 tibi
915 2097 1230 2143 respondebimus.
1259 2115 1303 2121 -—
1337 2096 1476 2130 nisisi.
1504 2096 1564 2129 Sic
1589 2097 1689 2130 Med.

202 2143 282 2176 Asc.
311 2146 340 2177 l.
371 2144 472 2178 Crat.
502 2142 648 2180 Victor.
676 2149 707 2180 1.
734 2148 765 2181 2.
793 2147 925 2180 Lamb.
954 2146 1025 2179 nisi
1049 2145 1133 2189 quid
1163 2147 1243 2178 Bos.
1270 2143 1381 2188 Seqq.
1419 2144 1611 2177 ORELLI.
1647 2164 1690 2170 --

203 2191 350 2233 corrigi
372 2192 497 2234 possit.
533 2194 644 2226 Denn
679 2195 802 2228 meine
837 2193 1048 2227 Baukosten
1082 2192 1204 2226 haben
1239 2193 1375 2226 bereits
1412 2191 1524 2225 mehr
1556 2193 1610 2226 als
1645 2205 1693 2226 zu

202 2238 280 2272 viel
306 2239 490 2286 gekostet.
539 2241 611 2273 Ein
637 2241 1022 2276 freundschastlicher
1047 2241 1191 2274 Hader!

298 2288 332 2321 3.
363 2284 648 2330 ὑπόστασιν,
683 2297 817 2324 statum
853 2296 1044 2329 nostrum,
1078 2290 1145 2321 auf
1168 2289 1230 2322 die
1255 2289 1391 2336 ietzige
1418 2289 1519 2336 Lage
1546 2290 1691 2322 uns’rer

203 2334 402 2380 Republik.
432 2338 542 2369 C'asar
566 2338 641 2370 und
667 2338 819 2372 Bibulus
845 2339 999 2372 wollten
1026 2349 1084 2370 am
1113 2339 1145 2370 1.
1174 2337 1312 2370 Ianuar
1336 2337 1399 2369 ihr
1425 2337 1603 2371 consulat
1627 2348 1692 2369 an·
1737 2364 1739 2366 .

202 2388 336 2416 treten.
388 2379 617 2418 ὑπόθεσιν
651 2386 695 2418 de
729 2386 885 2431 Malasp.
933 2397 1029 2430 susp.
1075 2385 1204 2419 Lamb.
1252 2381 1532 2418 κατάστασιν
1572 2383 1689 2417 Henr.

202 2430 411 2476 Stephanus
437 2437 473 2464 et
502 2433 655 2465 Casaub.
685 2444 780 2478 susp.
810 2432 1006 2467 ORELLI.
1034 2451 1077 2458 —-
1104 2437 1239 2479 Σωκρ.
1269 2430 1331 2472 εἰς
1357 2433 1487 2473 exat„
1513 2432 1691 2466 woriiber

202 2478 272 2511 wir
305 2479 399 2513 nach
429 2479 494 2512 Art
527 2480 595 2513 der
619 2481 835 2514 Sokratiker
869 2483 932 2515 fiir
967 2482 1043 2514 und
1070 2481 1189 2514 wider
1214 2481 1422 2525 disputiren
1447 2479 1525 2512 und
1551 2480 1690 2513 zuletzt

204 2537 335 2560 unsere
362 2526 489 2559 wahre
515 2528 703 2576 Meinung
728 2540 838 2575 Sagen
865 2529 1013 2561 wollen.
1065 2529 1152 2562 Man
1179 2530 1301 2573 suppl.
1329 2527 1590 2571 disputabimus
1615 2527 1688 2561 und

206 2586 250 2606 zu
284 2574 348 2614 τὴν
381 2573 518 2621 dodau„
546 2587 639 2619 quae
672 2577 777 2609 nobis
811 2576 953 2621 placeat
985 2577 1178 2621 sente-ntia,
1213 2587 1440 2619 exponemus.
1473 2581 1517 2599 -‘-
1548 2576 1625 2616 Est,
1651 2585 1690 2607 es

203 2622 285 2668 gibt
311 2623 399 2655 ietzt
424 2623 529 2657 einen
547 2624 797 2671 Gegenstand,
823 2624 889 2656 der
915 2635 1039 2667 grosse
1066 2625 1312 2671 Uberlegung
1338 2623 1539 2657 erforderl.
1575 2623 1689 2655 N'zim-

203 2668 281 2701 lich
319 2681 353 2702 u.
391 2683 416 2703 s.
454 2673 479 2703 f.
520 2691 561 2696 —-
597 2673 673 2713 legi
699 2671 901 2714 agrariae,
940 2682 1050 2714 quam
1079 2683 1195 2705 novus
1221 2673 1363 2713 consul,
1398 2672 1459 2705 vir
1483 2671 1689 2716 popularis,
1740 2668 1742 2704 J

203 2716 448 2750 vehementer
473 2721 687 2763 perlaturus
714 2731 788 2752 esse
815 2720 977 2757 videtur,
1007 2725 1047 2752 ut
1073 2730 1090 2751 a
1118 2721 1258 2764 populo
1277 2720 1437 2765 gratiam
1459 2719 1570 2753 ineat.
1599 2717 1688 2753 Vid.
1739 2742 1740 2750 1

204 2763 353 2802 Sueton.
383 2766 569 2802 Plutarch.
597 2768 633 2801 iu
662 2769 764 2804 Caes.
792 2768 860 2802 vit.
887 2786 925 2792 w
946 2767 982 2800 in
1001 2768 1065 2811 q‘uo
1087 2768 1236 2801 bezieht
1264 2768 1341 2801 sich
1370 2768 1435 2801 auf
1459 2766 1530 2800 den
1547 2776 1691 2814 ganzen
1737 2771 1739 2797 ζ
