1742 3006
0 1081 10 3006 fflwmwmfi-„-
0 1054 2 1070 ⁴-
0 1007 4 1040 Ἦ
0 961 4 994 ,-
0 837 4 952 -.--
0 765 4 821 ..—

434 76 752 122 EPISTOLA
783 79 1000 122 CLXIX.
1042 80 1228 124 CLXX.
1482 80 1575 130 563

85 193 260 238 habeto,
302 192 347 231 in
376 203 474 232 eum
515 193 679 233 statum
708 195 954 247 temporum
984 197 1105 234 tuum
1137 194 1330 235 reditum
1359 194 1573 243 incidere,

83 253 132 289 ut
160 247 219 289 iis
248 247 392 294 bonis,
421 259 533 302 quae
562 246 650 289 tibi
678 251 853 295 natura,
881 248 1048 296 studio,
1094 249 1274 290 fortuna
1312 249 1417 290 data
1456 257 1573 296 sunt,

83 303 266 344 facilius
295 302 457 349 omnia,
495 316 611 357 quae
640 307 743 345 sunt
771 303 1050 358 amplissima
1080 304 1126 346 in
1157 319 1205 346 re
1233 304 1429 360 publica,
1467 319 1572 347 con-

82 358 211 414 sequi
239 358 400 412 possis,
430 370 563 412 quam
591 359 871 402 muneribus:
919 374 1109 416 quorum
1138 375 1280 416 neque
1310 361 1571 402 facultatem

82 414 319 470 quisquam
349 413 622 456 admiratur:
661 439 716 445 —
756 420 824 458 est
861 415 978 457 enim
1010 415 1256 470 copiarum,
1297 431 1386 458 non
1426 416 1571 459 virtu-

81 470 165 513 tis:
193 494 248 500 —
275 481 417 525 neque
447 470 682 526 quisquam
711 477 792 519 est,
839 471 949 527 quin
995 472 1201 513 satietate
1240 473 1327 513 iam
1369 472 1571 515 defessus

81 525 156 568 sit.
217 523 306 566 Sed
336 525 486 573 aliter,
529 532 662 581 atque
704 529 1003 581 ostenderam,
1043 526 1177 575 facio,
1217 529 1294 584 qui
1337 528 1610 584 ingrediar2

82 581 139 622 ad
169 579 484 636 explicandam
525 582 750 625 rationem
791 583 1035 625 sententiae
1074 597 1207 625 meae.
1288 585 1439 634 Quare
1479 597 1571 626 om—

81 650 180 678 nem
230 637 345 677 hanc
393 636 744 692 disputationem
806 639 851 680 in
911 639 1147 680 adventum
1206 643 1330 681 tuum
1393 640 1571 681 differo.

81 694 262 736 Summa
290 692 404 734 scito
436 695 484 735 te
513 693 560 734 in
590 696 926 749 exspectatione
972 708 1066 736 esse
1096 708 1234 750 eaque
1264 710 1288 736 a
1328 701 1371 738 te
1417 709 1572 751 exspe-

83 748 216 795 ctari,
245 761 358 804 quae
387 762 413 789 a
441 762 611 791 summa
653 750 823 792 virtute
873 764 1131 806 summoque
1181 750 1362 806 ingenio
1414 765 1573 806 exspe-

82 804 244 846 ctanda
272 808 398 846 sunt:
431 805 487 844 ad
518 819 632 860 quae
661 807 701 847 si
731 820 792 853 es,
822 809 872 847 ut
900 807 1048 853 debes,
1077 812 1260 861 paratus
1282 832 1337 837 ——
1358 807 1479 862 quod
1508 806 1574 848 ita

81 874 177 902 esse
215 859 394 902 confido
435 884 490 890 -
518 860 726 915 plurimis
770 861 1071 916 maximisque
1110 863 1365 904 muneribus
1405 867 1450 904 et
1489 875 1572 904 nos

83 915 250 958 amicos
279 919 324 956 et
354 914 475 956 cives
505 921 606 958 tuos
637 916 870 959 universos
913 922 959 958 et
999 930 1091 958 rem
1130 919 1354 971 publicam
1384 917 1570 959 afficies.

82 972 208 1013 Illud
237 983 480 1025 cognosces
509 971 715 1026 profecto
744 971 860 1013 mihi
901 976 946 1013 te
987 985 1130 1026 neque
1169 974 1388 1015 cariorem
1431 987 1574 1028 neque

82 1027 395 1069 iucundiorem
425 1040 519 1068 esse
548 1041 824 1083 quemquam.
968 1052 975 1074 x

283 1147 601 1190 EPISTOLA
633 1147 826 1189 CLXX.
887 1148 963 1198 (ad
994 1148 1102 1189 Div.
1137 1147 1244 1189 VII.
1281 1149 1365 1197 12.)

415 1222 498 1257 Ser.
525 1224 665 1258 Romae
691 1224 731 1257 A.
759 1223 804 1258 U.
833 1222 871 1256 c.
900 1224 980 1257 701.
1017 1224 1064 1263 (a.
1093 1223 1133 1257 c,
1160 1224 1233 1265 53.)

82 1290 152 1323 Per
178 1290 302 1323 iocum
330 1291 496 1338 exagitat
522 1289 756 1332 Trebatium,
784 1300 895 1334 quem
922 1289 1158 1334 Epicur-eum
1185 1291 1327 1322 factum
1356 1301 1434 1324 esse
1459 1291 1571 1324 Pansa

640 1344 869 1372 narraverat.
904 1339 1008 1373 1—2.

590 1405 770 1440 CICERO
796 1404 1058 1440 TREBATIO.

193 1452 410 1499 Mirabar,
458 1452 568 1507 quid
609 1458 738 1501 esset,
789 1454 911 1508 quod
952 1459 1001 1495 tu
1040 1454 1152 1495 mihi
1193 1454 1352 1495 literas
1393 1455 1570 1497 mittere

81 1571 223 1613 habeto,
249 1571 290 1603 in
314 1570 415 1604 aller
439 1570 565 1603 Kiirze
591 1569 724 1605 merke
750 1570 822 1605 Dir
846 1571 984 1605 icdoch
1021 1573 1139 1611 Diess,
1179 1573 1274 1606 dass.
1319 1592 1359 1597 -—
1402 1575 1463 1617 iis,
1496 1574 1570 1609 Md.

83 1619 182 1652 Vict.
209 1619 242 1653 2.
268 1617 337 1652 Ιιίε.
383 1639 424 1644 -
467 1620 589 1662 ampl„
616 1618 792 1661 honores,
819 1620 1097 1661 auctoritatem,
1121 1622 1295 1667 gratiam.
1338 1642 1378 1646 —
1413 1624 1571 1655 muneri-

83 1668 160 1708 bus,
185 1666 284 1700 ludis
312 1666 476 1700 edendis.
517 1685 558 1691 -
584 1667 822 1710 facultatem,
858 1668 939 1701 dass
967 1668 1089 1701 Einer
1115 1660 1246 1703 solche
1286 1668 1416 1713 Spiele
1448 1670 1571 1717 geben

84 1714 195 1748 kann.
226 1734 268 1738 —
296 1719 347 1748 est
374 1715 469 1748 enim
496 1714 699 1758 copiarum,
727 1726 796 1749 non
825 1716 920 1758 virt„
956 1716 1054 1750 denu
1083 1728 1120 1750 es
1146 1717 1288 1765 gehort
1315 1729 1387 1750 nur
1415 1718 1571 1752 vermo*-

84 1775 171 1811 gen,
197 1761 306 1796 nicht
330 1761 492 1809 Tugend
516 1762 592 1796 und
618 1762 996 1804 Verdienstlichkeit‚
1026 1764 1130 1797 dazu.
1181 1765 1284 1799 Uber·
1311 1769 1363 1798 est
1392 1777 1420 1799 c.
1450 1767 1570 1813 gonit.

82 1824 110 1844 s.
137 1811 284 1845 Grotef.
320 1810 347 1853 ἕ.
374 1813 455 1847 236.
483 1810 634 1845 Ramsh.
663 1809 691 1852 §.
731 1813 810 1854 10⁵3,
838 1813 872 1846 3.
903 1831 944 1835 —
973 1812 1057 1855 quin
1084 1826 1130 1843 z:
1158 1814 1220 1856 qui
1247 1824 1329 1846 non.
1359 1826 1384 1848 s.
1415 1814 1568 1847 namsh.

106 1886 113 1893 .
143 1860 223 1899 185,
252 1861 283 1894 l.

83 1859 100 1902 ἓ
180 1908 213 1942 2.
267 1907 388 1949 aliter,
415 1910 523 1951 (teque
549 1907 792 1949 ostenderam,
827 1907 975 1949 andr-21³5,
1012 1909 1068 1941 als
1104 1908 1166 1941 ich
1202 1908 1296 1941 oben
1329 1909 1569 1956 ang-fidenter,

84 1954 345 1999 versprochen
372 1954 488 1988 hatte.
538 1955 595 1988 Er
622 1954 774 1988 schrieb
801 1955 906 1989 dort:
942 1961 1004 1989 ant
1037 1958 1197 1990 scribam
1232 1963 1301 1989 etc.
1346 1976 1393 1981 —-—
1434 1959 1496 2002 qm?
1522 1973 1570 1989 ς

85 2014 199 2047 quum
227 2013 297 2049 ego
322 2003 480 2045 ingred„
516 2002 561 2036 da
585 2002 652 2036 ich
677 2002 779 2036 mich
808 2005 875 2036 aus
895 2004 1118 2051 Darlegung
1143 2004 1211 2036 der
1239 2004 1396 2039 Griinde
1423 2006 1570 2039 meiner

84 2052 266 2097 Meinung·
292 2051 462 2093 einlasse,
491 2050 626 2084 darauf
650 2050 825 2098 eingehe.
869 2071 916 2075 —
960 2056 992 2084 le
1028 2053 1065 2085 in
1104 2063 1203 2095 exsp.
1245 2062 1322 2085 esse
1354 2054 1569 2098 passivisch

83 2100 148 2132 fiir
174 2110 357 2132 summam
384 2098 428 2132 de
456 2105 491 2132 te
517 2099 581 2131 od.
608 2099 663 2133 tui
690 2100 1010 2144 exspectationem
1040 2111 1139 2141 esse;
1167 2099 1241 2133 wie
1268 2100 1347 2134 Cic.
1375 2102 1420 2134 ad
1442 2103 1568 2148 Pomp.

85 2149 108 2183 2
134 2147 174 2179 in
202 2158 258 2192 ep.
285 2146 330 2180 ad
356 2146 470 2180 Attio.
498 2147 604 2190 VIII,
630 2154 725 2193 post.
755 2159 813 2193 ep.
842 2150 897 2182 ll.
948 2148 1069 2184 Plaut,
1096 2147 1174 2181 Mil.
1202 2148 1264 2189 IV,
1292 2150 1325 2190 6,
1353 2151 1417 2184 64:
1446 2156 1570 2184 trans-

86 2195 158 2228 itiv
191 2194 363 2242 dagegen
403 2208 450 2226 --;
478 2201 666 2229 erwarten
705 2207 764 2240 ep.
798 2195 843 2228 ad
878 2196 962 2229 Div.
999 2196 1043 2239 X,
1070 2197 1102 2230 4.
1147 2196 1248 2230 Caes.
1284 2197 1321 2230 B.
1358 2198 1396 2231 C.
1431 2199 1482 2238 ΙΙ,
1514 2201 1567 2233 17.

87 2242 149 2277 Sic
175 2243 271 2276 Vict.
300 2245 331 2276 1.
358 2243 582 2290 Mart-Lag.
610 2242 698 2277 Sch.
726 2244 820 2276 Liin.
848 2257 896 2274 z
922 2244 1015 2277 scito
1043 2245 1078 2277 in
1105 2255 1203 2288 exsp.
1242 2248 1275 2277 te
1310 2256 1385 2279 esse
1409 2247 1506 2280 vict.
1534 2248 1568 2281 2.

86 2290 214 2323 Lamb.
240 2290 376 2324 Graev.
402 2291 496 2324 Ern.
522 2291 657 2324 Bened.
700 2302 836 2324 summa
874 2295 908 2324 te
941 2292 1033 2325 scito
1070 2292 1169 2326 Crat.
1197 2291 1289 2326 Scil.
1320 2305 1338 2327 e
1366 2294 1437 2327 Md.
1467 2295 1568 2328 exci-

87 2339 142 2372 dit
169 2342 223 2380 te3
250 2350 270 2371 a
295 2350 366 2372 sec.
393 2350 506 2372 manu
533 2340 779 2384 superscript.
819 2345 903 2373 ante
943 2352 977 2373 v.
1005 2351 1091 2373 esse.
1137 2340 1332 2374 ORELLI.
1386 2362 1426 2367 —
1479 2353 1569 2385 qnae

90 2414 98 2423 ,
127 2412 134 2418 .
163 2412 171 2420 .
199 2397 299 2430 exsp.
326 2392 405 2420 sune
431 2385 529 2420 nach
555 2387 638 2421 dem
665 2398 782 2420 accus.
816 2399 846 2420 c.
881 2387 948 2420 inf.
991 2388 1155 2422 VVarum
1189 2389 1299 2422 nicht
1337 2401 1431 2432 arsy).
1469 2392 1568 2423 sint?

88 2447 113 2468 s.
142 2435 294 2472 Ramsh,
321 2434 348 2477 §.
378 2436 456 2476 195,
493 2435 543 2477 ΙΙ,
568 2435 602 2470 2.
636 2434 785 2469 Grotes.
822 2436 849 2475 ᾗ.
877 2436 958 2473 411,
1003 2455 1044 2460 -
1087 2438 1303 2470 rmmeribus.
1353 2439 1481 2472 lVenn
1511 2440 1569 2472 Du

88 2483 185 2517 Dein
211 2483 332 2517 Genio
358 2483 434 2516 und
460 2483 579 2516 Deine
605 2482 970 2518 Gesehicklicllkeit
996 2496 1080 2517 zum
1108 2486 1245 2518 Bosten
1272 2485 1334 2519 (les
1361 2485 1480 2520 Staats
1504 2499 1567 2520 an-

88 2530 275 2572 wendest3
308 2541 347 2564 so
375 2531 458 2564 sind
485 2530 547 2564 das
572 2530 633 2565 die
659 2530 862 2565 sehb'nsten
888 2531 1017 2566 Gaben
1051 2533 1126 2565 und
1160 2532 1418 2579 Sebauspielo.
1468 2528 1570 2569 [Ἴων

90 2584 123 2611 te
151 2579 191 2610 in
218 2578 501 2626 Abh'aingigkeif
532 2589 619 2612 vom
653 2579 864 2623 Comparat.
901 2590 975 2613 car.
1009 2581 1150 2612 summi.
1186 2593 1213 2614 s.
1249 2581 1394 2616 Grotes.
1433 2583 1458 2625 ξ.
1487 2584 1565 2618 261,

90 2625 240 2660 Ramsh.
267 2627 295 2668 ἕ.
326 2629 406 2670 155,
432 2639 466 2660 u.
496 2627 574 2667 143,
601 2628 636 2666 3,
664 2627 699 2661 d.

233 2693 504 2729 TREBATIO.
540 2693 576 2727 S.
606 2706 652 2727 zu
679 2706 737 2740 ep.
765 2694 943 2728 CLXVII.
969 2696 1021 2727 im
1050 2696 1135 2728 Ans.

186 2744 200 2775 l
266 2743 351 2785 quid
387 2747 496 2777 esset.
540 2743 632 2785 qumi
664 2754 689 2775 s.
733 2743 884 2777 Ramsh.
913 2745 939 2786 ἕ.
978 2746 1056 2778 131,
1092 2746 1121 2776 1.
1161 2744 1242 2780 20³.
1276 2746 1309 2784 3.
1348 2757 1375 2777 c.
1423 2747 1558 2781 Grofcl

1091 2795 1173 2838 536*
