1742 3006
627 48 941 93 EPISTOLA
980 50 1084 94 CLI
1091 85 1099 94 .
1513 54 1607 100 519

117 160 270 214 repsit,
311 172 480 201 summa
518 158 833 215 infrequentia.
905 160 1054 211 Quum
1092 162 1225 206 vellet
1256 163 1400 213 exire,
1442 178 1468 207 a
1499 178 1601 206 con-

115 216 282 256 sulibus
314 218 507 257 retentus
549 219 637 257 est:
675 215 924 258 introducti
964 218 1210 272 publicani.
1280 219 1428 261 Homo
1469 220 1596 261 undi-

115 286 200 326 que
229 275 371 320 actus,
403 284 537 326 quum
566 285 591 312 a
619 286 689 313 me
719 271 913 314 maxime
943 274 1269 328 vulneraretur,
1301 287 1391 318 non
1421 275 1525 317 tulit
1554 281 1599 317 et

116 342 185 369 me
214 326 422 369 trementi
449 340 561 368 voce
589 328 791 369 exsulem
821 329 1075 383 appellavit.
1137 331 1242 382 Hic,
1274 355 1329 361 —-
1358 346 1385 373 o
1415 331 1502 373 dii!
1533 332 1598 373 ni-

115 383 180 424 hil
211 396 399 438 unquam
428 381 802 425 honorificentius
839 385 968 427 nobis
1006 385 1179 427 accidit
1216 410 1271 416 -—-
1310 387 1597 429 consurrexit

113 442 288 481 senatus
317 451 416 479 cum
439 438 634 481 clamore
664 440 720 480 ad
752 453 898 494 unum,
927 441 1011 491 sic,
1041 446 1089 483 ut
1119 442 1175 482 ad
1207 455 1368 497 corpus
1398 443 1493 485 eius
1522 457 1596 485 ac-

113 494 316 537 cederet:
365 494 464 548 pari
514 495 710 537 clamore
752 501 884 551 atque
935 497 1102 552 impetu
1153 498 1393 553 publicani.
1473 498 1596 549 Quid

111 550 315 605 quaeris?
373 549 556 601 Omnes,
597 555 817 606 tamquam
845 552 885 593 si
916 556 961 594 tu
994 568 1128 603 esses,
1171 553 1234 595 ita
1263 553 1454 596 suerunt.
1513 554 1595 598 Ni-

111 606 177 647 hil
206 606 434 647 hominum
463 620 666 649 sermone
696 607 808 649 foris
838 609 1016 651 clarius.
1075 610 1174 665 Ego
1205 613 1351 652 tamen
1383 615 1511 652 teneo
1541 612 1596 652 ab

109 661 363 704 accusando
402 661 483 703 vix
518 676 588 704 me
627 663 832 706 hercule:
881 665 961 706 sed
992 670 1136 707 tamen
1176 669 1320 717 teneo,
1363 667 1433 708 vel
1474 667 1595 722 quod

110 718 216 760 nolo
246 732 347 759 cum
375 717 594 774 Pompeio
624 734 835 774 pugnare,
867 744 921 750 —
960 721 1071 762 satis
1102 726 1183 775 est,
1221 722 1343 777 quod
1373 722 1511 764 instat
1539 722 1596 764 de

110 774 297 823 Milone,
324 797 380 804 —·
417 775 487 816 vel
516 777 636 830 quod
673 775 845 817 iudices
883 777 1027 818 nullos
1068 777 1292 820 habemus.
1351 777 1594 827 Ἄπὸτευγμα

108 829 329 872 formido:
360 830 478 871 addo
507 831 639 872 etiam
671 832 1028 874 malevolentiam
1070 833 1325 882 hominum,
1363 837 1409 875 et
1437 833 1592 882 timeo,

107 900 162 928 ne
192 885 276 937 illi,
305 899 375 927 me
405 891 654 939 accusante,
696 887 868 943 aliquid
907 889 1108 932 accidat:
1150 904 1235 931 nec
1271 889 1461 944 despero
1502 902 1597 932 rem

106 1040 153 1074 sit
189 1039 300 1079 (hesit
332 1038 421 1081 Md.)
451 1036 543 1072 Cdd.
579 1039 672 1073 noti.
720 1038 916 1073 ORELLI.
967 1039 1118 1084 irrepsit
1154 1039 1258 1076 steht
1295 1040 1348 1075 im
1385 1041 1596 1076 schonsten

107 1089 281 1122 Contrast
306 1100 354 1121 zu
379 1088 417 1120 in
441 1087 567 1120 urbem
591 1087 786 1120 invasisset
819 1087 895 1120 und
926 1088 1149 1137 Einklange
1186 1088 1258 1123 mit
1283 1089 1322 1123 in
1348 1100 1420 1123 sen.
1458 1100 1498 1122 se
1521 1099 1593 1122 non

105 1136 279 1170 committ.
330 1156 374 1162 —
425 1145 560 1168 summa
583 1135 831 1179 infrequentia
870 1136 951 1169 scil.
979 1135 1231 1172 deductorum
1257 1137 1347 1179 (fast
1372 1136 1471 1172 ohne
1496 1137 1593 1171 alles

105 1185 285 1226 Geleite).
335 1193 476 1217 summa
493 1184 714 1228 frequentia
738 1184 984 1226 (senatorum)
1015 1185 1130 1218 Land.
1159 1195 1301 1218 summa
1326 1184 1595 1229 infrequentia

106 1233 208 1279 Lips.
235 1243 334 1277 susp.
364 1231 562 1265 ORELLI.
591 1248 633 1255 —
661 1232 764 1266 exire
780 1232 863 1265 scil.
886 1231 1029 1267 infecta
1047 1244 1104 1276 re,
1130 1232 1444 1267 unverrichteter
1455 1232 1590 1267 Sache.

107 1302 149 1307 —
186 1292 209 1315 a
244 1280 474 1314 Consulibus.
541 1279 731 1314 Domitius
765 1279 889 1314 hasste
930 1280 997 1313 ihn
1038 1282 1093 1315 als
1131 1281 1243 1315 einen
1278 1281 1489 1328 Giinstling·
1528 1280 1592 1314 des

107 1329 325 1374 Pompeius,
351 1327 509 1373 Appius,
534 1328 629 1362 weil
655 1339 697 1362 er
722 1327 790 1361 ihn
817 1340 903 1362 zum
930 1328 1094 1376 Legaten
1122 1329 1161 1362 in
1187 1329 1328 1374 Syrien
1354 1327 1462 1362 nicht
1485 1328 1591 1363 hatte

105 1377 321 1411 annehmen
347 1376 500 1410 wollen.
529 1394 571 1400 -
597 1376 787 1420 publicani
810 1375 979 1420 Syr-iani,
1007 1376 1169 1411 Gabinio
1195 1376 1349 1411 infensi.
1400 1378 1510 1413 Denn
1536 1377 1591 1411 sie

106 1437 237 1460 waren
266 1423 520 1474 gekommen,
553 1435 617 1457 um
651 1423 736 1458 sich
774 1424 866 1458 iiber
901 1424 968 1457 ihn
995 1424 1170 1459 desshalb
1203 1438 1250 1459 zu
1277 1424 1481 1473 beklagen‚
1508 1424 1590 1458 dass

104 1475 159 1508 sie
192 1473 254 1507 die
290 1472 546 1521 gepachteten
582 1471 839 1520 Staatsgelder
879 1472 989 1506 nicht
1030 1472 1164 1508 h'a'tten
1196 1473 1409 1520 eintreiben
1441 1473 1592 1515 diirfen,

105 1521 198 1557 weil
223 1521 383 1563 Rhiuber,
415 1520 601 1554 w'eihrend
626 1517 670 1553 ei·
694 1521 766 1554 den
792 1520 918 1568 Kb’nig
951 1521 1163 1554 Ptolem'a'us
1195 1521 1293 1555 nach
1317 1522 1499 1568 Agypten
1526 1533 1592 1555 zu-

105 1570 351 1611 riickfiihrte‚
385 1568 545 1613 Syriens
580 1568 724 1603 Kiisten
757 1571 968 1603 verwiistet
1003 1569 1079 1602 und
1110 1569 1408 1616 ausgepliindert
1444 1569 1587 1603 h‘zitten.

106 1618 142 1652 S.
169 1619 241 1653 Dio
267 1617 366 1652 Cass.
394 1617 476 1651 Lib.
504 1617 665 1650 XXXIX.
717 1635 760 1641 —
811 1621 929 1659 aelus,
954 1615 1137 1660 διωχθείς,
1165 1617 1332 1665 gehetzt‚
1367 1618 1508 1665 geiagt.
1546 1636 1590 1641 --

106 1671 214 1711 tamq.
243 1692 252 1700 .
281 1692 291 1700 .
320 1666 527 1707 ,snei-unt,
570 1665 646 1698 alle
681 1664 895 1699 benahmen
928 1665 1012 1699 sich
1037 1665 1146 1699 dabei
1185 1676 1244 1708 so,
1284 1666 1360 1699 wie
1397 1666 1456 1700 Du
1491 1665 1591 1700 Dich

105 1714 279 1749 wiirdest
304 1714 526 1747 benommen
554 1713 687 1746 haben.
717 1733 760 1739 —
785 1714 907 1755 soris,
933 1713 1153 1748 ausserhalb
1179 1714 1243 1747 des
1270 1712 1517 1748 Rathhauses.
1545 1731 1588 1737 —

104 1774 159 1796 me
183 1761 340 1796 hercule.
391 1760 453 1795 Sic
477 1762 616 1807 scripsi
653 1773 738 1795 cum
774 1761 813 1795 C.
841 1767 883 1795 ut
916 1773 974 1794 me
1005 1762 1167 1807 pendeat
1201 1773 1220 1795 e
1252 1773 1288 1795 v.
1325 1765 1438 1794 teneo.
1480 1780 1495 1787 -
1539 1772 1591 1795 me

106 1811 235 1844 Lamb.
263 1809 424 1843 inseruit
449 1816 535 1854 post
561 1815 676 1843 teneo.
728 1810 824 1844 Cett.
850 1809 1061 1843 mehercule.
1096 1809 1293 1844 ORELLI.
1345 1809 1480 1844 Cicero
1508 1815 1590 1843 ent-

106 1858 207 1892 hielt
233 1857 316 1892 sich
342 1857 412 1892 der
436 1857 613 1905 Anklage
651 1857 691 1890 in
719 1869 827 1891 causa
852 1857 1071 1897 maiestatis,
1097 1858 1175 1891 und
1201 1857 1247 1891 de
1274 1864 1393 1903 repet.
1420 1856 1590 1891 verthei·

104 1907 211 1954 dig-te
247 1918 289 1941 er
323 1906 394 1939 ihn
426 1917 547 1953 sogar.
599 1905 635 1939 S.
664 1906 764 1940 Orat.
797 1916 868 1950 pro
894 1905 1022 1939 Rabir.
1050 1907 1147 1939 Post.
1180 1917 1210 1938 c.
1239 1907 1270 1940 8.
1311 1906 1388 1939 und
1411 1906 1481 1940 Dio
1509 1905 1534 1938 l.
1565 1906 1588 1938 1.

104 1947 237 1990 Wenn
261 1955 446 1988 letzterer
470 1953 672 1992 berichtet,
699 1953 832 1987 Cicero
859 1953 954 1987 habe
980 1954 1050 1987 ihn
1079 1954 1122 1987 de
1149 1954 1344 1987 maiestate
1370 1953 1589 2001 angeklagt‚

105 2013 144 2036 so
178 2003 226 2036 ist
263 2002 327 2035 das
362 2002 566 2036 hb’chstens
596 2012 671 2035 von
697 2002 829 2035 dessen
856 2013 981 2050 geg-en
1013 2002 1082 2035 ibn
1114 2002 1354 2049 abgelegtein
1381 2001 1590 2050 Zeugnisse

105 2063 152 2084 zu
176 2050 393 2084 verstehen.
444 2050 482 2085 S.
504 2061 564 2096 ep.
586 2051 653 2084 153
672 2062 707 2084 u.
730 2052 808 2085 160.
835 2068 880 2074 --
906 2051 1000 2084 satis
1027 2075 1035 2083 .
1063 2075 1070 2082 .
1098 2075 1104 2082 .
1133 2050 1177 2083 de
1202 2050 1358 2092 Illilone,
1382 2049 1475 2092 „ich
1493 2049 1590 2082 habe

105 2111 151 2132 an
179 2101 273 2133 Dem
299 2110 440 2146 genug,
465 2110 543 2132 was
568 2098 644 2131 mir
670 2098 794 2132 Milo's
820 2109 959 2145 wegen
984 2097 1243 2139 bevorsteht,·‘
1277 2097 1362 2132 dem
1390 2096 1590 2143 Pompeius

108 2148 146 2180 in
172 2147 300 2180 sciner
320 2146 557 2193 Bewerbung
590 2158 654 2179 um
690 2146 752 2179 das
789 2145 971 2180 Consulat
1007 2145 1178 2180 zuwider
1203 2157 1299 2179 war.
1351 2145 1388 2179 S.
1416 2157 1477 2191 ep.
1507 2148 1587 2181 160.

107 2215 151 2221 —
177 2196 295 2228 nullos
319 2195 415 2237 iud„
451 2206 490 2228 so
515 2200 584 2241 gut
609 2195 664 2227 als
691 2195 805 2228 keine
831 2194 1003 2233 Richter,
1031 2193 1173 2228 iudices
1199 2194 1342 2227 nullius
1369 2193 1497 2239 pretii.
1549 2193 1590 2229 S.

107 2243 258 2277 Ramsh.
285 2243 313 2285 §.
340 2244 420 2279 203,
447 2243 499 2285 ll,
524 2254 556 2276 c.
586 2261 627 2267 -
659 2239 891 2287 Ἀπότευγμα,
921 2242 1119 2275 infelicem
1142 2253 1355 2276 successum
1381 2241 1589 2276 accusatio-

107 2292 166 2325 nis
190 2302 307 2325 meac.
333 2291 442 2325 5011.
485 2309 528 2315 —
575 2291 719 2332 malea,
745 2290 818 2324 den
845 2291 955 2323 hijson
982 2290 1138 2325 VVillen
1164 2289 1348 2324 mancher
1374 2289 1589 2323 Mensehen.

109 2359 149 2364 —
177 2350 221 2372 ne
246 2339 321 2379 illi,
359 2350 416 2372 me
442 2342 648 2380 accusante,
681 2339 822 2383 aliquid
845 2338 992 2372 accidat
1018 2345 1148 2372 contra
1174 2350 1285 2383 quam
1312 2338 1503 2372 accideret
1528 2348 1588 2370 me

107 2399 182 2422 non
206 2393 411 2421 accusante.
463 2387 596 2420 Timeo
622 2397 668 2420 ne
693 2388 922 2421 absolvatur.
974 2387 1085 2424 Nam,
1121 2387 1185 2429 qui
1212 2399 1272 2420 me
1299 2387 1474 2424 oderunt,
1509 2386 1588 2419 for-

107 2443 201 2470 tasse
227 2436 356 2479 illum,
382 2446 443 2468 me
469 2441 679 2474 accusante,
712 2436 964 2470 sublevarent.
1002 2435 1200 2469 MANUT.
1252 2435 1342 2468 seh.
1381 2434 1491 2467 malit
1525 2444 1586 2466 ac-

107 2485 224 2525 cedat,
258 2484 281 2517 i.
310 2496 340 2518 e.
376 2494 514 2518 ver-eor
546 2495 592 2517 ne
619 2484 683 2516 illi
719 2496 765 2517 ex
796 2484 874 2528 ipsa
900 2483 1136 2516 accusatione
1161 2494 1243 2516 mea
1270 2482 1412 2526 aliquid
1441 2481 1586 2515 emolu—

110 2531 229 2565 menti
255 2532 416 2566 acccdat.
475 2531 683 2565 Vielleicht
721 2533 768 2565 ist
802 2532 869 2564 der
896 2530 1011 2564 Sinn:
1046 2531 1111 2564 ich
1137 2531 1306 2572 siirchtc,
1342 2530 1438 2570 dass,
1474 2540 1587 2563 wenu

111 2579 175 2612 ich
203 2579 271 2612 ihn
299 2581 494 2627 anklagte,
522 2580 603 2613 ihm
620 2580 750 2614 Etwas
778 2580 976 2627 begegnen
1002 2579 1169 2621 mochte,
1194 2579 1230 2613 d.
1255 2579 1278 2610 i.
1304 2578 1383 2612 dass
1410 2589 1452 2611 er
1470 2577 1589 2611 wit-l<-

111 2627 191 2660 lich
234 2629 387 2664 m'o'chte
430 2628 661 2661 verurtheilt
711 2628 877 2661 werden.
938 2629 1043 2661 Danu
1074 2627 1206 2661 wiirde
1256 2626 1454 2670 Pompeius
1488 2626 1590 2660 mein

110 2675 242 2709 Feind.
287 2696 331 2702 —
379 2676 556 2720 nonnihil,
583 2676 627 2710 da
654 2676 714 2710 ich
743 2676 804 2710 das
832 2675 996 2722 Moinige
1029 2681 1140 2710 untcr
1167 2675 1232 2708 der
1262 2675 1369 2709 lland
1397 2674 1593 2722 beitragcn

112 2724 222 2757 kann.
