1742 3006
388 95 703 142 EPISTOLA
743 93 972 137 XLVIII.
1012 91 1190 136 XLIX.
1442 89 1536 137 205

0 196 5 252 l
64 213 211 279 peium
233 210 604 263 vehementerque
623 206 835 262 poenitet.
894 205 992 247 Non
1012 205 1229 261 provideo
1249 202 1375 256 sam,
1403 216 1536 258 quem

0 253 6 344 ἱ
65 269 240 311 exitum
270 267 468 309 futurum
496 267 659 319 putem.
730 261 821 303 Sed
852 266 974 302 certe
1002 263 1212 304 videntur
1239 259 1354 302 haec
1381 260 1536 314 aliquo

1 345 6 375 ς
65 329 291 379 eruptura
349 323 512 363 Libros
540 318 813 371 Alexandri,
849 318 1122 372 negligentis
1151 317 1346 359 hominis
1376 320 1421 357 et
1447 329 1536 357 non

1 379 7 424 ῗ
66 382 170 422 boni
231 381 380 430 oe’tae,
409 376 489 418 sed
513 378 660 416 tamen
688 387 777 416 non
805 373 1004 426 inutilis,
1034 373 1118 413 tibi
1149 374 1316 414 remisi.
1370 371 1537 415 Nume-

2 426 8 503 ’ἒ
67 437 180 477 rium
200 395 491 476 {Numestium
521 431 715 472 libente1
744 430 900 484 accepi
928 429 976 470 in
1005 429 1280 479 amicitiam3
1320 431 1366 470 et
1394 427 1538 469 homi-

0 507 9 557 ¹i
66 506 166 533 nem
195 503 373 544 giavem
403 492 449 530 et
477 486 717 543 pudentem
746 489 792 528 et
820 486 1004 542 dignum
1044 489 1122 526 tua
1158 484 1541 527 commendatione

0 555 9 627 l}
68 547 270 603 cognovi

359 725 676 769 EPISTOLA
706 724 883 766 XLIX.
927 724 1036 776 (Att.
1068 724 1131 766 11.
1162 725 1249 772 23.)

233 802 313 838 scr.
341 803 482 836 Romae
510 813 635 836 mense
661 801 789 834 Sextili
813 801 855 833 A.
885 800 930 836 U.
961 801 1000 833 c.
1028 800 1107 834 695.
1159 801 1207 842 (a.
1237 800 1275 832 c.
1302 800 1381 842 59.)

71 869 213 903 Scribit
247 881 284 902 se
320 868 417 904 hanc
451 870 645 915 epistolam
681 868 936 902 ambulantem
972 867 1129 900 dictasse
1163 869 1195 901 1.
1245 866 1465 912 Pompeium
1491 868 1546 900 sui

8 924 9 963 ξ
70 918 182 951 flatus
207 917 413 963 poenitere.
440 919 474 952 2.
521 929 560 950 se
586 917 750 962 publicis
777 916 943 950 consiliis
968 916 1077 949 nullis
1102 916 1303 957 interesse,
1338 914 1401 949 sed
1428 916 1547 948 causis

8 964 12 974 ”
73 966 284 1000 forensibus
311 977 464 1011 operam
492 966 591 999 dare.
643 964 815 998 Clodium
839 964 1077 997 vehementer
1110 964 1182 997 sibi
1208 963 1357 1006 minari,
1389 963 1548 1009 ideoque

421 1014 597 1053 Atticum,
623 1020 665 1047 ut
690 1024 775 1047 mox
799 1013 961 1054 advolet,
985 1017 1107 1057 rogat.
1135 1013 1168 1046 3.

574 1095 759 1132 CICERO
785 1094 970 1130 ATTICO
995 1095 1030 1132 S.

181 1163 416 1219 Nunquam
444 1168 546 1206 ante
586 1164 784 1205 albitror
821 1167 866 1205 te
907 1163 1146 1218 epistolam
1184 1176 1330 1205 meam
1370 1163 1549 1218 legisse,

11 1216 14 1268 J
72 1220 161 1262 nisi
189 1234 289 1262 mea
310 1234 442 1262 manu
466 1221 694 1274 scriptam.
753 1219 830 1261 Ex
852 1233 904 1261 eo
927 1220 1146 1274 colligere
1168 1220 1354 1275 poteris,
1385 1223 1553 1274 quanta.

73 1277 366 1331 occupatione
395 1277 629 1318 distinear.
699 1275 841 1327 Nam,
871 1290 1007 1330 quum
1033 1276 1167 1317 vacui
1188 1275 1403 1330 temporis
1431 1274 1551 1315 nihil

13 1342 16 1349 ’
73 1332 284 1373 haberem
312 1337 358 1373 et
387 1347 519 1386 quum
549 1331 821 1372 1Ue01eandae
849 1332 1037 1373 voculae
1067 1345 1203 1374 causa
1230 1344 1410 1372 necesse
1435 1333 1552 1371 esset

13 1380 17 1395 ’
74 1387 188 1428 mihi
218 1388 468 1440 ambulare,
509 1387 622 1428 haec
651 1387 824 1428 dictavi
854 1388 1099 1428 ambulans.
1165 1387 1371 1428 Primum
1408 1386 1552 1441 igitur

15 1464 17 1471 ·
78 1443 196 1483 illud
224 1447 270 1484 te
307 1444 425 1484 scire
463 1444 594 1493 volo,
634 1442 1062 1507 Sampsiceramum,
1106 1447 1307 1484 nostrum
1341 1444 1550 1495 amicum,

15 1495 18 1516 ¹
76 1498 364 1540 vehementer
382 1499 450 1539 sui
474 1503 616 1539 status
637 1499 889 1551 poenitere3
920 1499 1188 1553 restituique
1210 1499 1256 1539 in
1284 1512 1384 1540 eum
1404 1499 1552 1540 locum

15 1558 19 1568 “
77 1567 263 1609 cuper,e
293 1567 352 1594 ex
382 1568 469 1608 quo
500 1553 698 1605 decidit,
728 1554 1018 1609 dolmemque
1046 1568 1174 1596 suum
1211 1555 1443 1610 impertire
1472 1568 1552 1595 no-

0 1612 19 1665 ’,ἱ
77 1610 146 1651 bis
177 1612 223 1650 et
250 1609 521 1650 medicinam
560 1585 785 1650 inteldum
823 1614 975 1664 aperte
1014 1624 1253 1665 quaelere3
1297 1624 1430 1664 quam
1471 1624 1554 1664 ego

78 1677 254 1720 possum
284 1666 486 1707 invenire
515 1666 704 1706 nullam.
749 1670 851 1720 post
880 1665 1044 1707 deinde
1075 1680 1225 1708 omnes
1253 1666 1382 1707 illius
1412 1667 1555 1721 partis

81 1785 201 1818 seiner
231 1782 398 1829 Stellung
433 1782 604 1817 herzlich
638 1783 888 1828 iiberdriissig.
930 1801 975 1808 —-
1021 1783 1206 1827 poenitet,
1250 1794 1292 1817 er
1323 1784 1412 1818 lasst
1443 1784 1556 1818 sich's

19 1869 23 1874 ,
80 1832 246 1876 miiclrtig
273 1843 405 1874 reuen,
432 1832 513 1865 dass
540 1844 580 1865 er
607 1832 688 1866 sich
715 1844 756 1865 so
783 1831 1001 1865 verwickelt
1028 1831 1108 1869 hat.
1143 1831 1178 1865 S.
1204 1832 1297 1876 folg.
1323 1833 1438 1867 Brief.
1466 1833 1556 1877 §.2.·

22 1918 23 1923 Ἰ
82 1882 138 1916 sui
164 1887 283 1914 status
309 1881 491 1926 poenitet.
541 1899 584 1905 -
636 1884 744 1923 certe,
770 1880 854 1914 Asc.
882 1883 916 1918 l.
944 1882 980 1917 2.
1009 1881 1106 1914 Vict.
1135 1883 1166 1915 1.
1192 1884 1306 1915 certo.
1341 1899 1385 1907 -
1436 1882 1557 1925 aliquo

19 1925 23 1984 ἒ
82 1933 264 1973 eruptura.
316 1929 398 1973 vgl.
429 1939 486 1974 ep.
514 1929 648 1970 XLVI,
675 1930 708 1963 5.

178 1998 210 2031 7.
260 1995 393 2030 Libros
418 1996 639 2030 Alexandri.
716 1998 749 2030 S.
777 2009 822 2031 zu
848 2008 906 2043 ep.
935 1997 1066 2038 XLVI,
1093 1998 1132 2032 6:
1169 2008 1193 2030 a
1222 1997 1330 2031 Vibio
1355 1997 1472 2030 libros
1495 2007 1558 2030 ac-

3 2087 7 2089 *
83 2043 164 2087 sepi
188 2050 261 2076 cet.
288 2062 330 2068 —
357 2045 499 2087 neglig.
527 2044 781 2090 nachleissiger
808 2046 1099 2081 Schriftsteller.
1139 2063 1180 2069 —
1216 2045 1366 2080 Numer,
1393 2045 1558 2080 Numest.

23 2123 25 2127 .
82 2091 121 2125 S.
150 2103 206 2137 ep.
234 2092 363 2133 XLVI,
392 2095 424 2127 1.
460 2110 505 2116 —-
552 2093 759 2136 pudentem,
788 2093 1000 2137 sittlichen‚
1028 2093 1317 2133 bescheidenen,
1343 2093 1558 2128 ehrlieben·

84 2140 165 2174 den.
214 2139 277 2173 Sic
302 2141 478 2174 Faernus.
502 2141 717 2184 prudentem
739 2143 984 2190 (verstandig)
1012 2143 1108 2177 cett.
1161 2141 1357 2175 ORELLI.

180 2209 212 2243 1.
251 2211 383 2251 quanta
415 2218 536 2250 occup.
571 2207 768 2250 distineor,
813 2211 884 2243 wie
916 2210 1004 2243 sehr
1038 2207 1102 2242 ich
1136 2220 1209 2241 von
1237 2207 1470 2243 Gescha‘ften
1496 2209 1560 2243 be-

23 2267 27 2282 ·
84 2255 241 2297 hemmt,
267 2256 473 2289 iiber-hinist
498 2256 575 2288 bin.
595 2274 639 2280 —
667 2268 763 2290 recr.
790 2269 866 2291 voc.
893 2269 1006 2291 causa
1030 2258 1067 2290 in
1096 2269 1209 2302 opera
1234 2258 1372 2291 forensi
1399 2259 1558 2299 fractae,

25 2321 26 2342 3
85 2315 150 2336 um
175 2304 300 2337 meine
326 2304 542 2349 ersch'opfte
568 2305 725 2338 Stimme
751 2307 891 2340 wieder
919 2305 1175 2340 herzustellen.
1199 2324 1244 2330 —
1270 2306 1466 2346 ambulanS,
1492 2318 1559 2339 uu-

25 2383 28 2402 ὲ
85 2359 142 2385 ter
169 2351 268 2385 Anf-
301 2352 379 2386 und
403 2353 598 2397 Aligehen.
647 2354 755 2388 Diess
788 2355 885 2388 wird
918 2365 981 2388 zur
1017 2354 1228 2398 Erhaltung
1259 2354 1335 2388 und
1369 2354 1559 2400 Sta'rkung

27 2431 28 2434 ,
88 2400 153 2433 der
177 2399 332 2434 Stimme
359 2400 457 2434 auch
482 2413 553 2434 von
580 2402 738 2447 Quintil.
765 2403 830 2438 XI.
860 2415 890 2436 c.
918 2404 952 2437 3.
980 2404 1013 2437 4.
1041 2403 1272 2448 empfohlen.

27 2510 29 2516 ¹
181 2467 213 2501 2.
241 2466 415 2510 Sampsic.
463 2469 497 2502 S.
526 2480 583 2515 ep.
610 2469 695 2506 XL
725 2473 755 2504 1.
785 2489 828 2497 —·
863 2471 919 2503 sui
943 2475 1025 2503 stat.
1051 2472 1187 2514 poenit.
1239 2472 1272 2506 S
1299 2481 1358 2515 ep.
1387 2469 1559 2508 XLVIII

6 2513 30 2562 3⁶«
89 2514 121 2548 6.
148 2532 190 2538 —
228 2514 372 2550 decidit.
424 2516 459 2550 S.
489 2529 549 2562 ep.
575 2518 727 2559 XLVII,
753 2521 786 2554 3.
813 2522 845 2553 4.
874 2538 918 2543 -
969 2519 1132 2552 cnvenire
1158 2519 1306 2551 nullam.
1355 2516 1430 2556 Sic,
1457 2519 1487 2550 si
1514 2520 1559 2552 fi-

4 2572 17 2614 {⁴
89 2561 153 2593 des
188 2561 364 2604 Graevio‚
407 2565 564 2598 Helinst.
593 2567 730 2600 Graev.
758 2568 850 2601 Ern.
879 2568 966 2600 Sch.
992 2568 1093 2603 L'un
1127 2567 1289 2600 imenne
1312 2565 1449 2599 nullam
1471 2574 1559 2610 pos—

4 2615 31 2640 ι’Ι
88 2620 164 2642 sum
189 2610 319 2643 Lamb.
346 2623 480 2654 possem
507 2614 577 2647 inv.
604 2625 638 2649 n
665 2614 747 2649 Md.
776 2616 895 2649 Oxon.
924 2619 955 2650 1.
983 2617 1013 2650 2.
1039 2615 1124 2648 Asc.
1152 2617 1186 2650 1.
1215 2615 1313 2646 Crat
1343 2614 1444 2648 Vict.
1474 2617 1504 2648 l.
1523 2616 1555 2649 2.

5 2659 14 2687 i
87 2668 191 2697 posse
226 2658 380 2692 2··n1enirz·
415 2662 549 2694 nullam
583 2663 690 2704 (scil.
718 2663 828 2705 dico)
862 2663 929 2699 Cd.
967 2664 1111 2696 decurt.
1145 2664 1256 2694 Torn
1294 2661 1488 2695 ORELLI.
1515 2682 1557 2688 —

5 2716 33 2736 v
84 2710 167 2747 post
194 2705 337 2746 deinde,
371 2717 465 2748 was,
498 2711 570 2743 wie
605 2712 729 2745 demde
752 2716 844 2755 post,
884 2710 979 2744 auch
1007 2717 1107 2743 sonst
1135 2709 1183 2752 (z.
1211 2710 1250 2742 B.
1281 2710 1357 2742 Cic.
1383 2711 1468 2744 Mil.
1496 2713 1553 2746 21

8 2760 33 2789 ,4
89 2753 164 2785 Liv
194 2754 255 2793 41,
289 2731 345 2788 24’
373 2756 523 2791 Terent.
552 2759 660 2791 Andr
690 2759 768 2799 111,
793 2761 834 2798 2,
862 2762 894 2794 3.
926 2759 1071 2792 Cornel-
1101 2759 1208 2791 Eum·
1239 2758 1296 2798 5-)
1330 2759 1557 2798 V0¹k0mm²
