1742 3006
175 71 269 118 224
467 75 528 117 M.
561 76 613 118 T.
646 72 985 118 CICERONIS
1015 76 1387 123 EPISTOLAE.

172 187 297 228 tumn
326 199 422 228 esse
452 186 645 240 dicebat,
676 190 721 228 te
750 189 984 244 autquasi
1013 188 1171 232 amicis
1198 191 1288 233 tuis
1318 191 1490 246 gratias
1514 197 1645 236 actu·

107 249 156 288 11
173 249 274 283 rum
314 247 392 284 aut
428 243 555 297 quasi
595 242 794 285 inimicis
823 244 1268 288 incommodam-um.
1328 246 1453 296 Quid
1481 250 1647 292 multa?

171 297 347 339 serebat
375 298 600 352 graviter3
648 298 697 339 id
735 299 1026 341 vehementer
1053 310 1223 343 mecum
1252 300 1524 356 querebatur
1542 317 1649 347 ora.-

170 354 355 407 batque,
395 356 446 396 ut
484 353 540 394 ad
579 358 624 396 te
662 367 794 409 quam
832 355 1179 410 diligentissime
1209 359 1477 400 scriberem:
1528 360 1651 414 quod:

168 408 291 450 facio
330 412 377 449 et
414 413 459 450 te
487 422 670 464 prorsus
698 410 990 452 vehementer
1028 412 1163 466 etiam
1192 417 1327 468 atque
1356 414 1494 455 etiam
1523 424 1659 470 rogo,

168 468 218 505 ut
257 468 303 505 et
339 466 706 518 procuratoribus
746 467 898 508 Flavii
943 467 1146 510 remittas
1188 468 1245 510 de
1275 469 1572 512 deminuendo
1598 475 1648 512 'et

166 520 593 574 Apollonidensibus
619 535 677 562 ne
707 522 816 576 quid
844 523 1117 577 perscribas,
1157 524 1279 577 quod
1309 530 1466 566 contra
1493 526 1647 572 Flavi-2

166 589 243 616 um
269 576 346 629 sit,
374 577 614 632 ampliu83‘
640 582 686 619 et
713 578 865 618 Flavii
895 590 1029 619 causa
1047 583 1102 619 :et
1131 580 1310 621 scilicet
1339 580 1549 635 Pompeii
1579 580 1646 622 fa-

166 632 260 673 cies
289 633 450 673 omnia.
529 632 650 675 Nolo
679 633 853 675 medius
881 632 1017 674 fidius
1047 647 1107 675 ex
1137 638 1214 674 tua
1241 636 1410 678 iniuria
1438 636 1485 676 in
1514 636 1646 677 illum

167 688 252 728 tibi
282 688 517 729 liberalem
545 701 615 729 me
644 689 815 731 videri:
855 688 936 729 sed
965 688 1044 740 [et]
1073 694 1119 728 te
1149 702 1244 742 oro,
1287 695 1338 731 ut
1366 693 1461 746 ipse
1491 696 1645 736 aucto-

168 744 350 784 ritatem
388 748 434 784 et
470 749 800 785 monumentum
838 743 1027 799 aliquod
1073 744 1248 785 decreti
1287 749 1366 786 aut
1411 747 1646 788 literarum

163 802 343 840 tuarum
379 799 634 853 relinquas,
675 799 796 854 quod
827 800 888 841 sit
917 799 974 841 ad
1004 798 1156 841 Flavii
1185 813 1279 840 rem
1309 803 1354 841 et
1383 801 1439 842 ad
1469 815 1647 844 causam

162 854 567 898 accommodatum.
623 855 733 896 Fert
763 856 881 899 enim
910 855 1112 910 graviter
1140 854 1276 900 homo
1305 860 1351 897 et
1378 858 1467 898 mei
1497 858 1646 901 obser-

156 949 358 992 scriptum,
406 949 550 982 Bentiv.
586 958 681 993 susp.
707 949 884 992 scriptum
917 957 1003 982 esse.
1041 966 1087 972 —-
1113 951 1147 981 te
1170 952 1232 982 aut
1256 978 1264 986 ‚
1291 974 1299 982 .
1326 974 1333 982 .
1364 976 1372 984 .
1397 952 1462 982 aut
1485 973 1492 981 .
1521 973 1530 982 .
1557 974 1565 982 .
1591 948 1647 982 in-

162 997 480 1036 commodaturmn,
526 997 615 1040 „Du
648 997 814 1035 xviii-dest
847 995 945 1030 Dich
983 995 1173 1029 entweder
1211 1007 1329 1042 gegen
1364 996 1418 1035 sie
1451 997 1542 1038 (den
1568 996 1645 1029 Ge-

162 1046 442 1088 schsftstrsger
469 1044 532 1077 des
556 1044 704 1090 Flavius,
726 1055 763 1082 u,
791 1044 852 1076 die
877 1043 1157 1089 Apollonidier‚
1201 1045 1237 1078 ie
1256 1044 1450 1078 'nachdem
1475 1044 1528 1078 sie
1560 1043 1646 1078 sich

160 1096 199 1129 in
233 1094 355 1126 dieser
387 1091 509 1126 sache
543 1092 748 1125 benehmen
784 1091 963 1134 vvi'irden)
999 1092 1156 1126 als-wie
1181 1103 1301 1136 gegen
1327 1093 1449 1126 Deine
1472 1093 1646 1126 Freunde

161 1142 328 1176 dankbar
365 1152 407 1173 zu
441 1140 620 1185 bezeigen
655 1141 784 1173 wissen
822 1139 911 1173 oder
941 1139 994 1173 sie
1033 1140 1088 1173 als
1128 1141 1268 1173 Feinde
1313 1141 1435 1174 Deine
1475 1139 1647 1185 schyvere

160 1191 268 1224 Hand
295 1189 425 1224 fuhlen
451 1189 585 1222 lassen.
647 1188 933 1222 Incommodare
959 1188 1088 1230 alicui,
1123 1188 1325 1222 Iemanden
1353 1186 1646 1223 verdriesslich-

158 1240 285 1272 keiten
312 1239 489 1276 machon,
525 1235 646 1270 findet
668 1237 752 1270 ‘sicli
780 1238 875 1270 auch
903 1237 964 1270 bei
990 1237 1143 1272 Terent.
1168 1237 1282 1273 Andr.
1316 1239 1345 1279 Ι,
1374 1240 1407 1277 1,
1434 1238 1513 1271 135.
1566 1237 1642 1271 Cic.

160 1287 288 1329 Quint.
317 1289 372 1322 16.
427 1286 568 1319 Gellius
592 1286 680 1328 VII,
709 1287 794 1320 17.“
844 1286 905 1318 Sic
931 1284 1007 1321 Pal.
1036 1292 1199 1330 quartus,
1225 1286 1352 1329 Regii.
1377 1286 1516 1329 Margo
1543 1286 1644 1319 Crat.

159 1336 257 1370 Lan.
283 1335 368 1368 Seli.
397 1334 625 1368 incommoda
650 1333 804 1366 laturum
836 1332 916 1367 Md.
945 1333 1044 1368 cett.
1081 1332 1174 1367 Edd.
1201 1340 1349 1378 praeter
1376 1333 1529 1374 Lamb.,
1563 1333 1643 1377 qui:

159 1383 381 1417 incommoda
406 1383 610 1417 illaturum.
663 1380 863 1416 ORELLI.
1276 1418 1280 1421 .
1445 1418 1447 1422 .

260 1434 320 1468 11.
353 1431 392 1464 id
415 1429 548 1464 vellem.
588 1429 634 1462 de
661 1430 751 1466 Ern.
779 1440 875 1474 susp.
903 1427 991 1464 Seli.
1018 1434 1054 1464 et
1077 1441 1108 1464 υ.
1135 1431 1266 1464 Lamh.
1293 1429 1393 1463 coni.
1420 1429 1560 1464 Bentiv.
1588 1430 1644 1463 icl-

159 1491 234 1524 que.
261 1499 307 1505 —
348 1479 514 1512 remittas
546 1479 589 1512 de
621 1478 751 1511 demin.
788 1478 852 1510 das
887 1478 1054 1519 Verbot‚
1105 1479 1186 1511 dass
1217 1479 1272 1511 sie
1296 1478 1434 1512 Niclits
1473 1490 1542 1511 von
1573 1477 1644 1511 den

160 1530 310 1563 Giitern
346 1528 410 1561 des
443 1527 623 1560 Octavius
655 1529 872 1559 veraussern
909 1526 1087 1568 diii-stou,
1132 1527 1305 1571 sogleich
1331 1537 1376 1558 zu
1399 1526 1571 1562 erlassen.
1600 1544 1642 1550 —

159 1582 193 1611 et
217 1577 347 1622 Apoll.
373 1587 415 1610 ne
440 1575 526 1620 quid
546 1574 767 1619 perscribas,
793 1586 828 1608 u.
856 1574 926 1607 den
950 1575 1234 1619 Apollonidiern
1256 1572 1392 1607 Nichts
1425 1586 1468 1607 zu
1501 1575 1642 1608 scinem

158 1625 386 1660 Nachtheile
423 1636 467 1656 an
501 1635 545 1657 zu
577 1623 722 1656 sinnen.
798 1623 846 1656 Ut
870 1633 953 1664 nos,
987 1622 1070 1659 Md.
1114 1624 1217 1658 Crat.
1255 1622 1353 1655 Vict.
1393 1622 1426 1657 l.
1465 1624 1501 1656 2.
1536 1624 1640 1656 Man.

157 1673 291 1708 Lamb.
331 1676 367 1705 et
409 1673 452 1705 de
489 1671 613 1714 Apoll.
654 1670 723 1704 Ed.
761 1671 864 1705 1584.
901 1670 1052 1703 Gruter.
1084 1671 1236 1706 Ernest.
1278 1669 1432 1703 Schutz.
1481 1670 1637 1704 Liinem.

154 1720 368 1766 perscribas
404 1722 503 1753 Crat.
543 1719 638 1751 Vict.
673 1720 704 1751 l.
740 1718 889 1752 Ernest.
922 1718 1072 1751 Schi'itz.
1107 1719 1261 1751 Li'mem.
1290 1717 1525 1763 praescribas
1558 1718 1639 1752 Md.

158 1770 281 1804 Oxon.
316 1770 351 1804 2.
388 1769 493 1802 Man.
535 1766 666 1801 Lanib.
702 1766 797 1799 Vict.
831 1767 863 1801 2.
899 1766 994 1800 Lall.
1030 1766 1225 1800 ORELLI.
1253 1786 1294 1792 —
1345 1765 1506 1809 scilicet,
1541 1766 1640 1799 wohl

156 1829 203 1852 zu
235 1816 455 1851 bemerken.
514 1814 710 1860 Pompeius
748 1826 824 1847 war
861 1815 938 1848 also
973 1814 1033 1847 ein
1066 1814 1295 1848 besonderer
1328 1815 1482 1847 Gonner
1522 1815 1638 1848 dieses

155 1866 314 1901 Flavius.
347 1882 388 1889 —
413 1863 554 1906 facies.
604 1862 665 1895 Sic
693 1862 776 1898 Md.
806 1863 924 1900 Oxon,
951 1864 984 1898 2.
1013 1863 1113 1896 Crat.
1143 1863 1239 1896 Vict.
1268 1864 1298 1896 1.
1327 1863 1366 1897 2:
1406 1868 1446 1894 ut
1470 1874 1565 1896 nova
1589 1863 1639 1896 sit

155 1914 356 1956 sententia.
375 1912 509 1955 facias
531 1912 634 1945 Μᾶη.
663 1911 797 1946 Lamb.
825 1913 918 1945 Ern.
946 1911 1099 1945 Schutz.
1125 1912 1285 1956 Liinem.
1328 1910 1522 1945 ORELLI.
1571 1912 1638 1945 Bei

153 1965 316 1997 letztern
342 1959 461 1995 findet
484 1960 565 1993 sicli
592 1969 657 1992 vor
681 1959 838 2002 amplius
870 1960 932 1992 ein
966 1959 1097 1991 Kolon.
1155 1959 1257 1992 Uber
1290 1958 1354 1990 das
1385 1959 1515 1995 Futur.
1550 1959 1638 1992 sim-

154 2013 241 2056 plex
273 2016 366 2044 statt
401 2008 464 2041 des
497 2008 675 2053 Imperat.
711 2007 897 2041 mildernd
937 2007 1145 2051 gebi-anchi.
1178 2019 1209 2042 s.
1242 2005 1397 2043 Ramsh,
1437 2008 1464 2050 §.
1493 2008 1571 2050 167,
1605 2009 1637 2042 2-

154 2061 244 2093 Not.
270 2060 311 2095 95.
340 2057 486 2092 Grotef.
515 2056 552 2100 §.
581 2057 659 2091 186.
709 2074 752 2080 —
803 2056 942 2089 medius
967 2054 1082 2095 fidius
1114 2056 1139 2088 i.
1175 2066 1205 2088 e.
1240 2056 1293 2087 ita
1334 2065 1395 2087 me
1428 2056 1518 2088 deus
1551 2056 1638 2088 fidei

155 2113 256 2141 amet
286 2107 378 2141 oder
403 2104 544 2138 amabit
579 2105 634 2145 (⁵.
659 2104 813 2137 Ramsh.
840 2106 868 2148 §.
896 2104 977 2143 166,
1005 2105 1037 2138 3.
1064 2104 1112 2137 N.
1139 2104 1172 2140 2,
1211 2103 1304 2136 iiber
1336 2102 1436 2135 diese
1467 2103 1638 2136 Schwur-

155 2156 335 2197 formeln)
362 2169 411 2186 z
436 2164 503 2199 per
528 2151 637 2186 deum
663 2152 812 2185 Fidium
842 2152 975 2193 (Plaut.
1002 2152 1099 2185 Asin.
1126 2152 1159 2193 l,
1188 2154 1221 2190 1,
1249 2152 1282 2186 8.
1309 2151 1432 2184 Varro
1458 2163 1514 2197 ap.
1540 2152 1637 2186 Non.

154 2205 190 2239 8.
226 2215 266 2236 n.
292 2205 352 2238 93.
389 2203 435 2235 de
470 2201 580 2245 Ling.
614 2201 696 2235 Lat.
723 2201 787 2243 lv,
825 2202 867 2234 10
901 2200 1001 2244 apud
1025 2200 1152 2233 aedem
1181 2200 1242 2232 dei
1267 2198 1366 2232 Fidii
1392 2199 1500 2233 Ovid.
1534 2201 1633 2233 Fast.

153 2253 203 2291 V,
231 2253 314 2287 213.
347 2252 443 2284 Fest.
478 2249 516 2281 in
541 2249 724 2291 Aledius),
765 2247 826 2281 bei
859 2248 1001 2281 meiner
1026 2249 1168 2287 Treue,
1196 2247 1435 2291 wahrhastig.
1487 2248 1564 2292 Vgl.
1592 2248 1637 2280 ad

85 2313 88 2316 ⁴
151 2301 299 2335 Divers.
327 2301 368 2340 V,
399 2300 457 2333 21.
484 2297 576 2330 Plin.
602 2297 721 2342 Epist.
747 2297 818 2338 IV,
845 2298 877 2331 3.
904 2295 985 2328 Liv.
1017 2296 1060 2337 V,
1087 2298 1118 2330 6.
1142 2316 1183 2321 —
1213 2306 1256 2328 ez
1283 2299 1346 2328 lua
1370 2296 1476 2328 iniur.
1507 2321 1515 2329 .
1543 2321 1551 2329 .
1579 2296 1633 2327 vi-

152 2349 252 2392 der-i,
287 2347 349 2380 ich
375 2346 551 2379 wiinsclie
578 2346 704 2386 nicht,
754 2345 836 2377 dass
871 2345 929 2378 Du
962 2343 1045 2376 dem
1069 2344 1282 2377 Fundanius
1309 2343 1483 2377 Uni-echi:
1515 2343 1633 2385 thust,

151 2409 220 2431 nm
255 2396 330 2430 mir
361 2394 445 2428 hier
475 2394 537 2428 bei
571 2394 711 2426 Diesen
745 2392 854 2434 (dem
879 2391 1022 2425 Flavius
1056 2393 1134 2425 und
1167 2392 1390 2436 Pompeius)
1423 2391 1491 2424 auf
1513 2392 1634 2424 Deine

151 2447 293 2479 Kosten
320 2444 381 2477 ein
407 2441 609 2475 verdienst
635 2453 683 2474 zu
710 2441 912 2474 erwerben.
970 2440 1090 2473 Nein!
1127 2441 1188 2473 ich
1215 2441 1290 2473 will
1314 2439 1431 2472 damit
1455 2439 1521 2472 fur
1547 2440 1634 2473 Dei·

150 2505 226 2526 nen
263 2499 380 2537 guten
407 2491 547 2523 Namen
574 2500 727 2534 sergeri,
769 2488 871 2522 Dich
904 2498 1023 2532 gegen
1048 2487 1425 2533 Ungerechtigkeiten
1464 2486 1633 2521 verwah-

150 2553 235 2575 ren.
264 2559 307 2564 -—
350 2538 412 2582 [el]
440 2538 510 2571 del.
535 2542 569 2570 el
596 2537 643 2570 de
668 2538 804 2570 Fae‘rni
838 2542 874 2569 et
897 2538 987 2570 Ern.
1016 2537 1200 2569 sententia
1225 2536 1376 2569 Schutz.
1407 2537 1562 2569 Li'inem.
1589 2553 1631 2558 -

151 2588 437 2629 auctoritatem,
474 2587 558 2619 eine
592 2585 768 2618 officielle
800 2585 1031 2628 Erkliirung5
1067 2595 1218 2619 monum.
1254 2584 1408 2626 decreti,
1452 2584 1534 2617 eine
1558 2583 1632 2617 Ur-
1705 2590 1709 2636 f

149 2637 298 2678 lkund05
347 2634 491 2680 aliquid
524 2633 720 2667 literarum
752 2637 869 2672 zuar„
918 2634 1041 2667 Etwas
1085 2631 1342 2666 schriftliches
1387 2642 1457 2665 von
1490 2631 1632 2665 Deiner
1705 2639 1708 2676 y

145 2685 276 2720 mand.
306 2703 349 2707 —
385 2683 433 2715 acl
456 2682 511 2714 1³1.
538 2693 614 2715 rem
639 2685 673 2714 et
699 2682 748 2715 ad
771 2692 868 2715 caus.
896 2692 958 2714 zur
983 2681 1197 2725 Forderung
1224 2681 1290 2713 der
1313 2679 1434 2713 Sache
1462 2679 1523 2712 des
1548 2677 1631 2710 Fla-
1704 2680 1707 2693 '

151 2734 241 2768 vius,
278 2749 316 2755 —
363 2729 462 2764 Stutt
495 2734 533 2762 ul
566 2730 643 2773 ipse
668 2729 849 2774 gew'ohnh
880 2734 918 2761 ul
945 2733 980 2762 tu
1005 2729 1092 2773 ipse.
1150 2729 1222 2762 Sed
1250 2733 1287 2762 lu
1312 2734 1368 2762 est
1394 2739 1436 2761 ex
1462 2726 1629 2772 gemina-

1703 2713 1705 2736 1

1702 2800 1705 2843 P

1699 2846 1704 2885 ι’

1698 2891 1702 2913 ς

1698 2920 1702 2947 2
