1742 3006
134 432 161 474 <51

191 93 285 141 212
471 95 535 137 M.
569 96 624 138 Τ.
658 90 997 138 CICERONIS
1028 92 1401 137 EPISTOLAE.

194 211 503 263 potueramus,
545 205 694 247 subito
724 209 885 247 exorta
914 208 995 248 est.
1057 205 1181 255 Quid
1211 206 1416 261 quaeris?
1458 205 1574 248 nihil
1604 220 1673 249 me

195 263 542 313 infortunatius‚
583 261 699 302 nihil
733 261 1005 303 fortunatius
1036 265 1104 302 est
1133 262 1318 315 Catulo,
1362 275 1496 316 quum
1525 262 1672 317 splen-

197 320 306 362 dore
335 321 481 370 vitae,
521 319 548 367 †
578 321 672 358 tum
702 316 790 359 hoc
819 323 1033 372 tempore.
1102 316 1196 360 Nos
1236 323 1385 359 tamen
1414 318 1461 358 in
1489 316 1563 358 his
1591 320 1672 361 mi-

196 377 327 417 seriis
356 378 508 414 erecto
530 373 677 414 animo
700 377 744 414 et
765 374 946 414 minime
970 374 1229 427 perturbato
1250 387 1422 415 sumus:
1450 373 1673 414 honestis-

196 432 394 484 simeque
413 433 459 470 et
477 427 743 484 dignitatem
763 433 964 470 nostram
984 441 1143 482 magna
1166 442 1273 471 cura
1296 433 1485 471 tuemur.
1538 429 1673 470 Pom-

195 487 322 540 peius
353 485 409 526 de
449 483 613 526 Clodio
654 486 778 525 iubet
806 497 887 524 nos
917 497 1014 525 esse
1044 486 1140 525 sine
1171 498 1279 526 cura
1308 489 1353 526 et
1382 497 1597 526 summam
1626 485 1673 525 in

195 555 275 583 nos
305 541 662 583 benevolentiam
691 541 811 581 omni
854 539 1058 581 oratione
1097 540 1340 595 significat.
1408 541 1478 582 Te
1506 540 1672 581 habere

195 597 486 639 consiliorum
524 601 775 648 auctorem,
823 595 1184 637 sollicitudinum
1222 598 1418 650 socium,
1467 596 1589 637 omni
1625 597 1673 636 in

196 654 471 708 cogitatione
498 653 784 693 coniunctum
807 652 955 706 cupio.
1016 651 1194 704 Quare,
1225 655 1273 692 ut
1293 651 1529 693 Numestio
1549 665 1671 693 man-

195 709 324 762 davi,
353 713 501 750 tecum
530 713 580 749 ut
608 711 783 762 ageret,
816 709 922 748 item
953 709 1086 761 atque
1117 721 1193 760 eo,
1222 707 1262 747 si
1292 711 1466 761 potest,
1509 709 1672 758 acrius,
1740 710 1742 715 ’

195 770 239 805 te
278 778 412 819 rogo,
467 767 514 804 ut
559 764 689 818 plane
729 762 785 803 ad
827 776 908 804 nos
949 762 1149 805 advoles.
1232 761 1501 817 Respiraro,
1547 763 1584 803 si
1627 768 1671 803 te

194 820 366 862 videro.

190 976 383 1023 pinischen
410 975 560 1011 Gallie-n
588 986 623 1008 u.
645 984 719 1008 von
746 974 945 1019 Illyricum
975 989 1008 1008 u.
1037 975 1104 1008 der
1131 975 1362 1009 Oberbefehl
1387 975 1482 1009 'uber
1504 975 1672 1010 dreiLe-

190 1026 329 1073 gionen
356 1025 423 1057 auf
445 1024 536 1059 tiinf
558 1021 669 1056 Iahre
706 1021 948 1070 hingegeben
974 1022 1081 1057 war?
1134 1025 1224 1056 Cato
1257 1029 1360 1070 sagte
1391 1023 1550 1057 damah:
1585 1024 1672 1057 Nun

190 1073 284 1106 habt
315 1071 384 1105 lbr
416 1070 513 1105 euch
540 1070 653 1103 selbst
684 1070 794 1103 einen
820 1071 946 1118 Ktinig
971 1071 1139 1119 gegeben
1165 1083 1198 1104 u.
1226 1070 1296 1104 ihn
1322 1071 1391 1104 mit
1417 1071 1540 1105 seiner
1565 1070 1674 1104 Leib-

190 1120 319 1154 wache
345 1120 440 1153 nuf’s
466 1119 616 1163 Capitol
639 1123 790 1161 gesetzt.
841 1119 1022 1166 Dagegen
1057 1117 1154 1152 hielt
1198 1119 1310 1153 C'a'sar
1346 1119 1404 1152 die
1448 1118 1572 1152 Pax-tei
1604 1119 1673 1153 der

191 1169 410 1214 Optimaten
436 1167 475 1200 in
500 1165 771 1200 schwebender
795 1166 1029 1214 Besorgffiss,
1069 1166 1110 1199 in
1143 1165 1338 1210 Argwohn
1363 1178 1398 1198 u.
1425 1166 1672 1210 Misstrauen3

189 1215 320 1250 wohin
347 1213 446 1248 auch
482 1214 607 1248 dieser
639 1213 865 1257 angebliche
903 1215 1097 1259 Complott
1133 1213 1304 1259 gehorte.
1357 1232 1399 1238 ——
1451 1215 1670 1248 discusserat

190 1264 297 1308 quasi
322 1267 595 1307 tempestatem.
650 1263 762 1295 Ciisar
792 1260 957 1295 benahm
990 1261 1071 1296 sich
1103 1262 1186 1296 eine
1218 1261 1396 1308 Zeitlang
1423 1262 1673 1310 gemiissigter

190 1324 225 1345 u.
251 1321 409 1356 gewann
435 1309 605 1343 dadurch
630 1309 766 1350 Mehr,
794 1310 847 1342 als
875 1320 981 1342 wenn
1008 1320 1050 1343 er
1075 1311 1290 1354 gewaltsam
1318 1310 1524 1344 verfahren
1550 1310 1666 1343 hatte.

190 1378 233 1383 -—
261 1369 303 1392 ea
328 1357 469 1397 clades,
497 1357 556 1391 die
583 1354 755 1396 Gefahr‚
790 1355 869 1390 dass
894 1358 1006 1390 Ciisar
1030 1357 1136 1390 nebst
1165 1356 1343 1390 Vatinius
1377 1356 1580 1391 f'zilschlich
1606 1369 1670 1391 an-

189 1405 369 1455 geklagte
398 1405 637 1450 Optimaten,
664 1414 775 1453 sogar
800 1404 909 1438 einen
936 1404 1091 1438 Bibulus
1116 1405 1184 1438 in's
1200 1405 1323 1439 Elend
1339 1404 1521 1440 schicken
1539 1404 1669 1439 mb'ch-

188 1462 236 1489 te.
265 1475 307 1479 —
335 1457 404 1487 tum
430 1452 496 1485 hoc
522 1457 696 1496 tempore.
747 1453 848 1485 Haec
874 1453 936 1486 vel
960 1463 1116 1494 manca,
1143 1453 1201 1486 vel
1226 1459 1414 1498 corrupta.
1441 1458 1516 1487 tum
1539 1453 1670 1486 mortis

188 1507 362 1547 tempore.
400 1500 528 1534 hamb.
566 1500 664 1535 coni.
697 1504 772 1533 tum
817 1511 967 1533 occasus
1007 1504 1182 1544 tempore.
1215 1499 1366 1535 Schiitz.
1400 1502 1499 1535 coni.
1532 1501 1668 1535 Fuitne

187 1550 282 1584 haee
307 1546 575 1591 ἀποσιώπησις;
603 1552 676 1581 tum
691 1548 783 1592 quod
799 1552 959 1592 tempore
975 1548 1052 1582 scil.
1071 1553 1286 1593 opportuno
1302 1555 1463 1583 mortem
1490 1549 1637 1583 obiit—
1650 1550 1666 1580 ’ἓ

189 1598 388 1633 ORELLI.
439 1598 613 1631 Mortuus
648 1602 702 1630 est
736 1595 778 1628 A.
805 1597 849 1630 U.
877 1597 956 1631 694.
991 1595 1149 1629 Afranio
1185 1601 1222 1628 et
1254 1596 1408 1630 Metello
1441 1596 1665 1631 consulibus.

187 1644 278 1680 Vid.
305 1646 351 1679 ad
378 1644 489 1678 Attic.
519 1644 618 1682 XHI,
647 1646 702 1678 12.
732 1645 785 1677 16.
814 1645 869 1677 19.
899 1661 941 1667 —
976 1644 1015 1676 in
1049 1642 1115 1677 lzz's.
1149 1643 1226 1676 Md.
1253 1643 1333 1676 Asc.
1363 1646 1395 1678 1.
1431 1645 1532 1679 Crat.
1568 1645 1663 1678 Vict.

167 1694 220 1728 '1.
246 1693 304 1726 iis.
354 1691 506 1726 Addunt
531 1697 616 1736 post
641 1689 696 1723 leis
721 1703 752 1723 v.
783 1690 886 1723 etiam
916 1690 996 1723 Asc.
1024 1693 1058 1726 1.
1089 1693 1184 1724 Crat.
1214 1690 1345 1725 Lamb.
1381 1710 1424 1716 —
1459 1691 1667 1726 honestissi-
1736 1706 1742 1710 >

185 1750 308 1785 meque
333 1744 381 1772 et.
434 1738 536 1772 Illud
567 1742 600 1771 et
637 1739 700 1772 vel
734 1738 880 1771 delend.
913 1739 975 1771 vel
1013 1749 1099 1772 cum
1134 1738 1285 1772 Schiitz.
1312 1739 1356 1772 de
1389 1740 1538 1774 Ernest.
1565 1752 1664 1786 susp.

184 1787 504 1833 transponendum
540 1792 626 1819 ante
658 1796 736 1819 voc.
761 1795 917 1828 magna.-
953 1786 1015 1820 vel
1042 1797 1130 1820 cum
1156 1787 1315 1821 Graevio
1341 1787 1379 1819 in
1405 1788 1500 1821 Add.
1534 1789 1664 1835 leg-en-

185 1836 276 1869 dum
302 1834 608 1878 honestissimeque
639 1838 671 1867 et
704 1844 839 1875 magna
870 1844 960 1867 cura
985 1834 1085 1876 dign.
1113 1845 1144 1866 n.
1171 1838 1321 1867 tuemur.
1372 1835 1502 1868 Minus
1537 1841 1663 1870 tamen

183 1883 393 1929 probabilis
417 1882 513 1916 haec
538 1887 594 1915 est
617 1882 869 1926 transpositio.
898 1882 1094 1916 ORELLI.
1722 1879 1742 2034 β

280 1951 315 1986 5.
341 1950 423 1984 item
449 1964 498 1982 z
523 1949 617 1984 eben
648 1959 705 1990 so,
745 1949 813 1981 auf
844 1947 994 1994 gleiche
1029 1949 1184 1990 Weise,
1220 1950 1290 1982 mit
1323 1949 1542 1993 folgendem
1576 1951 1664 1984 aber

185 1997 516 2043 vorangehendem
543 2001 600 2039 ut,
639 1996 759 2040 quasi,
794 1997 1095 2039 quemadmodum,
1134 2000 1300 2041 tanquam
1326 2009 1357 2030 z.
1385 1998 1424 2029 B.
1452 1998 1530 2033 Cic.
1558 1999 1662 2034 Orat.

183 2048 241 2081 6⁰.
271 2047 379 2080 Verr.
408 2046 476 2089 lv,
502 2047 535 2081 9.
564 2046 680 2091 Legg.
709 2044 760 2082 ΙΙ,
789 2045 822 2077 5.
850 2044 926 2076 biv.
952 2045 1010 2081 39,
1038 2046 1092 2078 19.
1132 2044 1209 2079 Cic.
1237 2047 1342 2081 Verr.
1371 2045 1421 2086 11,
1448 2046 1495 2080 22
1519 2058 1553 2079 u.
1580 2059 1604 2079 s.
1633 2048 1661 2081 f.
1721 2043 1742 2088 ft·-

185 2113 229 2118 —
256 2104 296 2127 eo
326 2119 334 2127 .
363 2119 369 2125 .
397 2120 403 2125 .
433 2094 573 2133 acrius,
601 2103 659 2126 wo
685 2090 880 2137 mb'glich‚
916 2092 1015 2125 noch
1042 2092 1283 2136 dringender.
1320 2112 1364 2118 ψ-
1400 2093 1527 2136 plane,
1563 2093 1660 2127 ohne
1735 2087 1738 2093 ’

184 2140 386 2175 Aufschub.
418 2160 459 2166 -—
488 2141 689 2185 Respiraro
716 2145 786 2173 cet.
815 2137 850 2173 S.
867 2139 1015 2173 Ramsh.
1037 2142 1066 2183 §.
1090 2141 1168 2181 164,
1199 2141 1266 2181 ΙΙΙ,
1293 2144 1322 2175 7.
1353 2141 1500 2177 Grotef.
1529 2141 1556 2183 ἕ.
1583 2143 1656 2176 172.
1719 2151 1742 2191 gs·

183 2191 211 2232 ᾗ.
243 2190 321 2230 176,
350 2190 381 2223 4.
893 2204 901 2209 .,
