1742 3006
166 53 262 100 406
443 54 506 97 M.
538 56 595 98 T.
626 53 969 99 CICERONIS
1000 54 1376 100 EPISTOLAE.

168 163 417 208 constiterit
445 166 616 208 fructus
645 167 728 209 otii
756 168 845 218 tui;
889 181 975 222 quo
1003 167 1182 222 quidem
1209 167 1292 209 tibi
1319 165 1493 224 perfrui
1522 167 1646 210 miri-

167 222 256 264 fice
283 221 434 273 licuit,
477 235 609 276 quum
638 236 753 265 esses
783 224 830 265 in
858 223 945 265 ista
973 224 1237 265 amoenitate
1266 236 1403 278 paene
1429 223 1549 265 solus
1579 237 1648 266 re-

165 278 309 319 lictus.
366 277 519 332 Neque
546 281 693 320 tamen
724 279 903 333 dubito,
935 280 1039 334 quin
1068 283 1117 320 tu
1145 292 1199 320 ex
1226 279 1307 321 illo
1328 279 1530 321 cubiculo
1558 282 1651 332 tuo,

170 347 225 375 ex
252 346 336 388 quo
365 333 447 374 tibi
478 333 735 376 Stabianum
763 334 1006 390 perforasti
1035 339 1081 376 et
1121 334 1378 390 patefecisti
1414 335 1650 384 Misenum,

167 402 249 444 per
278 402 353 430 eos
383 388 478 430 dies
508 392 721 432 matutina
748 394 948 445 tempora
985 391 1260 432 lectiunculis
1298 390 1654 446 consumpseris.-

169 457 301 499 quum
331 445 399 484 illi
428 445 622 499 interea,
651 447 726 502 qui
745 451 789 488 te
815 447 920 488 istic
941 447 1233 502 reliquerunt,
1263 450 1515 503 spectarent
1533 460 1653 488 com-

169 513 321 541 munes
350 500 509 543 mimos
549 503 820 544 semisomni.
894 501 1106 557 Reliquas
1146 516 1251 545 vero
1290 508 1439 558 partes
1479 502 1568 544 diei
1603 505 1654 543 tu
1700 505 1713 516 ²

170 557 457 598 consumebas
496 557 553 598 iis
593 557 983 611 delectationibus,
1038 570 1145 613 quas
1185 558 1267 599 tibi
1305 560 1402 613 ipse
1443 558 1500 599 ad
1537 559 1654 599 arbi-

168 611 304 652 trium
333 615 455 653 tuum
485 626 792 666 comparui-³153
832 614 958 655 nobis
987 619 1132 656 autem
1171 617 1296 655 erant
1324 629 1376 656 ea
1405 614 1653 669 perpetien-

171 666 249 718 da,
279 680 389 721 quae
420 665 626 718 [scilicet]
657 669 730 724 Sp.
762 668 966 710 Maecius
1004 669 1294 724 probavisset.
1352 668 1574 721 Omnino,
1612 668 1652 711 si

168 724 370 777 quaeris,
410 724 503 764 ludi
532 725 885 779 apparatissimi,
932 726 1009 766 sed
1045 738 1131 766 non
1169 725 1235 766 tui
1273 725 1513 768 stomachi:
1549 738 1653 767 con·

167 833 295 868 Musse
320 844 363 866 zu
387 834 589 877 geniessen.
618 855 660 862 -—
688 836 903 871 amoenitate
927 836 1059 879 villae,
1094 847 1205 882 quam
1230 835 1374 870 Marius
1398 834 1439 868 in
1465 846 1555 881 agro
1581 836 1654 869 Pu-

168 882 319 915 teolano
346 881 523 919 habebat.
551 882 658 917 SCH.
687 902 730 909 »-
763 896 806 918 ex
831 885 899 918 illo
935 884 1099 918 cubiculo
1126 888 1186 917 tuo
1218 884 1450 930 prospiciens
1487 890 1525 917 et
1548 884 1654 918 loco-

167 941 254 963 rum
290 931 520 964 amoenitate
555 939 594 965 te
619 932 808 966 delectans
841 932 1023 977 simulque
1054 933 1203 977 legens,
1237 938 1280 965 ut
1315 932 1473 966 solemus
1499 932 1590 967 ruri.
1614 933 1655 966 in

166 978 235 1011 illo
253 978 351 1013 Lall.
379 978 468 1014 Sch.
494 981 589 1014 Liin.
619 980 817 1016 ORELLI.
845 998 889 1005 —-
916 991 962 1014 ex
986 991 1054 1024 quo
1080 979 1148 1013 tibi
1171 979 1387 1014 Stabianum
1411 986 1480 1014 cet.
1503 981 1529 1015 i.
1551 992 1582 1014 e.
1609 991 1654 1013 ex

167 1037 239 1070 qno
265 1026 376 1058 villae
392 1033 478 1060 tuae
495 1029 748 1074 Pompeianae
765 1035 1008 1074 prospectum
1028 1028 1065 1061 in
1085 1028 1301 1062 Stabianum
1327 1039 1461 1073 agrum
1487 1034 1523 1062 et
1536 1028 1653 1062 Mise-

167 1085 259 1107 num
283 1074 357 1107 tibi
382 1076 572 1119 aperuisti.
622 1077 767 1111 Marius
792 1078 934 1110 konnte
960 1077 1036 1109 also
1063 1087 1127 1110 aus
1145 1077 1286 1109 seinem
1308 1077 1470 1111 Cabinet
1495 1079 1563 1111 auf
1585 1077 1654 1110 der

167 1122 265 1155 Villa
290 1122 353 1154 'bei
386 1123 558 1169 Pompeii
598 1135 717 1169 gegen
751 1125 892 1169 Mittag
927 1125 984 1157 bis
1019 1125 1057 1158 in
1090 1124 1151 1157 die
1186 1124 1345 1168 Gegend
1381 1136 1453 1158 von
1487 1125 1652 1167 Stabiae,

166 1182 241 1203 was
267 1168 368 1203 nach
403 1171 499 1204 Plin.
528 1171 599 1211 111,
627 1174 660 1207 5.
687 1172 741 1206 im
775 1173 1050 1218 Biirgerkriege
1084 1173 1288 1206 verwiistet
1320 1173 1398 1206 und
1432 1172 1585 1207 hierauf
1613 1173 1654 1206 in

166 1218 390 1262 Landgiiter
414 1229 448 1252 u.
466 1219 586 1253 villen
605 1221 836 1255 verwandelt
850 1233 944 1265 war,
970 1222 1062 1254 aber
1078 1231 1200 1268 gegen
1220 1220 1354 1253 Abend
1373 1221 1428 1253 bis
1444 1222 1544 1255 nach
1566 1221 1654 1254 dem

168 1265 404 1313 Vorgebirge
425 1267 617 1301 Misenum
641 1268 768 1302 seben.
795 1270 886 1303 Liin.
912 1269 1086 1303 Seianum.
1138 1269 1260 1302 Locus
1293 1276 1506 1314 corruptus.
1554 1267 1655 1302 Dedi

166 1313 313 1347 interea
330 1313 506 1349 Lambini
531 1317 785 1361 suspicionem
804 1318 879 1350 iam
907 1328 927 1350 a
951 1316 1041 1349 Sch.
1068 1322 1270 1360 receptam.
1305 1316 1384 1353 ΟΒ.
1417 1335 1462 1341 ——
1497 1316 1652 1361 relique-

167 1365 264 1395 runt.
290 1363 379 1396 Ern.
405 1364 508 1397 coni.
528 1364 616 1402 Sch.
637 1366 733 1399 Li'm.
750 1365 984 1410 reliquerant.
1014 1363 1213 1399 ORELLI.
1263 1365 1366 1397 Haec
1388 1365 1490 1398 enim
1509 1367 1654 1410 scripta

168 1416 255 1444 sunt
278 1418 365 1456 post
389 1412 510 1445 ludos.
560 1413 633 1446 Aus
661 1414 873 1447 demselben
895 1413 1051 1446 Grunde
1071 1412 1244 1446 nachher
1270 1414 1300 1457 ζ).
1326 1414 1359 1447 2.
1387 1412 1581 1446 redierant.
1608 1431 1654 1438 —

167 1469 388 1502 communes,
425 1461 486 1493 die
519 1462 740 1506 gemeinen,
776 1462 892 1494 sehon
929 1462 987 1494 oft
1021 1461 1242 1505 gesehenen.
1303 1461 1464 1494 Latetne
1495 1462 1536 1495 in
1577 1461 1653 1495 hoo

166 1517 304 1541 nomen
341 1509 537 1554 proprium
571 1523 605 1547 v,
639 1522 672 1544 c.
696 1510 983 1554 Ροπῳοηίαποε,
1011 1507 1221 1543 Noin‘anos?
1258 1507 1453 1542 ORELLI.
1503 1509 1655 1553 Pompo-

165 1555 270 1598 nius,
304 1555 363 1588 ein
401 1557 566 1592 Dichter
591 1569 712 1605 gegen
739 1558 800 1591 die
827 1559 909 1591 Zeit
935 1558 998 1590 des
1027 1557 1189 1590 Catullus
1213 1557 1327 1598 (Gen.
1353 1557 1441 1599 XII,
1471 1559 1528 1592 10.
1555 1557 1654 1600 XVI,

165 1605 242 1643 6.),
280 1604 349 1637 wie
383 1605 524 1639 Novius
556 1618 625 1640 zur
657 1607 741 1640 Zeit
777 1606 840 1640 des
874 1605 1074 1641 Lucretius
1108 1605 1222 1647 (Gell.
1256 1604 1338 1647 XV,
1375 1606 1432 1639 13.
1467 1605 1591 1648 XVII,
1618 1607 1654 1640 2.

165 1652 343 1686 Macroh.
372 1654 446 1687 Sat.
473 1654 503 1694 Ι,
532 1656 608 1696 20).
657 1656 731 1688 Die
755 1653 902 1700 Spiele,
931 1653 1078 1687 welche
1101 1654 1267 1699 gegeben
1293 1653 1442 1686 wurden
1459 1676 1468 1694 ‚
1505 1653 1654 1686 bestan-

167 1699 239 1731 den
264 1710 328 1733 aus
351 1700 618 1747 Schauspielen
644 1703 855 1746 (certamen
895 1702 1105 1745 scenicum)
1130 1701 1205 1735 und
1240 1699 1503 1746 k'orperlichen
1528 1702 1654 1736 wett-

166 1746 308 1791 spielen
331 1748 383 1790 (c.
411 1751 660 1795 gymnicum).
712 1751 914 1796 Pompeius
941 1751 1029 1783 liess
1054 1754 1178 1783 ausser
1201 1748 1361 1783 Griech.
1387 1759 1422 1781 u.
1449 1749 1654 1783 Oscischen

167 1794 437 1841 Schauspielen
474 1799 565 1831 zwei
601 1799 835 1843 Tragodien,
874 1799 935 1832 die
966 1799 1246 1844 Klyta'mnestra
1276 1808 1347 1830 von
1372 1796 1498 1830 Attius
1525 1808 1560 1831 u.
1589 1797 1655 1831 das

166 1844 416 1877 Troianische
442 1846 559 1878 Pferd
585 1859 653 1880 von
672 1848 799 1881 Livius
818 1847 1075 1884 Andronicus,
1099 1847 1308 1879 auffuhren.
1358 1846 1468 1878 Dann
1485 1851 1653 1879 mussten

166 1891 227 1923 die
252 1892 399 1937 Ringer
426 1893 621 1937 (athletae)
648 1894 732 1928 ihre
756 1897 897 1928 Ki'mste
934 1895 1076 1938 zeigen.
1133 1895 1192 1927 Im
1226 1893 1358 1926 Circus
1392 1892 1482 1926 oder
1515 1892 1654 1939 hippo-

163 1939 317 1973 dromus
345 1951 419 1974 war
445 1942 504 1975 ein
531 1943 814 1976 Pserderennen
842 1941 914 1974 und
939 1943 1031 1974 fimf
1051 1942 1152 1987 Tage
1178 1941 1370 1974 hindurch
1387 1941 1531 1985 taglich
1557 1941 1654 1976 zwei

165 1988 322 2033 Iagden‚
360 1991 474 2022 worin
501 1991 588 2024 fiinf
611 1991 783 2024 Hundert
807 1991 944 2024 L'owen
972 1990 1093 2033 erlegt
1119 1989 1293 2028 wurden,
1330 1989 1390 2022 ein
1416 1990 1559 2034 Kampf
1581 2001 1652 2024 von

166 2038 210 2070 18
237 2037 294 2070 bis
319 2038 365 2072 20
390 2038 626 2082 Elephanten
653 2051 689 2073 u.
717 2051 745 2072 s.
773 2039 802 2074 f.
830 2056 875 2062 --
907 2037 1131 2080 semisomni,
1167 2038 1349 2071 zwischen
1375 2037 1553 2071 Schlafen
1579 2037 1654 2071 und

164 2085 356 2126 Wachen3
381 2086 496 2119 theiis
521 2088 608 2120 weil
633 2087 687 2120 sie
712 2097 753 2120 so
778 2085 871 2119 fr’uh
896 2086 1169 2130 ausgestanden
1189 2096 1336 2127 waren,
1362 2097 1425 2118 um
1451 2086 1561 2119 einen
1585 2097 1654 2131 gu·-

164 2137 227 2165 ten
254 2133 357 2166 Platz
383 2134 436 2168 im
461 2135 625 2169 Theater
650 2147 697 2169 zu
722 2134 967 2175 bekommen3
992 2134 1104 2166 theils
1120 2133 1207 2167 weil
1224 2134 1277 2166 sie
1297 2134 1357 2167 die
1383 2133 1507 2179 Spiele
1531 2133 1654 2168 sehon

167 2181 226 2213 oft
262 2182 423 2225 gesehen
460 2183 605 2220 hatten.
650 2201 693 2209 ·—-
742 2182 801 2216 iis.
839 2183 899 2217 Sic
925 2182 1041 2228 Neap.
1072 2182 1205 2216 Lamb.
1237 2181 1296 2216 his
1327 2182 1430 2218 cett.
1457 2194 1545 2215 cum
1569 2182 1651 2217 Md.

165 2248 209 2253 —
236 2230 304 2263 tz'bz·
328 2229 418 2273 ipse.
446 2231 530 2269 Md.
559 2233 660 2267 Crat.
686 2231 784 2265 Vict.
812 2232 842 2264 l.
869 2231 902 2265 2.
930 2230 1071 2263 Bened.
1099 2230 1166 2263 tibi
1189 2230 1274 2274 ipsi.
1310 2248 1353 2253 —
1391 2229 1456 2275 Sp.
1482 2230 1654 2264 Maecius

165 2278 311 2321 Tarpa,
347 2279 454 2312 iener
486 2287 682 2324 gestrenge
714 2279 956 2314 Beurtheiler
989 2278 1056 2310 der
1093 2278 1280 2312 Gedichte
1306 2278 1409 2313 nach
1435 2279 1565 2314 Horat.
1592 2289 1653 2323 ep.

165 2325 213 2358 ad
239 2326 364 2359 Pison.
395 2329 435 2368 V,
462 2329 532 2363 386
557 2339 594 2364 u.
621 2328 698 2364 Sat.
727 2328 757 2367 Ι,
789 2328 843 2366 10,
869 2328 926 2362 38.
978 2327 1069 2360 Hier
1095 2327 1266 2359 ironisch
1293 2337 1335 2359 zu
1361 2326 1545 2369 nehmen,
1577 2327 1652 2359 wie

164 2373 307 2407 scilicet
332 2375 494 2408 verriith.
535 2376 624 2419 „Sic
655 2378 752 2410 Crat.
780 2376 913 2408 Graev.
939 2375 1048 2419 Seqq.
1077 2375 1148 2407 cfr.
1178 2376 1406 2419 Interpretes
1431 2374 1477 2407 ad
1499 2374 1651 2407 Horatii

166 2422 213 2453 A.
241 2422 283 2456 P.
310 2433 341 2455 v.
368 2424 449 2458 386.
476 2427 510 2456 et
546 2424 659 2457 Serm.
698 2425 730 2463 Ι,
766 2426 823 2464 10,
857 2424 913 2457 33.
949 2423 1088 2455 scilicet
1123 2423 1166 2456 P.
1204 2422 1372 2457 Maecius
1403 2422 1488 2457 Md.
1524 2422 1650 2467 Neap.

164 2469 249 2503 Asc.
278 2472 308 2504 1.
336 2468 438 2505 vict.
468 2473 498 2505 l.
527 2473 559 2506 2.
586 2472 715 2505 Lamb.
748 2471 818 2504 Sed
837 2482 1016 2516 perquam
1039 2476 1253 2515 suspectum
1280 2472 1324 2504 fit
1349 2470 1509 2513 scilicet,
1536 2481 1650 2515 quum

164 2518 363 2552 recordere
390 2520 530 2554 mirum
556 2520 663 2552 illum
690 2531 836 2552 morem
860 2520 942 2553 Md.
972 2520 1122 2551 nomina
1142 2530 1208 2563 per
1229 2519 1494 2563 compendium
1512 2518 1651 2562 scripta

166 2566 392 2609 explicandi.
442 2568 502 2600 Sic
530 2568 602 2600 hoc
629 2569 714 2601 loce
742 2579 761 2599 e
787 2568 854 2602 51'.
881 2567 1120 2601 MARCIUS
1156 2567 1305 2600 videtur
1342 2567 1478 2600 fecisse
1509 2566 1650 2600 scilicet

168 2613 211 2650 Ρ.
238 2614 417 2648 Maecius.
449 2617 646 2650 ORELLI.

260 2661 292 2695 2.
321 2664 616 2705 apparatissimi,
652 2664 743 2696 aus's
779 2664 936 2696 hiiehste
964 2664 1179 2707 gettieben‚
1219 2675 1289 2696 von
1317 2663 1413 2697 allen
1443 2662 1650 2705 gesehenen

166 2707 225 2741 die
253 2711 566 2753 praclntvollsten.
594 2712 629 2747 S.
659 2713 764 2747 Orat.
794 2712 829 2745 in
857 2713 976 2746 Pison.
1004 2723 1038 2746 c.
1067 2713 1122 2747 27.
1150 2730 1193 2736 —-
1222 2723 1291 2746 non
1317 2712 1371 2744 tui
1395 2714 1517 2754 stom,
1544 2709 1650 2743 nicht
