1742 3006
497 89 815 134 EPISTOLA
846 90 1112 135 CXLVIII.
1458 91 1552 139 475

71 210 142 248 tus
172 218 244 260 es,
274 218 301 246 a
327 204 484 260 quibus
513 202 732 256 debuisti,
761 216 904 259 nequo
934 203 993 245 de
1021 203 1067 244 vi
1095 202 1292 255 nefaria,
1333 216 1421 258 qua
1450 217 1550 246 cum

14 275 17 313 g
72 262 214 303 fratre
253 274 373 303 eram
412 260 543 301 domo
582 260 815 314 expulsus,
859 272 1000 312 neque
1038 258 1221 301 hercule
1260 258 1306 299 in
1345 259 1403 301 iis
1441 259 1552 314 ipsis

13 317 18 368 ξ
73 318 226 370 rebus,
256 329 390 372 quae,
419 328 681 370 quamquam
710 319 835 357 erant
861 314 973 355 mihi
1002 320 1186 369 propter
1217 315 1286 356 rei
1315 313 1553 357 familiaris

14 369 15 378 ¹
72 372 308 427 naufragia
330 371 629 423 necessariae,
659 376 807 413 tamen
836 383 861 412 a
889 384 959 412 me
987 370 1161 411 minimi
1182 371 1473 425 putabantur,
1503 371 1552 412 in

72 429 183 470 meis
213 428 383 469 damnis
413 441 468 470 ex
497 427 762 470 auctoritate
791 431 966 469 senatus
995 427 1244 468 sarciendis
1275 441 1372 469 eam
1399 428 1553 470 volun-

73 488 234 537 tatem,
280 496 410 539 quam
460 487 787 538 exspectaram⁷
837 482 1166 538 praestiterunt.
1248 481 1373 532 Quae
1421 497 1553 539 quum

14 558 18 587 τ
72 540 271 582 viderem
299 563 355 570 ——
382 552 522 594 neque
550 543 675 580 erant
703 541 889 581 obscura
917 563 969 569 —
1000 552 1089 579 non
1118 542 1263 580 tamen
1288 543 1379 580 tam
1399 540 1556 580 acerba

14 588 18 646 ζ
74 595 186 636 mihi
213 595 324 637 haec
353 595 634 648 accidebant,
673 609 803 650 quam
833 598 960 637 erant
998 594 1075 636 illa
1104 599 1254 649 grata,
1299 608 1410 650 quae
1439 595 1555 637 fece-

14 660 16 696 }
77 656 190 693 rant.
249 651 405 706 Itaque
434 664 696 706 quamquam
725 656 768 693 et
806 650 1024 706 Pompeio
1065 650 1326 706 plurimum,
1371 655 1415 693 te
1459 653 1555 707 qui-

14 730 18 755 s*
75 707 176 748 dem
206 706 305 762 ipso
334 708 642 761 praedicatore
673 721 725 748 ac
754 712 887 760 teste,
925 708 1137 749 debebam
1165 711 1211 748 et
1240 720 1339 748 eum
1368 721 1456 749 non
1486 722 1556 750 so-

14 763 16 796 i
74 763 166 804 lum
195 762 439 816 beneficio,
480 764 561 806 sed
601 776 752 805 amore
792 764 926 806 etiam
955 768 1000 804 et
1027 767 1241 818 perpetuo
1270 763 1460 817 quodam
1489 764 1557 805 iu-

14 833 15 838 *
74 819 196 860 dicio
225 833 324 861 meo
352 819 616 873 diligebam:
657 824 802 861 tamen
831 833 916 860 non
944 824 1172 875 reputans,
1211 819 1322 874 quid
1361 820 1438 861 ille
1468 821 1558 861 vel-

13 884 16 911 ?
74 875 162 927 let,
208 874 257 916 in
294 875 495 917 omnibus
533 875 644 915 meis
685 876 916 916 sententiis
956 875 1011 916 de
1050 889 1100 917 re
1138 875 1316 930 publica
1351 875 1556 930 pristinis

77 931 399 985 permanebam.
457 931 555 985 Ego
585 930 764 971 sedente
793 930 873 972 Cn.
904 930 1147 984 Pompeio,
1186 945 1345 985 quum,
1384 936 1433 973 ut
1460 932 1556 972 lau-

14 989 17 1017 ³²
77 987 205 1028 daret
232 988 283 1029 P.
314 986 531 1040 Sestium,
572 985 803 1028 introisset
840 987 888 1027 in
928 988 1081 1027 urbem
1119 986 1393 1040 dixissetque
1429 988 1556 1028 testis

13 1050 18 1061 ⁷
76 1042 314 1095 Vatinius,
343 1056 413 1084 me
442 1043 619 1083 fortuna
648 1046 692 1083 et
720 1041 940 1083 felicitate
969 1043 1020 1084 C.
1053 1041 1261 1083 Caesaris
1292 1048 1557 1084 commotum

14 1107 18 1135 1
76 1097 146 1138 illi
176 1099 363 1139 amicum
394 1111 489 1139 esse
518 1097 739 1152 coepisse:
781 1097 883 1139 dixi
912 1111 980 1138 me
1011 1111 1107 1139 eam
1136 1097 1290 1138 Bibuli
1319 1099 1559 1152 fortunam,

14 1166 18 1199 ,ι
78 1167 206 1209 quam
235 1155 311 1196 ille
340 1154 559 1195 afflictam
588 1158 788 1208 putaret,
833 1153 1028 1195 omnium
1055 1153 1294 1208 triumphis
1333 1154 1559 1196 victoriis-

76 1224 161 1265 que
200 1210 448 1252 anteserre:
498 1210 678 1264 dixique
716 1209 869 1252 eodem
907 1214 1042 1261 teste,
1094 1210 1181 1251 alio
1220 1210 1341 1263 loco,
1381 1211 1559 1252 eosdem

14 1275 17 1285 '
77 1280 197 1320 esse,
239 1267 315 1322 qui
344 1266 554 1308 Bibulum
593 1266 714 1306 exire
753 1266 884 1307 domo
923 1265 1253 1319 prohibuissent
1296 1271 1340 1307 et
1379 1266 1453 1320 qui
1490 1280 1559 1308 me

15 1360 18 1375 ,
79 1323 352 1377 coegissent:
394 1325 489 1363 tota
528 1334 635 1363 vero
665 1321 959 1375 interrogatio
990 1335 1086 1362 mea
1126 1321 1239 1362 nihil
1279 1320 1434 1364 habuit
1472 1323 1558 1364 nisi

13 1490 18 1529 ξ
80 1480 162 1513 den.
196 1479 232 1514 S.
265 1493 314 1514 zu
346 1480 375 1523 ξ.
413 1482 465 1515 15.
499 1492 536 1514 u.
570 1493 613 1514 zu
646 1492 704 1527 ep.
733 1483 839 1521 CXX,
867 1484 902 1520 2.
931 1482 1097 1518 CXLVI.
1127 1482 1182 1517 14.
1209 1491 1278 1527 pro
1306 1481 1415 1516 ‹Iomo
1443 1493 1474 1516 e.
1502 1484 1560 1517 43.

15 1535 17 1538 “
80 1528 138 1563 44.
164 1529 211 1562 ad
233 1528 346 1562 Attio.
372 1529 434 1568 lv,
461 1530 498 1565 2.
525 1529 783 1571 (LXXXVIII,
811 1532 860 1573 3).
919 1531 1025 1565 Diess
1062 1532 1154 1564 alles
1186 1529 1330 1564 konnte
1365 1541 1407 1564 er·
1431 1530 1562 1565 Denk—

14 1601 17 1606 .
80 1576 209 1610 mahle
240 1587 410 1621 nennen,
443 1577 502 1610 die
537 1577 603 1611 der
636 1577 748 1612 Senat
779 1577 859 1612 ihm
896 1590 1027 1624 wegen
1064 1579 1189 1612 seiner
1219 1578 1445 1612 Verdienste
1473 1579 1563 1613 oder

14 1631 17 1662 2
79 1625 268 1658 vielmehr
301 1625 382 1659 sich
421 1625 532 1659 selbst
576 1625 652 1658 und
688 1626 810 1660 seiner
847 1627 1133 1671 Gerechtigkeit
1173 1627 1345 1673 gestiftet
1375 1626 1483 1660 habe.
1518 1646 1562 1652 -

80 1673 127 1706 ab
153 1673 210 1707 iis.
238 1673 317 1707 Md.
345 1674 441 1707 Vict.
468 1675 500 1708 2.
527 1673 571 1706 ab
598 1672 666 1709 his.
693 1694 737 1700 —
775 1676 818 1708 de
842 1675 878 1708 vi
903 1676 1065 1718 nefaria.
1093 1675 1128 1708 S.
1154 1685 1212 1719 ep.
1239 1675 1431 1717 LXXXIX,
1458 1677 1490 1712 2.
1517 1695 1561 1701 —

14 1730 18 1758 ξ
80 1721 120 1754 in
145 1721 213 1764 iis,
240 1721 336 1754 vict.
364 1723 397 1756 2.
425 1722 461 1754 in
488 1720 556 1756 his.
584 1741 627 1746 —
653 1722 864 1756 sarciendis.
890 1723 926 1758 S.
951 1735 1009 1769 ep.
1036 1722 1269 1758 LXXXVIII.
1296 1741 1339 1747 -
1375 1728 1565 1766 exspecta-

83 1780 185 1810 ram,
211 1768 295 1805 Md.
322 1781 341 1801 a
367 1769 482 1814 prim.
511 1781 563 1807 m.
591 1775 844 1814 ezspectarem.
871 1791 916 1796 —
950 1783 1058 1815 neque
1083 1774 1183 1805 erant
1209 1770 1372 1804 obscura.
1397 1771 1457 1804 Sic
1483 1772 1562 1806 Md.

15 1855 18 1865 ‚
83 1818 184 1850 vict.
213 1819 243 1852 1.
270 1818 408 1852 Bened.
436 1829 545 1862 neque
579 1819 669 1851 enim
702 1824 808 1852 erant
841 1831 888 1853 ex
920 1820 1072 1864 antiquo
1105 1820 1228 1864 suppl.
1263 1819 1364 1853 Crat.
1402 1819 1497 1854 Vict.
1531 1823 1563 1856 2.

83 1865 214 1899 Lamb.
241 1866 377 1899 Graev.
403 1865 500 1902 Ern.
527 1867 824 1912 Martyni-Lag.
851 1867 935 1902 Sch.
961 1869 1054 1902 Liin.
1083 1867 1278 1902 ORELLI.

179 1927 215 1962 6.
242 1929 276 1960 te
302 1952 311 1961 .
339 1951 347 1959 .
375 1951 383 1959 .
411 1930 516 1970 teste,
552 1929 620 1961 wie
646 1929 706 1961 Du
732 1929 847 1962 selbst
874 1929 1103 1974 wenigstens
1129 1929 1203 1962 mir
1229 1928 1465 1963 anrithmtest
1491 1931 1566 1964 und

86 1973 358 2008 betheuertest.
387 1975 422 2008 S.
449 1976 599 2010 Ramsh.
627 1977 660 2020 S.
684 1979 764 2019 172,
793 1988 824 2010 a.
852 1977 998 2011 Grotef.
1026 1977 1061 2021 ff.
1090 1979 1169 2012 266.
1194 1977 1274 2011 326.
1302 1995 1347 2001 —
1373 1977 1563 2020 beneficio,

87 2034 215 2067 wegen
248 2023 365 2056 seines
408 2023 644 2058 verdienstes
675 2037 738 2058 um
770 2026 899 2065 mich,
936 2026 998 2058 bei
1034 2026 1099 2058 der
1131 2025 1484 2070 Zuriickberufung.
1524 2046 1564 2052 —

85 2070 244 2114 indicio,
283 2081 409 2115 wegen
437 2071 504 2105 der
529 2071 661 2106 hohen
695 2073 802 2114 mee,
839 2074 899 2107 die
926 2074 990 2107 ich
1017 2074 1152 2106 immer
1185 2084 1254 2105 von
1287 2073 1366 2106 ihm
1402 2075 1478 2108 mir
1502 2086 1567 2121 ge-

86 2119 217 2153 macht
247 2120 365 2153 hatte.
394 2138 437 2144 -
463 2130 533 2153 non
557 2125 748 2165 reputans,
775 2121 874 2155 ohne
899 2122 1107 2156 Riicksicht
1132 2121 1200 2154 auf
1224 2122 1321 2164 Das,
1350 2134 1437 2156 was.

184 2183 217 2216 7.
252 2181 413 2222 sedente,
459 2188 500 2214 ut
532 2182 703 2217 laudaret
737 2184 908 2217 Sestium.
959 2186 993 2218 S.
1029 2184 1127 2217 oben
1160 2185 1188 2228 §.
1223 2185 1257 2218 4.
1290 2195 1337 2217 zu
1371 2184 1569 2221 laudarim,

89 2228 162 2262 Die
187 2229 398 2263 laudatores
423 2241 563 2270 sassen‚
597 2231 665 2265 wie
693 2233 752 2265 die
779 2239 914 2271 testes»,
950 2233 1015 2266 auf
1046 2233 1151 2265 einer
1185 2232 1343 2276 eigenen
1381 2233 1484 2265 Bank
1518 2234 1571 2266 im

89 2277 286 2313 Gerichte.
313 2296 357 2302 —
390 2277 428 2311 Ρ.
456 2278 606 2313 Sestium
632 2280 675 2314 de
702 2281 737 2314 vi
764 2281 810 2314 ab
836 2280 1065 2314 Albinovano
1092 2286 1332 2323 accusatum,
1367 2292 1480 2325 quem
1508 2282 1572 2314 Ci-

90 2336 179 2359 cero
213 2326 402 2367 oratione,
438 2338 530 2371 quae
562 2335 699 2370 exstat,
733 2328 916 2362 defendit.
949 2329 1058 2364 SCII.
1094 2347 1139 2353 —-
1176 2333 1209 2362 et
1232 2328 1348 2370 selic-
1375 2330 1572 2373 Martyrii-

88 2375 182 2421 Lag.
209 2385 254 2408 ac
280 2380 411 2408 contra
439 2375 516 2408 Md.
541 2395 585 2400 —
612 2375 696 2420 illi,
723 2377 896 2416 Vatinio,
925 2377 1031 2410 amic.
1082 2377 1181 2412 Nam
1209 2388 1279 2421 qno
1307 2388 1401 2409 anno
1427 2378 1572 2411 Sextius

91 2423 138 2455 de
164 2422 201 2456 vi
228 2434 375 2455 causam
402 2422 512 2462 dixit,
551 2423 720 2458 decrevit
747 2426 880 2458 Cicero
908 2437 969 2458 sua
997 2426 1182 2459 sententia
1210 2425 1360 2459 Caesari
1389 2426 1572 2469 supplica-

91 2471 214 2504 tiones
240 2471 453 2516 quindecim
480 2472 645 2515 dierum,
674 2474 920 2518 stipendium,
949 2473 1076 2507 decem
1104 2475 1255 2516 legatos.
1290 2473 1369 2504 Vid.
1399 2475 1502 2506 Orat.
1528 2475 1573 2507 ‹lo

91 2519 258 2563 provinc.
286 2520 425 2551 consul·
456 2520 495 2554 C.
527 2523 581 2553 ll.
608 2522 742 2557 MAN,
776 2541 823 2546 —-
856 2532 911 2553 me
944 2532 1018 2554 cnm
1046 2522 1189 2559 Bibuli,
1226 2533 1244 2553 e
1280 2528 1439 2555 correct.
1475 2523 1569 2555 Cdd.

94 2566 180 2611 aliq.
219 2567 354 2601 Bened.
392 2567 479 2599 Ern.
507 2567 594 2602 Sch.
621 2570 716 2602 Lt‘m.
745 2581 800 2602 me
826 2571 884 2605 M.
912 2570 1047 2603 Bibuli.
1099 2571 1293 2602 Fortasse:
1334 2580 1385 2601 me
1411 2580 1487 2602 enm
1513 2571 1568 2604 M.

94 2614 231 2648 Bibuli.
259 2614 453 2648 ORELLI.
481 2617 515 2649 5.
541 2628 583 2648 zu
609 2629 666 2662 ep.
692 2619 786 2656 XLI,
814 2620 844 2653 2.
872 2618 985 2655 XLII,
1013 2620 1043 2653 2.
1071 2619 1179 2659 XLV,
1205 2618 1241 2652 5.
1280 2635 1322 2640 -
1356 2618 1571 2659 interroga-

95 2663 146 2694 tio
173 2676 220 2693 .-;-.
247 2663 367 2696 oratio
402 2664 440 2695 in
488 2663 707 2703 Vatinium,
743 2667 908 2698 insofern
944 2666 996 2698 sie
1033 2666 1117 2697 eine
1148 2665 1402 2709 gericlitliche
1441 2668 1571 2700 Berra-

93 2721 193 2754 gung
221 2723 295 2744 war
319 2711 369 2752 (S.
397 2722 457 2755 ep.
486 2712 605 2755 CIL),
639 2715 785 2746 worauf
818 2714 986 2746 Vatinius
1012 2720 1257 2754 ammonete,
1295 2714 1362 2746 dor
1388 2715 1423 2746 in
1453 2716 1571 2747 seiner

95 2759 199 2792 Rede
226 2759 294 2793 den
324 2759 455 2793 Cicero
472 2760 587 2793 *einen
614 2772 780 2795 scurram
813 2764 1036 2795 consularem
1072 2762 1138 2795 soll
1170 2769 1331 2807 genannt
1372 2763 1502 2796 haben.
1538 2765 1571 2796 δ.
