1742 3006
182 51 271 101 136
455 54 518 99 Μ.
549 56 606 99 Τ.
637 53 979 101 CICERONIS
1007 57 1377 101 EPISTOLAE.

176 167 382 210 Formias
410 167 622 210 venerint.
681 167 748 209 Ac
788 168 828 211 si
855 168 952 225 quis
990 172 1058 210 est
1086 182 1140 211 ex
1167 170 1309 212 servis
1338 169 1515 224 egregie
1542 169 1654 213 fide-

181 223 253 275 lis,
282 225 342 265 sit
368 224 414 264 in
445 222 702 265 domesticis
731 225 860 266 rebus
890 229 934 266 et
963 225 1175 279 privatis3
1223 238 1333 280 quae
1362 239 1435 267 res
1464 225 1521 267 ad
1549 226 1654 267 offi-

182 279 300 319 cium
337 280 512 333 imperii
553 278 618 320 tui
656 283 785 334 atque
823 280 881 322 ad
920 281 1111 335 aliquam
1151 288 1322 336 partem
1362 282 1426 323 rei
1454 281 1656 336 publicae

182 335 485 389 pertinebunt,
524 333 579 375 de
611 334 666 377 iis
696 337 826 378 rebus
854 349 910 377 ne
938 336 1043 390 quid
1073 337 1276 392 attingat.
1347 336 1491 379 Multa
1519 337 1654 387 enim,

182 403 292 445 quae
322 394 441 431 recte
469 390 686 433 committi
715 393 856 435 servis
885 391 1091 434 fidelibus
1130 396 1336 447 possunt,
1386 398 1535 436 tamen
1564 405 1656 434 ser-

182 446 325 487 monis
370 449 415 487 et
453 447 790 501 vituperationis
829 447 1040 490 vitandae
1069 461 1202 490 causa
1227 449 1541 491 committenda
1568 461 1654 490 non

119 508 170 552 18
183 505 294 543 sunt.
354 501 444 543 Sed
473 503 622 544 nescio
649 518 735 559 quo
765 509 894 559 pacto
924 504 980 545 ad
1009 505 1309 559 praecipiendi
1339 505 1554 546 rationem
1583 504 1658 545 de-

181 557 306 611 lapsa
344 561 412 598 est
450 559 596 600 oratio
635 573 753 611 mea,
811 573 944 614 quum
982 559 1030 600 id
1067 560 1179 600 mihi
1223 562 1497 616 propositum
1527 560 1657 602 initio

180 625 267 654 non
295 612 465 655 fuisset.
536 613 657 664 Quid
686 616 802 656 enim
833 615 874 657 ei
902 615 1186 669 praecipiam,
1227 630 1355 670 quem
1385 631 1467 672 ego
1495 617 1542 657 in
1571 615 1657 657 hoc

180 669 440 722 praesertim
479 684 637 723 genere
675 671 920 726 intelligam
954 671 1186 726 prudentia
1223 685 1310 713 non
1347 685 1445 714 esse
1473 672 1657 713 inferio-

181 738 275 765 rem
304 737 435 778 quam
464 740 559 779 me,
598 739 679 767 usu
716 741 825 768 vero
855 727 989 768 etiam
1018 727 1325 782 superiorem?
1383 728 1472 769 Sed
1510 732 1657 768 tamen

180 780 220 821 si
250 779 307 820 ad
335 794 403 831 ea,
434 795 546 835 quae
575 781 771 834 faceres,
801 784 1042 825 auctoritas
1072 783 1303 824 accederet
1331 796 1455 835 mea,
1485 783 1565 823 tibi
1592 783 1659 836 ip-

181 848 233 877 sa
267 836 345 877 illa
383 839 535 890 putavi
576 837 677 880 fore
714 839 989 882 iucundiora.
1061 838 1211 889 Quare
1251 840 1338 880 sint
1365 838 1474 880 haec
1502 838 1654 880 funda·

180 895 327 933 menta
357 891 585 947 dignitatis
614 898 735 936 tuae:
774 899 850 936 tua
878 895 1068 949 primum
1098 895 1331 950 integritas
1361 900 1405 936 et
1433 895 1659 936 continen-

180 947 268 997 tia3
317 947 480 991 deinde
510 950 729 1004 omnium,
760 952 839 1006 qui
869 956 1014 992 tecum
1045 955 1161 1001 sunt,
1190 950 1356 1006 pudor3
1386 950 1584 992 delectus
1612 950 1660 992 in

180 1001 558 1047 familiaritatibus
597 1010 642 1048 et
677 1007 1021 1061 provincialium
1051 1006 1275 1048 hominum
1313 1010 1358 1047 et
1388 1008 1660 1048 Graecorum

179 1064 412 1113 percautus
443 1066 488 1102 et
515 1062 727 1117 diligens3
772 1062 973 1104 familiae
1011 1064 1160 1117 gravis
1200 1067 1244 1104 et
1283 1067 1488 1104 constans
1526 1063 1660 1103 disci-

116 1132 168 1173 19
188 1114 318 1169 plina.
414 1116 540 1166 Quae
587 1132 720 1172 quum
757 1117 941 1160 honesta
977 1119 1066 1160 sint
1105 1119 1151 1160 in
1180 1117 1248 1159 his
1276 1119 1464 1172 privatis
1493 1118 1661 1160 nostris

187 1171 541 1228 quotidianisque
569 1174 834 1226 rationibus,
864 1175 912 1215 in
943 1178 1062 1216 tanto
1092 1175 1298 1228 imperio,
1328 1179 1417 1215 tam
1447 1174 1660 1228 deprava-

179 1227 238 1266 tis
266 1229 493 1283 moribus,
543 1232 636 1269 tam
666 1231 944 1284 corruptrice
983 1231 1217 1284 provincia
1246 1230 1399 1272 divina
1426 1230 1660 1271 videantur

179 1295 358 1324 necesse
388 1288 468 1325 est.
527 1284 655 1326 Haec
684 1285 905 1326 institutio
935 1289 1068 1340 atque
1106 1286 1217 1327 haec
1246 1284 1485 1339 disciplina
1512 1290 1658 1339 potest

179 1339 395 1380 sustinere
423 1340 469 1380 in
500 1340 629 1381 rebus
657 1341 904 1382 statuendis
934 1345 978 1381 et
1006 1340 1296 1383 decernendis
1328 1354 1425 1382 eam
1446 1342 1658 1382 severita-

178 1397 283 1445 tem,
313 1407 399 1449 qua
427 1400 474 1436 tu
503 1396 549 1437 in
578 1397 634 1437 iis
665 1397 796 1437 rebus
826 1409 930 1438 usus
960 1410 1033 1449 es,
1073 1410 1126 1437 ex
1155 1397 1311 1452 quibus
1339 1398 1571 1438 nonnullas
1601 1398 1659 1438 si-

179 1450 385 1492 multates
415 1465 514 1492 cum
543 1465 700 1507 magna
727 1465 827 1494 mea
848 1453 1021 1493 laetitia
1043 1456 1270 1507 susceptas
1290 1452 1514 1494 habemus.
1557 1452 1659 1494 Nisi

182 1505 299 1548 forte
328 1520 399 1548 me
427 1508 615 1549 Paconii
645 1509 794 1550 nescio
825 1509 962 1561 cuius,
993 1507 1186 1550 hominis
1215 1521 1271 1549 ne
1290 1509 1454 1550 Graeci
1482 1509 1658 1564 quidem

179 1626 246 1658 Ac.
272 1625 335 1659 Sic
360 1627 465 1661 Med.
493 1627 613 1662 Oxou.
640 1627 682 1669 3,
719 1628 826 1662 Amb.
855 1630 917 1670 10,
949 1630 1061 1663 Rom.
1088 1628 1186 1660 Vict.
1212 1629 1243 1661 l.
1285 1627 1415 1660 Lamb.
1447 1629 1557 1662 Bent.
1607 1629 1661 1661 At

182 1673 273 1706 edd.
303 1674 393 1721 aliq.
421 1676 480 1712 In.
510 1677 611 1710 Crat.
641 1676 738 1710 Vict.
764 1678 799 1718 2,
826 1677 914 1709 Ern.
933 1675 1086 1709 Schiitz.
1116 1693 1157 1700 —
1186 1675 1242 1708 rei
1263 1675 1376 1718 publ„
1405 1675 1466 1709 des
1484 1676 1661 1710 Gemein-

178 1731 326 1756 wesens.
355 1741 394 1747 ——
424 1723 467 1756 de
492 1723 550 1757 iis.
599 1723 660 1756 Sic
687 1724 802 1766 (Md.)
826 1725 931 1758 Man.
967 1724 1099 1757 Lamb.
1137 1723 1284 1759 Victor.
1311 1724 1354 1765 2,
1390 1723 1447 1757 his
1485 1726 1581 1761 Cett.
1615 1743 1660 1750 —

177 1779 315 1812 sermo,
341 1769 557 1805 Nachrede.
586 1790 633 1796 -
661 1772 830 1806 vitandae
854 1782 976 1806 causa.
1027 1773 1061 1806 S.
1098 1771 1246 1805 Grotef.
1279 1774 1308 1816 §.
1347 1773 1440 1816 319,
1474 1772 1585 1806 Anm.
1621 1774 1659 1814 2,

177 1818 219 1861 3,
247 1818 400 1852 Ramsh.
428 1819 460 1862 §.
490 1821 576 1861 169,
602 1821 635 1854 2.

276 1867 330 1902 18.
356 1867 473 1900 nescio
501 1878 569 1911 qno
593 1870 724 1911 pacto,
767 1867 830 1900 ich
864 1868 956 1901 weis
983 1867 1091 1901 nicht
1116 1867 1212 1903 wie?
1263 1867 1301 1904 S.
1329 1868 1481 1902 Ramsh.
1516 1870 1546 1913 §.
1575 1870 1657 1910 160,

179 1915 217 1953 l,
246 1915 331 1948 Not.
359 1916 396 1955 2,
432 1916 578 1948 Grotef.
607 1916 639 1959 5.
665 1917 755 1954 417,
781 1915 893 1950 Amn.
921 1935 968 1942 —-—-
993 1915 1114 1949 delabi
1140 1916 1209 1958 ad,
1244 1916 1326 1949 sich
1361 1917 1486 1949 wohin
1525 1917 1658 1950 verlie-

176 1971 267 2001 ren,
301 1964 448 1996 worauf
478 1964 719 1997 unvermerkt
750 1964 938 2007 gerathen.
975 1984 1016 1989 —
1053 1975 1132 1997 voc.
1171 1974 1274 2006 quam
1305 1974 1381 2005 me,
1421 1971 1462 1998 ut
1503 1966 1660 2006 solebat,

176 2010 266 2045 Ern.
294 2018 463 2056 suspecta
490 2012 636 2045 habuit.
688 2012 887 2046 ORELLI.
939 2011 1031 2047 Cdd.
1057 2012 1191 2045 Arnbb.
1217 2022 1272 2044 me
1298 2018 1445 2046 tantum
1471 2012 1660 2048 exhibent.

177 2076 222 2082 -—
248 2060 475 2101 auctoritas,
508 2060 790 2104 Beistimmung.
826 2079 870 2084 -—
903 2059 990 2095 illa.
1041 2061 1102 2092 Sic
1137 2059 1182 2092 de
1209 2060 1337 2094 Ursini
1371 2061 1469 2094 coni.
1503 2061 1659 2095 Schiitz.

176 2108 322 2145 Bentiv.
357 2107 430 2151 ipsi
461 2108 532 2142 illa
570 2109 668 2142 Cett.
704 2119 789 2143 cum
823 2107 903 2142 Md.
939 2114 976 2140 et
1010 2107 1166 2153 reliquis
1194 2108 1307 2142 Codd.
1343 2109 1454 2144 notis.
1480 2110 1658 2152 -fund.

175 2156 297 2198 dign.‚
337 2156 396 2189 die
425 2156 698 2202 Grundpfeiler
723 2156 866 2189 Deiner
902 2156 1192 2204 Amtsf'uhrung.
1226 2174 1270 2181 —
1300 2158 1442 2200 pudor,
1478 2157 1662 2191 Beschei-

177 2204 348 2244 denhest,
377 2203 621 2238 Sittliehkcit.
650 2224 693 2230 —
712 2205 913 2246 familiae,
941 2204 1032 2237 aller
1058 2205 1354 2248 Hausgenossen,
1381 2205 1659 2239 Dienerschaft.

274 2253 329 2287 19.
361 2252 456 2286 Quae
490 2263 592 2296 quum
630 2253 681 2285 als
708 2252 851 2286 causale
883 2253 953 2286 mit
987 2253 1081 2297 folg.
1114 2253 1312 2286 Coniunct.
1364 2251 1399 2286 S.
1435 2253 1588 2287 Ramsh.
1624 2254 1658 2298 5.

177 2299 259 2338 194,
290 2302 321 2341 l,
351 2300 500 2333 Grotef.
527 2303 558 2344 §.
577 2301 658 2335 2121.
689 2319 729 2324 —
759 2300 890 2344 quolid.
919 2303 1002 2342 rat.‚
1027 2301 1066 2333 in
1084 2311 1239 2334 unseren
1255 2300 1498 2345 alltaglichen
1515 2302 1659 2335 Privat-

175 2347 455 2381 verbaltnissen.
484 2367 528 2372 —
555 2348 593 2381 in
627 2352 726 2382 tanto
758 2349 926 2392 imperio,
963 2349 1028 2381 auf
1059 2348 1143 2382 dem
1170 2349 1424 2394 Standpuncte
1461 2361 1501 2382 so
1537 2349 1660 2382 hoher

175 2396 431 2437 Amtsmacht,
471 2396 628 2432 Gewalt.
655 2415 700 2420 ——
726 2396 926 2439 institutio,
962 2396 1022 2429 ein
1056 2408 1096 2430 so
1125 2397 1236 2430 [estes
1263 2397 1462 2441 Betragen.
1498 2416 1543 2422 —
1577 2408 1660 2431 cor-

176 2448 311 2486 rnptn,
342 2443 641 2485 verfiihrerisch‚
670 2445 712 2477 ob
735 2444 898 2486 divitias,
925 2444 1065 2485 luxum,
1086 2445 1270 2478 mollitiem
1295 2443 1480 2478 hominum.
1509 2465 1552 2471 -
1578 2455 1658 2479 sus-

176 2492 311 2532 tinere,
362 2492 600 2537 behaupten,
651 2492 926 2526 durchfflhren.
961 2512 1002 2518 —
1040 2493 1078 2526 in
1108 2493 1184 2529 reb.
1220 2493 1394 2526 statuend.
1434 2497 1464 2526 et
1500 2494 1658 2533 decern„

174 2539 213 2570 in
241 2541 334 2573 allen
363 2541 432 2573 Dir
460 2539 702 2585 obliegenden
738 2541 1015 2585 Anordnungen
1049 2541 1121 2574 und
1148 2541 1539 2583 Recfflsbescheiden,
1572 2545 1656 2574 stat.

174 2587 469 2631 decernendi-eque
504 2590 557 2623 lu.
588 2589 688 2624 Crat.
716 2589 848 2622 Lamb.
883 2591 999 2622 Estne
1033 2589 1173 2622 utravis
1210 2590 1345 2635 copula
1379 2601 1421 2621 ex
1450 2590 1657 2635 interpola-

175 2635 306 2668 tione?
335 2636 531 2670 ORAELLI.
560 2655 604 2660 —
630 2637 668 2670 in
695 2636 744 2668 iis
771 2637 892 2680 rubim,
918 2637 980 2669 bei
1006 2636 1075 2671 den
1103 2637 1241 2671 Fallen.
1292 2636 1371 2671 Md.
1399 2638 1498 2671 vict.
1527 2641 1558 2672 l.
1587 2636 1655 2672 his.

175 2701 219 2706 -
264 2683 420 2725 simult.‚
466 2684 672 2718 heimliche
712 2685 1028 2727 Feindschaften,
1075 2685 1194 2719 Groll.
1231 2704 1274 2710 —
1318 2696 1398 2718 cum
1431 2700 1478 2717 z
1515 2696 1573 2718 zu.
1621 2684 1655 2717 S.

175 2731 322 2765 Grates.
347 2735 373 2777 ᾗ.
403 2735 483 2768 267.
511 2752 553 2759 --
581 2737 765 2777 susceptas
799 2733 902 2774 hab„
932 2745 998 2767 uns
1024 2744 1226 2779 zugezogen
1261 2733 1396 2768 haben.
1449 2732 1483 2768 S.
1512 2733 1657 2766 Grotef.
