1742 3006
189 87 284 136 260
479 85 544 130 Μ.
576 85 634 129 Τ.
667 82 1012 128 CICERONIS
1041 82 1419 128 EPISTOLAE.
1457 78 1461 83 ’

191 199 412 258 proximis
450 197 597 239 literis
635 196 896 252 scripseras,
937 195 1061 248 fore,
1107 196 1173 237 uti
1213 195 1456 238 secundum
1484 196 1668 240 comitia

191 256 366 312 aliquid
395 255 451 296 de
480 254 609 296 nobis
639 254 687 294 in
715 256 871 294 senatu
909 256 1143 307 ageretur3
1193 252 1243 293 id
1282 253 1367 293 tibi
1405 252 1668 307 Pompeium

190 314 371 354 dixisse.
430 309 533 360 Qua
560 308 617 349 de
647 322 720 362 re,
746 308 961 364 quoniam
991 308 1178 349 comitia
1205 308 1363 349 habita
1390 311 1495 350 sunt
1532 311 1670 363 tuque

189 369 308 410 nihil
349 365 408 408 ad
449 379 520 406 me
558 365 746 417 scribis,
796 358 986 418 proinde
1016 363 1218 417 habebo,
1259 377 1313 405 ac
1340 364 1381 405 si
1409 363 1669 417 scripsisses

189 424 304 466 nihil
334 435 457 471 esse;
486 434 629 476 neque
656 433 729 462 me
757 420 972 474 temporis
1001 431 1089 460 non
1118 419 1351 475 longinqui
1379 432 1457 474 spe
1487 419 1669 460 ductum

189 493 287 521 esse
314 479 504 519 moleste
532 476 688 518 feram.
745 476 890 526 Quem
919 477 1071 515 autem
1098 479 1268 516 motum
1296 480 1342 517 te
1371 475 1527 517 videre
1556 476 1669 516 scri-

189 547 356 590 pseras,
386 533 464 589 qui
493 533 620 574 nobis
652 532 781 572 utilis
810 532 908 572 fore
940 530 1183 583 videretur,
1214 544 1311 572 eum
1340 531 1561 584 nuntiant,
1591 531 1671 584 qui

189 591 387 641 veniunt,
416 589 588 629 nullum
618 586 730 629 fore.
796 587 851 627 In
889 586 1082 627 tribunis
1110 586 1256 641 plebis
1285 586 1532 641 designatis
1562 582 1669 627 reli-

191 659 278 702 qua
307 657 408 700 spes
436 648 525 685 est:
565 655 698 697 quam
727 642 766 683 si
797 645 1088 696 exspectaro,
1118 655 1205 682 non
1233 642 1344 694 erit,
1394 643 1514 697 quod
1544 645 1671 696 putes

191 716 262 743 me
299 714 457 742 causae
497 712 622 740 meae
660 710 714 739 ac
764 698 987 739 voluntati
1026 710 1226 738 meorum
1264 697 1475 740 defuisse.
1535 698 1671 747 Quod

189 771 260 799 me
288 770 419 811 saepe
449 766 660 806 accusas,
710 766 790 794 cur
829 752 950 794 hunc
988 766 1135 794 meum
1172 765 1323 793 casum
1352 756 1443 794 tam
1471 753 1672 808 graviter

190 813 357 864 feram,
408 811 543 852 debes
572 811 830 864 ignoscere,
883 822 1018 863 quum
1057 809 1123 849 ita
1150 822 1220 849 me
1249 807 1474 849 afflictum
1501 809 1671 861 videas,

188 874 240 910 ut
277 868 500 909 neminem
541 879 734 919 unquam
779 877 862 906 nec
900 864 1074 905 videris
1111 877 1196 910 nec
1243 864 1459 905 audieris.
1555 863 1670 905 Nam

190 925 311 980 quod
340 924 502 965 scribis
533 925 577 962 te
608 922 764 962 audire
793 934 863 961 me
895 920 1031 961 etiam
1059 921 1221 961 mentis
1252 933 1405 961 errore
1435 930 1494 960 ex
1513 918 1670 961 dolore

190 981 342 1022 affici:
395 978 510 1019 mihi
553 990 661 1018 vero
701 989 824 1016 mens
855 977 1032 1030 integra
1069 979 1150 1016 est.
1208 975 1353 1030 Atque
1382 976 1552 1016 utinam
1579 978 1690 1027 tam*

190 1038 238 1078 in
267 1035 472 1092 periculo
501 1031 683 1074 fuisset!
725 1045 859 1088 quum
889 1045 972 1086 ego
1003 1032 1087 1083 iis,
1117 1031 1276 1086 quibus
1307 1044 1451 1073 meam
1478 1032 1671 1073 salutem

188 1177 334 1207 meram.
362 1189 406 1196 ——
431 1169 614 1203 secundum
640 1181 689 1200 :t
710 1171 793 1211 post
818 1166 973 1200 comitia
999 1167 1224 1201 consularia.
1298 1167 1336 1200 S.
1365 1178 1422 1212 ep.
1450 1168 1599 1209 LXVII,
1626 1169 1667 1203 2:

190 1231 212 1254 a
240 1219 409 1256 comitiis.
436 1236 480 1242 —
527 1215 699 1261 proinde,
740 1217 823 1249 Asc.
858 1217 892 1251 l.
922 1217 1020 1248 Crat.
1046 1217 1149 1255 Man.
1174 1215 1324 1259 perinde
1349 1214 1485 1250 habebo
1514 1226 1578 1256 ac,
1629 1227 1671 1249 so
1732 1227 1733 1230 ¹

189 1268 267 1301 will
300 1267 365 1300 ich
391 1276 428 1299 es
453 1265 638 1310 ansehen,
676 1265 730 1296 als
765 1264 812 1296 ob
839 1263 900 1296 Du
926 1263 1174 1306 geschrieben
1201 1263 1359 1304 hatten,
1394 1275 1431 1297 es
1457 1263 1509 1296 sei
1535 1262 1671 1297 Nichts

187 1316 258 1350 mit
284 1315 351 1348 der
375 1313 506 1347 Sache.
556 1312 661 1346 Uber
687 1311 757 1344 den
785 1310 1033 1344 Unterschied
1060 1310 1249 1344 zwischen
1274 1311 1425 1354 proinde
1449 1311 1525 1344 und
1542 1311 1671 1355 perin-

188 1364 235 1397 de
267 1375 294 1397 s.
332 1364 470 1406 Zumpt
502 1362 529 1404 ξ.
555 1361 639 1395 340.
672 1359 779 1392 Anm.
818 1361 848 1403 ξ,
882 1359 953 1392 344
989 1369 1024 1391 u.
1060 1360 1140 1394 2822
1169 1361 1320 1403 Herzog
1344 1367 1388 1392 zu
1412 1359 1556 1392 Sallust.
1585 1359 1670 1394 Cat.

188 1413 248 1455 12,
273 1412 306 1446 5.
331 1411 366 1444 S.
392 1411 450 1445 62.
477 1409 560 1453 Vgl.
590 1407 738 1443 Cornel.
766 1407 830 1446 VI,
856 1407 889 1446 2,
915 1407 947 1440 2.
977 1406 1058 1449 Vll,
1085 1408 1120 1448 6,
1150 1409 1169 1440 1
1197 1419 1229 1440 u.
1257 1408 1290 1441 4.
1324 1425 1368 1431 —-
1418 1417 1468 1440 me
1493 1406 1676 1450 temporis.

186 1460 250 1494 Sic
276 1457 420 1492 Sebiitz
446 1467 501 1490 me
527 1456 573 1489 de
597 1457 685 1490 Ern.
711 1454 896 1489 sententia
922 1453 1069 1490 addito.
1110 1465 1221 1498 neque
1246 1459 1346 1498 temp.
1376 1454 1461 1491 cod.
1488 1456 1668 1488 Tornaes.

187 1507 334 1541 decurt.
359 1508 442 1540 Bos.
471 1505 606 1538 Graev.
631 1505 725 1539 Ern.
751 1512 873 1546 MEque
896 1505 998 1545 temp.
1026 1502 1108 1538 Md.
1137 1503 1256 1537 Oxon.
1284 1505 1317 1538 1.
1343 1503 1375 1537 2.
1400 1502 1483 1536 Asc.
1503 1505 1538 1540 1.
1571 1505 1669 1536 Crat.

187 1556 285 1589 vict.
320 1557 358 1592 1.
380 1556 412 1590 2.
439 1553 572 1589 Lamb,
601 1551 798 1586 ORELLI.
848 1568 892 1574 —
941 1561 1004 1594 spe
1028 1551 1168 1584 ductum
1194 1561 1282 1589 esse,
1308 1550 1388 1583 dass
1418 1550 1484 1584 ich
1508 1550 1578 1585 mit
1604 1551 1671 1583 der

185 1604 383 1646 Hoffnung
410 1602 511 1634 einer
535 1599 643 1633 nicht
669 1600 895 1645 allzufernen
923 1599 1186 1631 Zuriickkunft
1219 1599 1281 1631 bei
1316 1598 1382 1630 der
1407 1600 1503 1632 Nase
1536 1599 1669 1632 umher

187 1651 366 1696 gefiihrt‚
410 1648 618 1694 angefiihrt
651 1649 725 1680 bin.
775 1647 878 1680 Uber
913 1646 1014 1679 diese
1040 1646 1260 1690 Bedeutung
1297 1657 1365 1680 von
1394 1646 1530 1680 ducere
1554 1646 1668 1691 vergl.

186 1701 334 1733 Terent.
363 1697 478 1730 Andr.
508 1698 571 1735 lv,
603 1697 641 1738 1,
669 1697 723 1730 20.
767 1694 910 1726 Phorm.
937 1694 1003 1732 ΙΙΙ,
1031 1696 1064 1736 2,
1094 1695 1147 1728 15.
1190 1695 1356 1738 propert.
1382 1695 1430 1736 ΙΙ,
1460 1696 1514 1737 13,
1540 1695 1597 1729 57,
1624 1713 1664 1719 .-

187 1758 293 1791 quam
317 1746 351 1779 si
378 1748 612 1788 exspectare,
647 1753 757 1776 wenn
785 1741 851 1773 ich
878 1740 976 1773 diese
1002 1742 1196 1786 Hoffnung
1220 1742 1323 1775 noch
1349 1742 1577 1785 abgewartet
1601 1743 1667 1776 ha-

186 1796 247 1831 be.
275 1812 319 1819 —-
369 1803 441 1826 non
473 1793 543 1824 erit
569 1795 662 1834 quod
684 1794 813 1834 putes,
855 1800 893 1821 so
929 1789 1030 1822 wirst
1056 1790 1115 1822 Du
1149 1790 1257 1823 keine
1285 1790 1451 1825 Ursache
1477 1789 1599 1824 haben
1624 1802 1668 1824 zu

186 1842 359 1887 glauben.
411 1842 445 1873 S.
474 1838 629 1873 Ramsh.
665 1837 697 1881 §-
729 1838 806 1876 184,
835 1838 866 1871 2.
894 1837 941 1870 Ν.
971 1839 1000 1870 1.
1028 1838 1060 1872 2.
1088 1838 1239 1871 Grotef.
1265 1840 1292 1882 §.
1321 1839 1399 1873 432.
1427 1840 1534 1871 Anm.
1563 1840 1595 1874 2.
1622 1858 1665 1863 -—

185 1901 229 1924 ac
253 1890 387 1923 volunt.
415 1898 541 1929 meon,
581 1886 662 1919 dass
687 1886 749 1918 ich
776 1885 918 1918 meiner
944 1883 1066 1918 Sache
1103 1886 1179 1918 und
1210 1886 1292 1919 dem
1320 1886 1550 1920 Diensteiser
1575 1887 1667 1921 mei-

184 1949 253 1972 ner
284 1936 454 1971 Freunde
486 1940 673 1981 ungetreu
705 1933 905 1979 geworden
932 1932 995 1965 sei,
1037 1934 1142 1967 omis.
1176 1945 1219 1968 ac
1245 1934 1324 1968 Md.
1353 1934 1474 1972 Oxou.
1504 1937 1535 1969 1.
1566 1935 1665 1969 vict.

279 2034 313 2070 2.
344 2032 448 2068 Quod
470 2056 478 2064 .
506 2055 515 2064 .
542 2039 668 2072 accus„
696 2040 768 2062 was
795 2028 854 2062 die
880 2028 1019 2073 Klagen
1047 2029 1214 2068 betrifft‚
1256 2029 1314 2062 die
1341 2031 1399 2063 Du
1424 2029 1550 2076 haufig
1575 2031 1666 2064 iiber

185 2082 292 2117 mich
318 2081 458 2116 ftihrst.
486 2096 530 2103 —-
557 2078 728 2119 graviter
746 2077 858 2118 serre
882 2077 1042 2121 aliquid,
1079 2078 1160 2111 sich
1189 2079 1310 2112 Etwas
1336 2079 1478 2112 schwer
1504 2090 1548 2112 zu
1571 2081 1664 2113 Her-

184 2142 251 2164 zen
277 2129 452 2163 nehmen.
479 2144 522 2152 --
563 2136 663 2170 quum
688 2125 820 2164 videas,
846 2135 906 2157 wo
933 2136 1045 2169 quum
1072 2127 1153 2158 eine
1179 2127 1400 2159 coniunctio
1428 2127 1583 2161 causalis
1608 2128 1665 2163 ist.

183 2178 294 2213 Doch
322 2176 389 2210 hat
416 2174 567 2209 Ernesti
594 2173 691 2207 vides
718 2173 1018 2217 vorgeschlagen.
1046 2192 1091 2197 ——
1125 2174 1222 2207 Nam
1248 2188 1297 2205 Ξ
1322 2176 1423 2217 aber,
1450 2175 1565 2213 doch.
1616 2177 1663 2210 Es

182 2238 285 2260 muss
313 2225 429 2257 davor
455 2225 602 2267 ergiinzt
638 2221 806 2254 werden:
854 2222 1008 2255 Ceterae
1042 2223 1296 2255 accusationes
1328 2224 1445 2257 falsae
1481 2230 1574 2257 sunt.
1624 2225 1658 2257 S.

182 2272 335 2308 Ramsh.
369 2272 405 2315 ς.
441 2272 520 2309 187,
554 2271 582 2311 Ι,
612 2271 641 2303 l.
695 2287 738 2293 -
788 2269 911 2302 mentis
935 2279 1065 2301 errore
1092 2295 1099 2303 .
1128 2295 1134 2302 .
1165 2294 1173 2302 .
1202 2269 1332 2314 affici,
1384 2271 1465 2304 dass
1497 2271 1560 2306 ich
1595 2283 1661 2305 vor

181 2322 360 2356 Schmerz
397 2330 466 2351 von
493 2317 701 2351 WVahnsinn
736 2317 899 2350 befallen
936 2318 1076 2353 wiirde,
1143 2317 1192 2351 So
1230 2319 1359 2363 Virgil,
1391 2319 1526 2364 Eclog.
1561 2319 1662 2363 VIII,

181 2371 247 2405 41:
275 2369 392 2402 malus
418 2376 539 2402 error.
568 2366 709 2408 Georg.
740 2365 809 2403 Ill,
836 2366 916 2399 513.
948 2383 989 2388 ——
1022 2365 1184 2409 integra,
1211 2377 1307 2399 sana.
1364 2366 1510 2400 Attikus
1537 2368 1660 2401 wollte

180 2418 310 2457 nicht,
350 2416 431 2448 dass
458 2415 592 2447 Cicero
618 2412 739 2445 durch
775 2413 1045 2457 liberiniissiges
1075 2413 1310 2458 Wehklagen
1345 2415 1424 2448 sich
1461 2426 1547 2448 zum
1578 2427 1659 2449 ver-

181 2463 401 2499 {ichtlichen
428 2463 587 2506 Gesp'ott
621 2461 659 2493 in
688 2461 784 2493 Rom
819 2461 992 2499 macine,
1019 2460 1144 2494 wohin
1174 2461 1275 2495 doch
1301 2462 1560 2496 Nachrichten
1588 2475 1657 2497 von

178 2514 259 2546 ihm
285 2511 368 2545 sich
393 2511 576 2544 verloren.
634 2508 764 2541 Daher
797 2508 856 2541 die
888 2510 1024 2549 Heu-te,
1077 2511 1206 2543 womit
1231 2511 1332 2543 iener
1357 2511 1503 2544 Freund
1529 2511 1657 2545 dessen

178 2562 354 2594 Schmerz
380 2557 535 2592 mochte
563 2556 727 2603 getadelt
752 2556 886 2591 haben.
915 2577 958 2581 —
984 2557 1118 2590 utinam
1140 2563 1209 2591 tam
1236 2559 1331 2600 (Asc.
1362 2559 1391 2591 1.
1419 2561 1505 2601 tum)
1530 2559 1570 2592 in
1591 2569 1656 2603 pe-

178 2609 297 2642 riculo
314 2607 468 2649 suisset,
497 2605 624 2638 wollte
651 2604 758 2646 Gott,
785 2605 887 2637 mein
914 2604 1101 2639 Vei-stand
1128 2609 1228 2639 wilre
1254 2606 1421 2640 damahls
1455 2607 1492 2639 in
1529 2618 1569 2640 so
1593 2618 1656 2651 ge—

177 2657 306 2700 ringer
332 2655 489 2695 Gefahr‚
515 2653 583 2686 wie
608 2663 649 2684 er
673 2652 765 2684 ietzt
790 2653 850 2692 ist,
878 2664 1052 2697 gewesen,
1079 2653 1131 2686 als
1157 2667 1191 2688 u.
1221 2666 1250 2686 s.
1286 2655 1313 2686 f.
1367 2654 1399 2687 d.
1427 2655 1452 2688 i.
1486 2654 1652 2688 damahls

178 2715 254 2737 war
278 2703 343 2737 ich
368 2702 564 2739 ven-iickt,
606 2700 657 2733 als
684 2711 718 2732 u.
744 2711 773 2736 s,
801 2701 827 2733 f.
855 2720 898 2726 —-
925 2712 1028 2745 quum
1053 2725 1060 2733 .
1087 2724 1097 2733 .
1129 2725 1136 2733 .
1167 2712 1250 2735 usus
1273 2712 1367 2743 snm,
1409 2703 1462 2735 als
1488 2702 1551 2735 ich
1578 2703 1652 2735 De-

176 2763 248 2785 nen
276 2777 282 2783 .
312 2778 318 2783 .
345 2777 351 2783 .
380 2751 507 2784 Gehbr
532 2748 623 2794 gab,
649 2747 737 2782 aber
768 2748 874 2792 fond,
903 2749 982 2783 dass
1001 2748 1056 2782 sie
1079 2749 1161 2783 sich
1190 2751 1261 2783 mir
1277 2751 1330 2783 als
1356 2750 1480 2784 meino
1503 2752 1650 2795 iirgstcn
