1742 3006
119 26 150 72 8
400 29 462 70 Μ.
495 29 550 72 Τ.
582 28 919 74 CICERONIS
949 29 1325 75 EPISTOLAE.

124 140 371 191 lectamui·‚
400 144 450 181 ut
475 142 696 183 nobismet
725 141 836 196 ipsis
866 144 959 183 tum
988 141 1205 197 denique,
1249 157 1384 198 quum
1414 143 1498 188 illo
1526 160 1600 189 ve-

127 195 297 248 nimus,
325 196 596 251 placeamus.
655 196 779 247 Quid
808 211 915 251 agas
945 199 1145 240 omnibus
1174 199 1230 240 de
1261 201 1391 241 rebus
1421 205 1467 243 et
1493 204 1600 257 quid

126 255 306 292 acturus
335 252 422 305 sis,
452 252 526 294 sac
553 266 634 295 nos
664 266 797 308 quam
827 253 1175 308 diligentissime
1205 257 1435 299 certiores.

489 389 809 434 EPISTOLA
839 392 923 432 111.
981 392 1089 443 (Λα.
1121 392 1159 433 1.
1189 394 1249 443 7.)

258 468 338 500 Scr.
364 467 508 501 Romae
532 468 577 503 Α.
604 469 651 505 U.
681 469 720 501 C.
754 468 833 505 686.
861 468 908 509 (a.
936 467 977 502 G.
1003 467 1077 509 68.)
1105 478 1229 500 mense
1254 469 1467 503 Decembri.

124 515 290 549 Matrem
321 514 442 549 Attici
481 516 627 556 valere;
673 516 805 550 Cincio
844 527 882 549 se
907 515 1111 549 soluturum
1144 517 1349 560 pecuniam.
1407 518 1603 551 Praeterea

123 564 312 606 Atticum,
344 570 386 598 ut
417 564 490 598 sibi
521 570 648 610 empta
673 564 876 598 Tusculani
902 569 1144 597 monumenta
1169 564 1297 598 mittat
1328 571 1366 598 et
1396 565 1602 600 bibliothe-

639 623 722 646 cam
747 612 941 650 conficiat,
967 618 1084 658 rogat.

614 679 797 714 CICERO
846 678 1033 713 ATTICO
1083 679 1119 711 S.

231 728 360 782 Apud
398 729 583 768 matrem
623 731 743 769 recte
783 731 872 776 est,
912 740 1048 781 eaque
1086 725 1212 768 nobis
1242 739 1373 767 curae
1413 731 1489 767 cst.
1547 727 1600 769 L.

125 782 282 824 Cincio
314 783 428 824 H-S
458 783 641 825 XXCD
671 783 878 825 constitui
915 797 985 824 me
1013 786 1263 824 curaturum
1292 781 1443 823 Idibus
1471 783 1599 824 Febr.

123 838 220 888 Tu,
251 840 405 892 velim,
445 853 521 889 ea,
550 852 660 894 quae
688 840 812 880 nobis
843 839 1001 880 emisse
1031 843 1074 879 et
1101 850 1280 892 parasse
1308 839 1493 889 scribis,
1525 839 1603 880 des

124 907 328 948 operam,
357 899 405 935 ut
433 908 562 950 quam
592 896 781 949 primum
810 894 1069 936 habeamus:
1099 898 1142 934 et
1170 894 1300 934 velim
1330 894 1518 948 cogites,
1556 895 1603 935 id

124 951 242 1003 quod
270 950 378 991 mihi
407 952 631 1005 pollicitus
662 964 733 1002 es,
772 950 1136 1005 quemadmodum
1175 949 1484 991 bibliothecam
1528 964 1603 991 no-

126 1006 192 1046 bis
222 1007 440 1047 conficere
467 1007 624 1061 possis.
683 1006 872 1048 Omnem
911 1020 1032 1061 spem
1061 1005 1370 1047 delectationis
1414 1009 1603 1058 nostrae,

120 1073 281 1114 quam,
311 1075 442 1117 quum
470 1064 517 1103 in
546 1064 684 1102 otium
712 1063 985 1116 venerimus,
1014 1062 1175 1103 habere
1204 1062 1426 1113 volumus,
1456 1063 1499 1102 in
1528 1066 1603 1102 tua

126 1116 396 1160 humanitate
424 1119 616 1173 positam
643 1118 866 1160 habemus.

361 1291 440 1324 Ser.
492 1293 637 1329 Romae
685 1291 725 1324 A.
776 1292 821 1326 U.
875 1291 913 1323 C.
963 1292 1042 1326 687.
1116 1290 1163 1332 (a.
1215 1291 1255 1324 C.
1307 1291 1382 1331 67.)

127 1337 245 1370 Attici
295 1347 451 1372 matrem
501 1348 538 1373 et
596 1351 763 1373 sororem
811 1340 934 1372 valere
993 1349 1036 1371 ac
1095 1338 1213 1382 diligi.
1288 1337 1344 1369 De
1395 1339 1606 1373 Acutiliano

124 1387 303 1429 negoti03
331 1387 376 1419 de
401 1387 597 1431 Tadiano5
631 1387 835 1421 Lucceium
862 1387 988 1419 Attico
1013 1386 1168 1418 iratum.
1196 1388 1227 1419 l.
1264 1385 1394 1418 Cincio
1430 1398 1468 1418 se
1493 1398 1606 1432 pecu-

124 1434 224 1466 niam
251 1435 423 1477 solvisse3
453 1442 670 1470 ornamenta
695 1435 895 1468 Tusculani
923 1434 969 1467 ab
997 1432 1119 1466 Attico
1157 1439 1288 1466 curata
1314 1445 1351 1466 se
1385 1445 1497 1478 quam
1530 1436 1608 1480 pri-

193 1494 296 1516 mum
323 1491 548 1529 exspectare.
574 1486 610 1519 2.
638 1484 800 1517 Tulliam
825 1482 944 1516 Attici
968 1482 1228 1515 munusculum
1270 1481 1459 1528 flagitare.
1501 1485 1534 1518 3.

626 1545 810 1579 CICERO
841 1543 1027 1577 ATTICO
1062 1542 1099 1577 S.

234 1591 366 1646 Apud
396 1595 441 1633 te
472 1595 564 1644 cst,
596 1597 645 1632 ut
676 1594 891 1634 volumus.
949 1590 1098 1632 Mater
1135 1594 1213 1630 tua
1241 1594 1286 1631 et
1313 1603 1443 1632 soror
1480 1606 1507 1633 a
1535 1607 1605 1634 me

127 1645 385 1701 Quintoque
425 1647 566 1696 fratre
604 1648 824 1703 diligitur.
885 1647 998 1688 Cum
1037 1647 1239 1688 Acutilio
1279 1659 1376 1687 sum
1416 1648 1602 1689 locutus.

130 1763 173 1810 ΗΖ
208 1767 373 1800 Stunden
410 1779 481 1801 von
513 1770 608 1802 Rom
655 1767 774 1809 hiess,
816 1779 872 1800 wo
914 1767 1001 1799 ietzt
1040 1766 1102 1798 das
1134 1766 1436 1800 M'onchskloster
1471 1769 1607 1802 Grotta

128 1811 281 1846 Ferrata
307 1815 411 1860 liegt.
461 1816 495 1849 S.
523 1817 559 1851 d.
586 1816 729 1861 Anfang
757 1816 820 1849 des
847 1822 968 1848 ersten
996 1814 1073 1848 und
1098 1814 1256 1847 zweiten
1281 1815 1405 1848 Buchs
1432 1816 1477 1848 de
1494 1817 1606 1865 Legi-

129 1861 212 1901 bus,
241 1862 306 1895 der
333 1864 403 1909 Qq.
430 1864 677 1898 Tusculanae.

226 1931 260 1963 l.
297 1929 424 1965 Cincio
456 1932 572 1964 Attici
603 1930 852 1977 procuratori.
902 1948 946 1954 —-
996 1928 1093 1962 H·S
1132 1928 1265 1962 XXCD
1298 1942 1345 1959 r:
1386 1929 1607 1964 Sestertium

127 1976 260 2020 viginti
288 1979 406 2012 millia
433 1980 745 2026 quadringentOS,
773 1979 866 2013 2040
892 1978 946 2012 Fl.
975 1977 1027 2009 als
1055 1977 1125 2009 den
1151 1979 1290 2021 Betrag
1317 1977 1383 2010 der
1407 1977 1606 2022 Auslagen,

128 2025 274 2058 welche
291 2025 443 2061 Attikus
469 2029 533 2061 fiir
560 2028 620 2060 die
649 2028 735 2061 dem
764 2027 894 2059 Cicero
922 2037 988 2058 zur
1015 2026 1244 2067 Verzierung
1261 2026 1324 2058 des
1340 2026 1607 2060 Tusculanums

126 2072 328 2116 gekauften
355 2076 499 2109 Sachen
527 2075 705 2119 gemacht
738 2075 841 2107 hatte
873 2076 915 2115 (s.
942 2074 1014 2106 den
1044 2073 1134 2116 folg.
1162 2073 1296 2113 Brief.)
1358 2074 1491 2107 Cicero
1525 2086 1608 2107 ver-

126 2121 272 2165 spricht
299 2123 399 2156 diese
434 2123 584 2157 Summe
618 2135 660 2156 an
690 2123 854 2160 Cincius.
889 2122 959 2153 den
993 2121 1328 2165 Gesch'aftstra'ger
1358 2121 1420 2154 des
1446 2122 1608 2163 Attikus,

128 2169 195 2202 auf
219 2169 290 2202 den
320 2173 372 2205 13.
399 2172 525 2214 Febr„
558 2172 636 2205 also
670 2170 769 2204 noch
801 2171 838 2203 in
873 2169 1012 2202 diesem
1044 2168 1156 2202 Iahre
1188 2170 1444 2203 auszuzahlen.
1500 2171 1606 2203 Denn

128 2217 190 2249 bei
223 2218 292 2250 den
325 2220 492 2253 Romern
533 2220 677 2263 begann
728 2218 792 2251 das
831 2216 921 2251 Iahr
962 2217 1032 2250 mit
1071 2217 1158 2250 dem
1195 2218 1377 2250 Monathe
1414 2221 1536 2254 NIarz.
1563 2235 1605 2242 -—

129 2275 220 2307 quae
248 2265 333 2305 ΤΕ,
366 2268 537 2302 Lambin,
563 2279 628 2300 aus
654 2266 957 2311 lutei-pretation.
993 2283 1037 2289 ·—
1072 2266 1210 2297 emisse.
1258 2264 1293 2298 S.
1320 2266 1391 2310 Ep.
1427 2268 1466 2307 1,
1495 2268 1527 2300 7.
1555 2266 1609 2307 11,

129 2314 163 2347 2.
191 2330 237 2338 -
260 2324 438 2359 parasse,
473 2315 701 2361 cingepackt
739 2326 785 2347 zu
811 2314 945 2346 haben.
972 2331 1015 2337 -——
1042 2311 1257 2354 habeamus,
1292 2314 1530 2358 accipiamus.
1564 2331 1607 2338 —-

131 2359 214 2393 bibl.
258 2365 383 2406 conf,
421 2364 505 2396 eine
542 2364 762 2407 Sanunlung
803 2372 872 2394 von
905 2361 1078 2394 Biicliern
1119 2362 1507 2405 zusammenbringen,
1548 2362 1609 2394 die

128 2408 278 2442 Attikus
305 2421 378 2444 von
404 2411 645 2455 gescliickten
670 2410 825 2444 Sclaven
852 2409 1099 2442 abschreiben
1125 2409 1219 2442 liess.
1271 2409 1303 2442 S.
1332 2409 1609 2446 CorneLAttic,

129 2467 162 2489 c.
191 2459 247 2496 13,
274 2459 307 2491 3.
333 2478 378 2484 -
404 2458 636 2500 humanitate,
664 2457 1103 2491 menschenfreundliche
1129 2456 1376 2501 Geffflligkeit
1401 2459 1443 2497 (s.
1462 2457 1610 2491 Coi-nel.

129 2516 163 2538 c.
194 2507 249 2548 15,
275 2507 309 2549 2,
335 2509 392 2549 3),
420 2508 554 2541 womit
578 2507 722 2540 Attikus
747 2508 840 2547 Das,
883 2517 956 2537 was
983 2505 1066 2539 dem
1094 2506 1229 2538 Cicero
1262 2506 1301 2537 in
1335 2505 1412 2538 otio
1445 2506 1512 2539 auf
1545 2505 1611 2537 der

129 2552 448 2588 Tusculanischen
474 2555 569 2588 Villa
603 2555 673 2588 den
699 2555 983 2597 Lebensgcnuss
1008 2552 1180 2586 erheshen
1206 2554 1357 2594 kemite,
1393 2553 1611 2587 anzuschaf-

131 2600 195 2633 fen
220 2601 367 2636 suchte.
417 2602 629 2645 habeamus,
657 2614 716 2636 am
742 2601 869 2635 Raude
895 2601 958 2635 des
984 2601 1076 2634 Cod.
1103 2602 1208 2636 Med.
1236 2601 1355 2635 Oxon.
1383 2604 1414 2636 1.

229 2668 261 2701 1.
287 2671 325 2701 ut
350 2669 525 2712 columns,
550 2668 646 2702 nach
671 2668 877 2709 VVunsche,
903 2673 1016 2700 recte.
1060 2659 1163 2701 [lber
1187 2669 1287 2710 apud
1310 2673 1357 2707 le,
1385 2669 1423 2701 in
1449 2667 1610 2701 Deinem

131 2714 277 2755 Hause,
314 2728 338 2749 s.
366 2717 519 2751 Ramsh.
549 2720 577 2762 ξ.
606 2718 684 2752 158.
723 2719 751 2750 l.
789 2718 874 2750 Not.
910 2737 949 2742 ‹—
988 2715 1079 2749 Cum
1104 2716 1284 2759 Acutilio,
1321 2729 1346 2750 s.
1382 2717 1452 2751 den
1487 2722 1612 2749 ersten
