<?xml version="1.0" encoding="UTF-8"?>
<!DOCTYPE html PUBLIC "-//W3C//DTD XHTML 1.0 Transitional//EN"
    "http://www.w3.org/TR/xhtml1/DTD/xhtml1-transitional.dtd">
<html xmlns="http://www.w3.org/1999/xhtml" xml:lang="en" lang="en">
 <head>
  <title>
</title>
<meta http-equiv="Content-Type" content="text/html;charset=utf-8" />
  <meta name='ocr-system' content='tesseract 3.04.00' />
  <meta name='ocr-capabilities' content='ocr_page ocr_carea ocr_par ocr_line ocrx_word'/>
</head>
<body>
  <div class='ocr_page' id='page_1' title='image "./epistolaeadattic00ciceuoft_0265.png"; bbox 0 0 1742 3006; ppageno 0'>
   <div class='ocr_carea' id='block_1_1' title="bbox 534 57 1603 117">
    <p class='ocr_par' dir='ltr' id='par_1_1' title="bbox 534 57 1603 117">
     <span class='ocr_line' id='line_1_1' title="bbox 534 57 1603 117; baseline 0.003 -3"><span class='ocrx_word' id='word_1_1' title='bbox 534 69 851 114; x_wconf 49' lang='lat' dir='ltr'><strong>emsa-ma</strong></span> <span class='ocrx_word' id='word_1_2' title='bbox 880 69 1058 113; x_wconf 86' lang='lat' dir='ltr'><strong>Lxm.</strong></span> <span class='ocrx_word' id='word_1_3' title='bbox 1163 81 1168 90; x_wconf 94' lang='lat'>·</span> <span class='ocrx_word' id='word_1_4' title='bbox 1450 69 1543 117; x_wconf 72' lang='lat'><strong>249</strong></span> <span class='ocrx_word' id='word_1_5' title='bbox 1598 57 1603 59; x_wconf 68' lang='grc'><strong><em>’</em></strong></span> 
     </span>
    </p>
   </div>
   <div class='ocr_carea' id='block_1_2' title="bbox 62 181 1546 961">
    <p class='ocr_par' dir='ltr' id='par_1_2' title="bbox 62 181 1546 961">
     <span class='ocr_line' id='line_1_2' title="bbox 62 181 1544 240; baseline -0.002 -14"><span class='ocrx_word' id='word_1_6' title='bbox 62 184 241 240; x_wconf 88' lang='lat' dir='ltr'><strong>peccavi</strong></span> <span class='ocrx_word' id='word_1_7' title='bbox 270 185 565 238; x_wconf 76' lang='lat' dir='ltr'>scelerateque</span> <span class='ocrx_word' id='word_1_8' title='bbox 594 182 696 224; x_wconf 84' lang='lat' dir='ltr'><strong>feci.</strong></span> <span class='ocrx_word' id='word_1_9' title='bbox 753 181 870 223; x_wconf 87' lang='lat' dir='ltr'><strong>Nam</strong></span> <span class='ocrx_word' id='word_1_10' title='bbox 901 183 939 222; x_wconf 88' lang='lat' dir='ltr'><strong>si</strong></span> <span class='ocrx_word' id='word_1_11' title='bbox 969 182 1257 232; x_wconf 81' lang='lat' dir='ltr'><strong>occidissem,</strong></span> <span class='ocrx_word' id='word_1_12' title='bbox 1295 193 1416 222; x_wconf 89' lang='lat' dir='ltr'><strong>mors</strong></span> <span class='ocrx_word' id='word_1_13' title='bbox 1445 181 1544 235; x_wconf 89' lang='lat' dir='ltr'><strong>ipsa</strong></span> 
     </span>
     <span class='ocr_line' id='line_1_3' title="bbox 62 235 1543 295; baseline -0.003 -14"><span class='ocrx_word' id='word_1_14' title='bbox 62 254 205 281; x_wconf 90' lang='lat' dir='ltr'><strong>meam</strong></span> <span class='ocrx_word' id='word_1_15' title='bbox 233 241 440 295; x_wconf 80' lang='lat' dir='ltr'><strong>pietatem</strong></span> <span class='ocrx_word' id='word_1_16' title='bbox 470 251 750 292; x_wconf 85' lang='lat' dir='ltr'>amoremque</span> <span class='ocrx_word' id='word_1_17' title='bbox 779 238 826 278; x_wconf 92' lang='lat' dir='ltr'><strong>in</strong></span> <span class='ocrx_word' id='word_1_18' title='bbox 854 240 897 278; x_wconf 78' lang='lat' dir='ltr'><strong>te</strong></span> <span class='ocrx_word' id='word_1_19' title='bbox 927 237 1059 278; x_wconf 84' lang='lat' dir='ltr'><strong>facile</strong></span> <span class='ocrx_word' id='word_1_20' title='bbox 1090 237 1356 278; x_wconf 86' lang='lat' dir='ltr'><strong>defenderet.</strong></span> <span class='ocrx_word' id='word_1_21' title='bbox 1413 235 1543 278; x_wconf 86' lang='lat' dir='ltr'><strong>Nune</strong></span> 
     </span>
     <span class='ocr_line' id='line_1_4' title="bbox 64 292 1541 347; baseline -0.002 -10"><span class='ocrx_word' id='word_1_22' title='bbox 64 297 293 347; x_wconf 83' lang='lat' dir='ltr'><strong>commisi,</strong></span> <span class='ocrx_word' id='word_1_23' title='bbox 332 299 381 336; x_wconf 85' lang='lat' dir='ltr'><strong>ut</strong></span> <span class='ocrx_word' id='word_1_24' title='bbox 417 308 487 336; x_wconf 91' lang='lat' dir='ltr'><strong>me</strong></span> <span class='ocrx_word' id='word_1_25' title='bbox 524 294 626 335; x_wconf 78' lang='lat' dir='ltr'><strong>vivo</strong></span> <span class='ocrx_word' id='word_1_26' title='bbox 666 306 865 346; x_wconf 81' lang='lat' dir='ltr'><strong>careres,</strong></span> <span class='ocrx_word' id='word_1_27' title='bbox 910 293 1011 334; x_wconf 85' lang='lat' dir='ltr'><strong>vivo</strong></span> <span class='ocrx_word' id='word_1_28' title='bbox 1051 307 1120 333; x_wconf 87' lang='lat' dir='ltr'><strong>me</strong></span> <span class='ocrx_word' id='word_1_29' title='bbox 1158 293 1257 334; x_wconf 86' lang='lat' dir='ltr'><strong>aliis</strong></span> <span class='ocrx_word' id='word_1_30' title='bbox 1293 292 1541 346; x_wconf 83' lang='lat' dir='ltr'><strong>indigeres:</strong></span> 
     </span>
     <span class='ocr_line' id='line_1_5' title="bbox 63 348 1542 403; baseline -0.002 -11"><span class='ocrx_word' id='word_1_31' title='bbox 63 365 162 392; x_wconf 88' lang='lat' dir='ltr'><strong>mea</strong></span> <span class='ocrx_word' id='word_1_32' title='bbox 200 366 285 394; x_wconf 83' lang='lat' dir='ltr'><strong>vox</strong></span> <span class='ocrx_word' id='word_1_33' title='bbox 322 351 368 392; x_wconf 89' lang='lat' dir='ltr'><strong>in</strong></span> <span class='ocrx_word' id='word_1_34' title='bbox 407 350 664 391; x_wconf 82' lang='lat' dir='ltr'><strong>domesticis</strong></span> <span class='ocrx_word' id='word_1_35' title='bbox 720 348 929 403; x_wconf 87' lang='lat' dir='ltr'><strong>periculis</strong></span> <span class='ocrx_word' id='word_1_36' title='bbox 976 348 1254 402; x_wconf 79' lang='lat' dir='ltr'><strong>potissimum</strong></span> <span class='ocrx_word' id='word_1_37' title='bbox 1302 349 1542 401; x_wconf 86' lang='lat' dir='ltr'><strong>occideret,</strong></span> 
     </span>
     <span class='ocr_line' id='line_1_6' title="bbox 64 403 1544 462; baseline -0.001 -14"><span class='ocrx_word' id='word_1_38' title='bbox 64 420 173 462; x_wconf 88' lang='lat' dir='ltr'><strong>quae</strong></span> <span class='ocrx_word' id='word_1_39' title='bbox 216 420 345 461; x_wconf 81' lang='lat' dir='ltr'><strong>saepe</strong></span> <span class='ocrx_word' id='word_1_40' title='bbox 383 406 665 446; x_wconf 84' lang='lat' dir='ltr'><strong>alienissimis</strong></span> <span class='ocrx_word' id='word_1_41' title='bbox 702 404 926 459; x_wconf 87' lang='lat' dir='ltr'><strong>praesidio</strong></span> <span class='ocrx_word' id='word_1_42' title='bbox 956 403 1127 445; x_wconf 81' lang='lat' dir='ltr'><strong>suisset.</strong></span> <span class='ocrx_word' id='word_1_43' title='bbox 1194 403 1311 445; x_wconf 89' lang='lat' dir='ltr'><strong>Nam</strong></span> <span class='ocrx_word' id='word_1_44' title='bbox 1340 404 1458 458; x_wconf 91' lang='lat' dir='ltr'><strong>quod</strong></span> <span class='ocrx_word' id='word_1_45' title='bbox 1486 405 1544 446; x_wconf 90' lang='lat' dir='ltr'><strong>ad</strong></span> 
     </span>
     <span class='ocr_line' id='line_1_7' title="bbox 64 459 1545 517; baseline -0.001 -13"><span class='ocrx_word' id='word_1_46' title='bbox 64 468 109 504; x_wconf 86' lang='lat' dir='ltr'><strong>te</strong></span> <span class='ocrx_word' id='word_1_47' title='bbox 138 464 263 517; x_wconf 90' lang='lat' dir='ltr'><strong>pueri</strong></span> <span class='ocrx_word' id='word_1_48' title='bbox 292 463 385 503; x_wconf 89' lang='lat' dir='ltr'><strong>sine</strong></span> <span class='ocrx_word' id='word_1_49' title='bbox 423 461 564 503; x_wconf 86' lang='lat' dir='ltr'><strong>literis</strong></span> <span class='ocrx_word' id='word_1_50' title='bbox 602 464 835 512; x_wconf 82' lang='lat' dir='ltr'><strong>venerunt,</strong></span> <span class='ocrx_word' id='word_1_51' title='bbox 876 460 1081 515; x_wconf 88' lang='lat' dir='ltr'><strong>quoniam</strong></span> <span class='ocrx_word' id='word_1_52' title='bbox 1120 459 1245 501; x_wconf 82' lang='lat' dir='ltr'><strong>vides</strong></span> <span class='ocrx_word' id='word_1_53' title='bbox 1282 473 1368 500; x_wconf 90' lang='lat' dir='ltr'><strong>non</strong></span> <span class='ocrx_word' id='word_1_54' title='bbox 1408 460 1545 502; x_wconf 75' lang='lat' dir='ltr'><strong>fuisse,</strong></span> 
     </span>
     <span class='ocr_line' id='line_1_8' title="bbox 64 515 1545 571; baseline -0.001 -13"><span class='ocrx_word' id='word_1_55' title='bbox 64 518 335 559; x_wconf 83' lang='lat' dir='ltr'><strong>iracundiam</strong></span> <span class='ocrx_word' id='word_1_56' title='bbox 373 518 420 557; x_wconf 88' lang='lat' dir='ltr'><strong>in</strong></span> <span class='ocrx_word' id='word_1_57' title='bbox 460 530 617 569; x_wconf 86' lang='lat' dir='ltr'><strong>causa,</strong></span> <span class='ocrx_word' id='word_1_58' title='bbox 660 520 780 557; x_wconf 81' lang='lat' dir='ltr'><strong>certe</strong></span> <span class='ocrx_word' id='word_1_59' title='bbox 807 516 990 571; x_wconf 80' lang='lat' dir='ltr'><strong>pigritia</strong></span> <span class='ocrx_word' id='word_1_60' title='bbox 1019 515 1105 556; x_wconf 84' lang='lat' dir='ltr'><strong>fuit</strong></span> <span class='ocrx_word' id='word_1_61' title='bbox 1134 519 1177 555; x_wconf 81' lang='lat' dir='ltr'><strong>et</strong></span> <span class='ocrx_word' id='word_1_62' title='bbox 1205 515 1417 569; x_wconf 85' lang='lat' dir='ltr'><strong>quaedam</strong></span> <span class='ocrx_word' id='word_1_63' title='bbox 1445 516 1545 557; x_wconf 90' lang='lat' dir='ltr'><strong>infi-</strong></span> 
     </span>
     <span class='ocr_line' id='line_1_9' title="bbox 62 571 1544 625; baseline 0 -11"><span class='ocrx_word' id='word_1_64' title='bbox 62 575 156 614; x_wconf 82' lang='lat' dir='ltr'><strong>nita</strong></span> <span class='ocrx_word' id='word_1_65' title='bbox 182 574 251 616; x_wconf 88' lang='lat' dir='ltr'><strong>vis</strong></span> <span class='ocrx_word' id='word_1_66' title='bbox 280 573 563 613; x_wconf 88' lang='lat' dir='ltr'><strong>lacrimarum</strong></span> <span class='ocrx_word' id='word_1_67' title='bbox 594 576 638 614; x_wconf 85' lang='lat' dir='ltr'><strong>et</strong></span> <span class='ocrx_word' id='word_1_68' title='bbox 668 573 886 614; x_wconf 89' lang='lat' dir='ltr'><strong>dolorum.</strong></span> <span class='ocrx_word' id='word_1_69' title='bbox 945 571 1072 612; x_wconf 91' lang='lat' dir='ltr'><strong>Haec</strong></span> <span class='ocrx_word' id='word_1_70' title='bbox 1100 571 1197 625; x_wconf 80' lang='lat' dir='ltr'><strong>ipsa</strong></span> <span class='ocrx_word' id='word_1_71' title='bbox 1225 585 1294 612; x_wconf 84' lang='lat' dir='ltr'><strong>me</strong></span> <span class='ocrx_word' id='word_1_72' title='bbox 1322 585 1407 625; x_wconf 92' lang='lat' dir='ltr'><strong>quo</strong></span> <span class='ocrx_word' id='word_1_73' title='bbox 1438 571 1544 614; x_wconf 88' lang='lat' dir='ltr'><strong>fletu</strong></span> 
     </span>
     <span class='ocr_line' id='line_1_10' title="bbox 64 627 1546 683; baseline -0.001 -13"><span class='ocrx_word' id='word_1_74' title='bbox 64 634 190 683; x_wconf 78' lang='lat' dir='ltr'><strong>putas</strong></span> <span class='ocrx_word' id='word_1_75' title='bbox 220 629 480 683; x_wconf 73' lang='lat' dir='ltr'><strong>scripsisse?</strong></span> <span class='ocrx_word' id='word_1_76' title='bbox 528 628 726 679; x_wconf 84' lang='lat' dir='ltr'><strong>Eodem,</strong></span> <span class='ocrx_word' id='word_1_77' title='bbox 767 642 852 682; x_wconf 90' lang='lat' dir='ltr'><strong>quo</strong></span> <span class='ocrx_word' id='word_1_78' title='bbox 882 631 925 669; x_wconf 80' lang='lat' dir='ltr'><strong>te</strong></span> <span class='ocrx_word' id='word_1_79' title='bbox 953 627 1102 681; x_wconf 86' lang='lat' dir='ltr'><strong>legere</strong></span> <span class='ocrx_word' id='word_1_80' title='bbox 1132 629 1256 668; x_wconf 78' lang='lat' dir='ltr'><strong>certo</strong></span> <span class='ocrx_word' id='word_1_81' title='bbox 1295 628 1404 669; x_wconf 91' lang='lat' dir='ltr'><strong>scio.</strong></span> <span class='ocrx_word' id='word_1_82' title='bbox 1474 629 1546 670; x_wconf 86' lang='lat' dir='ltr'><strong>An</strong></span> 
     </span>
     <span class='ocr_line' id='line_1_11' title="bbox 63 682 1544 739; baseline -0.001 -13"><span class='ocrx_word' id='word_1_83' title='bbox 63 699 144 739; x_wconf 83' lang='lat' dir='ltr'><strong>ego</strong></span> <span class='ocrx_word' id='word_1_84' title='bbox 173 698 350 739; x_wconf 88' lang='lat' dir='ltr'><strong>possum</strong></span> <span class='ocrx_word' id='word_1_85' title='bbox 380 688 456 726; x_wconf 81' lang='lat' dir='ltr'><strong>aut</strong></span> <span class='ocrx_word' id='word_1_86' title='bbox 483 698 571 725; x_wconf 90' lang='lat' dir='ltr'><strong>non</strong></span> <span class='ocrx_word' id='word_1_87' title='bbox 601 684 799 738; x_wconf 85' lang='lat' dir='ltr'><strong>cogitare</strong></span> <span class='ocrx_word' id='word_1_88' title='bbox 827 684 1062 738; x_wconf 83' lang='lat' dir='ltr'><strong>aliquando</strong></span> <span class='ocrx_word' id='word_1_89' title='bbox 1093 682 1148 723; x_wconf 90' lang='lat' dir='ltr'><strong>de</strong></span> <span class='ocrx_word' id='word_1_90' title='bbox 1177 686 1222 724; x_wconf 78' lang='lat' dir='ltr'><strong>te</strong></span> <span class='ocrx_word' id='word_1_91' title='bbox 1252 686 1327 724; x_wconf 81' lang='lat' dir='ltr'><strong>aut</strong></span> <span class='ocrx_word' id='word_1_92' title='bbox 1355 696 1544 738; x_wconf 90' lang='lat' dir='ltr'><strong>unquam</strong></span> 
     </span>
     <span class='ocr_line' id='line_1_12' title="bbox 63 739 1544 795; baseline -0.001 -13"><span class='ocrx_word' id='word_1_93' title='bbox 63 742 159 782; x_wconf 88' lang='lat' dir='ltr'><strong>sine</strong></span> <span class='ocrx_word' id='word_1_94' title='bbox 189 740 388 782; x_wconf 86' lang='lat' dir='ltr'><strong>lacrimis</strong></span> <span class='ocrx_word' id='word_1_95' title='bbox 418 741 642 795; x_wconf 78' lang='lat' dir='ltr'><strong>cogitare?</strong></span> <span class='ocrx_word' id='word_1_96' title='bbox 690 739 836 790; x_wconf 80' lang='lat' dir='ltr'><strong>Quum</strong></span> <span class='ocrx_word' id='word_1_97' title='bbox 867 740 983 780; x_wconf 89' lang='lat' dir='ltr'><strong>enim</strong></span> <span class='ocrx_word' id='word_1_98' title='bbox 1012 743 1055 780; x_wconf 81' lang='lat' dir='ltr'><strong>te</strong></span> <span class='ocrx_word' id='word_1_99' title='bbox 1085 739 1317 791; x_wconf 77' lang='lat' dir='ltr'><strong>desidero,</strong></span> <span class='ocrx_word' id='word_1_100' title='bbox 1357 739 1544 781; x_wconf 84' lang='lat' dir='ltr'><strong>fratrem</strong></span> 
     </span>
     <span class='ocr_line' id='line_1_13' title="bbox 63 795 1545 849; baseline -0.001 -11"><span class='ocrx_word' id='word_1_101' title='bbox 63 797 208 838; x_wconf 89' lang='lat' dir='ltr'><strong>solum</strong></span> <span class='ocrx_word' id='word_1_102' title='bbox 238 796 469 837; x_wconf 80' lang='lat' dir='ltr'><strong>desidero?</strong></span> <span class='ocrx_word' id='word_1_103' title='bbox 514 796 614 849; x_wconf 84' lang='lat' dir='ltr'><strong>Ego</strong></span> <span class='ocrx_word' id='word_1_104' title='bbox 642 810 747 837; x_wconf 77' lang='lat' dir='ltr'><strong>vero</strong></span> <span class='ocrx_word' id='word_1_105' title='bbox 777 796 993 838; x_wconf 76' lang='lat' dir='ltr'><strong>suavitate</strong></span> <span class='ocrx_word' id='word_1_106' title='bbox 1023 808 1160 849; x_wconf 90' lang='lat' dir='ltr'><strong>prope</strong></span> <span class='ocrx_word' id='word_1_107' title='bbox 1189 795 1439 849; x_wconf 87' lang='lat' dir='ltr'><strong>aequalem,</strong></span> <span class='ocrx_word' id='word_1_108' title='bbox 1469 796 1545 837; x_wconf 93' lang='lat' dir='ltr'><strong>ob-</strong></span> 
     </span>
     <span class='ocr_line' id='line_1_14' title="bbox 67 850 1543 906; baseline -0.001 -13"><span class='ocrx_word' id='word_1_109' title='bbox 67 853 220 906; x_wconf 90' lang='lat' dir='ltr'><strong>sequio</strong></span> <span class='ocrx_word' id='word_1_110' title='bbox 243 852 400 904; x_wconf 84' lang='lat' dir='ltr'><strong>filium,</strong></span> <span class='ocrx_word' id='word_1_111' title='bbox 423 852 607 893; x_wconf 86' lang='lat' dir='ltr'><strong>consilio</strong></span> <span class='ocrx_word' id='word_1_112' title='bbox 624 854 862 905; x_wconf 79' lang='lat' dir='ltr'><strong>parentem.</strong></span> <span class='ocrx_word' id='word_1_113' title='bbox 906 850 1028 899; x_wconf 82' lang='lat' dir='ltr'><strong>Quid</strong></span> <span class='ocrx_word' id='word_1_114' title='bbox 1049 850 1160 891; x_wconf 88' lang='lat' dir='ltr'><strong>mihi</strong></span> <span class='ocrx_word' id='word_1_115' title='bbox 1182 851 1274 891; x_wconf 92' lang='lat' dir='ltr'><strong>sine</strong></span> <span class='ocrx_word' id='word_1_116' title='bbox 1292 856 1337 891; x_wconf 84' lang='lat' dir='ltr'><strong>te</strong></span> <span class='ocrx_word' id='word_1_117' title='bbox 1356 864 1543 906; x_wconf 87' lang='lat' dir='ltr'><strong>unquam</strong></span> 
     </span>
     <span class='ocr_line' id='line_1_15' title="bbox 64 906 1543 961; baseline 0 -12"><span class='ocrx_word' id='word_1_118' title='bbox 64 913 139 949; x_wconf 87' lang='lat' dir='ltr'><strong>aut</strong></span> <span class='ocrx_word' id='word_1_119' title='bbox 165 909 246 949; x_wconf 84' lang='lat' dir='ltr'><strong>tibi</strong></span> <span class='ocrx_word' id='word_1_120' title='bbox 275 908 370 950; x_wconf 90' lang='lat' dir='ltr'><strong>sine</strong></span> <span class='ocrx_word' id='word_1_121' title='bbox 398 921 468 949; x_wconf 93' lang='lat' dir='ltr'><strong>me</strong></span> <span class='ocrx_word' id='word_1_122' title='bbox 497 908 735 948; x_wconf 84' lang='lat' dir='ltr'><strong>iucundum</strong></span> <span class='ocrx_word' id='word_1_123' title='bbox 765 906 876 949; x_wconf 74' lang='lat' dir='ltr'><strong>suit?</strong></span> <span class='ocrx_word' id='word_1_124' title='bbox 915 907 1037 957; x_wconf 79' lang='lat' dir='ltr'><strong>Quid</strong></span> <span class='ocrx_word' id='word_1_125' title='bbox 1080 906 1196 961; x_wconf 91' lang='lat' dir='ltr'><strong>quod</strong></span> <span class='ocrx_word' id='word_1_126' title='bbox 1237 906 1393 948; x_wconf 90' lang='lat' dir='ltr'><strong>eodem</strong></span> <span class='ocrx_word' id='word_1_127' title='bbox 1432 912 1543 949; x_wconf 81' lang='lat' dir='ltr'><strong>tem-</strong></span> 
     </span>
    </p>
   </div>
   <div class='ocr_carea' id='block_1_3' title="bbox 31 1079 1549 2280">
    <p class='ocr_par' dir='ltr' id='par_1_3' title="bbox 31 1079 1549 2280">
     <span class='ocr_line' id='line_1_16' title="bbox 159 1079 1543 1130; baseline -0.002 -12"><span class='ocrx_word' id='word_1_128' title='bbox 159 1085 193 1118; x_wconf 85' lang='lat'><strong>2.</strong></span> <span class='ocrx_word' id='word_1_129' title='bbox 225 1083 259 1117; x_wconf 70' lang='lat' dir='ltr'><strong>si</strong></span> <span class='ocrx_word' id='word_1_130' title='bbox 289 1079 523 1126; x_wconf 76' lang='lat' dir='ltr'><strong>occidissem,</strong></span> <span class='ocrx_word' id='word_1_131' title='bbox 542 1088 656 1125; x_wconf 46' lang='lat' dir='ltr'><strong>‚ware</strong></span> <span class='ocrx_word' id='word_1_132' title='bbox 689 1085 750 1119; x_wconf 88' lang='lat' dir='ltr'><strong>ich</strong></span> <span class='ocrx_word' id='word_1_133' title='bbox 784 1085 961 1130; x_wconf 80' lang='lat' dir='ltr'><strong>gefallen.</strong></span> <span class='ocrx_word' id='word_1_134' title='bbox 1012 1081 1074 1117; x_wconf 88' lang='lat' dir='ltr'><strong>Sic</strong></span> <span class='ocrx_word' id='word_1_135' title='bbox 1105 1081 1188 1119; x_wconf 79' lang='lat' dir='ltr'><strong>Md.</strong></span> <span class='ocrx_word' id='word_1_136' title='bbox 1217 1081 1338 1117; x_wconf 88' lang='lat' dir='ltr'><strong>Oxon.</strong></span> <span class='ocrx_word' id='word_1_137' title='bbox 1366 1081 1402 1118; x_wconf 84' lang='grc'><strong>2.</strong></span> <span class='ocrx_word' id='word_1_138' title='bbox 1438 1081 1543 1115; x_wconf 79' lang='lat' dir='ltr'><strong>Amb.</strong></span> 
     </span>
     <span class='ocr_line' id='line_1_17' title="bbox 63 1130 1543 1168; baseline -0.002 -3"><span class='ocrx_word' id='word_1_139' title='bbox 63 1132 121 1168; x_wconf 85' lang='lat'><strong>16.</strong></span> <span class='ocrx_word' id='word_1_140' title='bbox 147 1132 252 1165; x_wconf 84' lang='lat' dir='ltr'><strong>Rom.</strong></span> <span class='ocrx_word' id='word_1_141' title='bbox 280 1131 382 1165; x_wconf 78' lang='lat' dir='ltr'><strong>Vict.</strong></span> <span class='ocrx_word' id='word_1_142' title='bbox 410 1134 440 1167; x_wconf 88' lang='lat'><strong>1.</strong></span> <span class='ocrx_word' id='word_1_143' title='bbox 467 1135 500 1168; x_wconf 85' lang='lat'><strong>2-</strong></span> <span class='ocrx_word' id='word_1_144' title='bbox 527 1134 732 1167; x_wconf 78' lang='lat' dir='ltr'><strong>cecidissem</strong></span> <span class='ocrx_word' id='word_1_145' title='bbox 759 1136 853 1168; x_wconf 80' lang='lat' dir='ltr'><strong>Cett.</strong></span> <span class='ocrx_word' id='word_1_146' title='bbox 883 1132 1079 1168; x_wconf 85' lang='lat' dir='ltr'><strong>ORELLI.</strong></span> <span class='ocrx_word' id='word_1_147' title='bbox 1109 1151 1153 1156; x_wconf 89' lang='lat'>—</span> <span class='ocrx_word' id='word_1_148' title='bbox 1180 1142 1237 1164; x_wconf 81' lang='lat' dir='ltr'><strong>me</strong></span> <span class='ocrx_word' id='word_1_149' title='bbox 1262 1130 1357 1164; x_wconf 70' lang='lat' dir='ltr'><strong>rivo.</strong></span> <span class='ocrx_word' id='word_1_150' title='bbox 1384 1130 1444 1163; x_wconf 82' lang='lat' dir='ltr'><strong>Sic</strong></span> <span class='ocrx_word' id='word_1_151' title='bbox 1464 1130 1543 1166; x_wconf 87' lang='lat' dir='ltr'><strong>Md.</strong></span> 
     </span>
     <span class='ocr_line' id='line_1_18' title="bbox 62 1178 1541 1226; baseline -0.001 -14"><span class='ocrx_word' id='word_1_152' title='bbox 62 1179 162 1213; x_wconf 83' lang='lat' dir='ltr'><strong>Vict.</strong></span> <span class='ocrx_word' id='word_1_153' title='bbox 191 1181 222 1213; x_wconf 93' lang='grc'><strong>1.</strong></span> <span class='ocrx_word' id='word_1_154' title='bbox 249 1181 283 1215; x_wconf 91' lang='grc'><strong>2.</strong></span> <span class='ocrx_word' id='word_1_155' title='bbox 310 1180 391 1213; x_wconf 67' lang='lat' dir='ltr'><strong>viro</strong></span> <span class='ocrx_word' id='word_1_156' title='bbox 416 1191 479 1213; x_wconf 82' lang='lat' dir='ltr'><strong>me.</strong></span> <span class='ocrx_word' id='word_1_157' title='bbox 509 1182 604 1216; x_wconf 87' lang='lat' dir='ltr'><strong>Cett.</strong></span> <span class='ocrx_word' id='word_1_158' title='bbox 630 1182 731 1224; x_wconf 75' lang='lat' dir='ltr'><strong>viro,</strong></span> <span class='ocrx_word' id='word_1_159' title='bbox 759 1194 875 1226; x_wconf 86' lang='lat' dir='ltr'><strong>quum</strong></span> <span class='ocrx_word' id='word_1_160' title='bbox 901 1182 1044 1224; x_wconf 87' lang='lat' dir='ltr'><strong>vivam,</strong></span> <span class='ocrx_word' id='word_1_161' title='bbox 1080 1178 1260 1226; x_wconf 82' lang='lat' dir='ltr'><strong>obgleich</strong></span> <span class='ocrx_word' id='word_1_162' title='bbox 1285 1178 1350 1212; x_wconf 85' lang='lat' dir='ltr'><strong>ich</strong></span> <span class='ocrx_word' id='word_1_163' title='bbox 1375 1179 1470 1212; x_wconf 89' lang='lat' dir='ltr'><strong>lebe.</strong></span> <span class='ocrx_word' id='word_1_164' title='bbox 1498 1196 1541 1202; x_wconf 94' lang='grc'>-</span> 
     </span>
     <span class='ocr_line' id='line_1_19' title="bbox 62 1226 1545 1269; baseline -0.001 -10"><span class='ocrx_word' id='word_1_165' title='bbox 62 1227 149 1260; x_wconf 78' lang='lat' dir='ltr'><strong>aliis</strong></span> <span class='ocrx_word' id='word_1_166' title='bbox 174 1227 360 1269; x_wconf 74' lang='lat' dir='ltr'><strong>indigere,</strong></span> <span class='ocrx_word' id='word_1_167' title='bbox 386 1229 560 1262; x_wconf 81' lang='lat' dir='ltr'><strong>freinden</strong></span> <span class='ocrx_word' id='word_1_168' title='bbox 587 1230 800 1264; x_wconf 83' lang='lat' dir='ltr'><strong>Beistandes</strong></span> <span class='ocrx_word' id='word_1_169' title='bbox 826 1229 1022 1263; x_wconf 84' lang='lat' dir='ltr'><strong>bediirsen.</strong></span> <span class='ocrx_word' id='word_1_170' title='bbox 1049 1248 1093 1253; x_wconf 94' lang='lat'><em>-</em></span> <span class='ocrx_word' id='word_1_171' title='bbox 1127 1239 1208 1260; x_wconf 76' lang='lat' dir='ltr'><strong>mea</strong></span> <span class='ocrx_word' id='word_1_172' title='bbox 1232 1238 1302 1260; x_wconf 70' lang='lat' dir='ltr'><strong>roz</strong></span> <span class='ocrx_word' id='word_1_173' title='bbox 1330 1252 1337 1259; x_wconf 95' lang='lat'><strong>.</strong></span> <span class='ocrx_word' id='word_1_174' title='bbox 1366 1252 1373 1259; x_wconf 91' lang='lat'><strong>.</strong></span> <span class='ocrx_word' id='word_1_175' title='bbox 1401 1226 1545 1259; x_wconf 82' lang='lat' dir='ltr'><strong>occide-</strong></span> 
     </span>
     <span class='ocr_line' id='line_1_20' title="bbox 62 1275 1545 1321; baseline 0 -14"><span class='ocrx_word' id='word_1_176' title='bbox 62 1279 136 1312; x_wconf 76' lang='lat' dir='ltr'><strong>ret.</strong></span> <span class='ocrx_word' id='word_1_177' title='bbox 168 1275 250 1308; x_wconf 86' lang='lat' dir='ltr'><strong>dass</strong></span> <span class='ocrx_word' id='word_1_178' title='bbox 276 1276 398 1309; x_wconf 80' lang='lat' dir='ltr'><strong>meino</strong></span> <span class='ocrx_word' id='word_1_179' title='bbox 424 1277 725 1312; x_wconf 82' lang='lat' dir='ltr'><strong>Rednerstimme</strong></span> <span class='ocrx_word' id='word_1_180' title='bbox 752 1290 828 1311; x_wconf 90' lang='lat' dir='ltr'><strong>nun</strong></span> <span class='ocrx_word' id='word_1_181' title='bbox 853 1278 992 1321; x_wconf 72' lang='lat' dir='ltr'><strong>gracie,</strong></span> <span class='ocrx_word' id='word_1_182' title='bbox 1024 1277 1068 1310; x_wconf 83' lang='lat' dir='ltr'><strong>da</strong></span> <span class='ocrx_word' id='word_1_183' title='bbox 1096 1276 1155 1309; x_wconf 86' lang='lat' dir='ltr'><strong>die</strong></span> <span class='ocrx_word' id='word_1_184' title='bbox 1182 1275 1375 1318; x_wconf 82' lang='lat' dir='ltr'><strong>Meinigen</strong></span> <span class='ocrx_word' id='word_1_185' title='bbox 1401 1275 1440 1307; x_wconf 84' lang='lat' dir='ltr'><strong>in</strong></span> <span class='ocrx_word' id='word_1_186' title='bbox 1469 1275 1545 1308; x_wconf 87' lang='lat' dir='ltr'><strong>Ge-</strong></span> 
     </span>
     <span class='ocr_line' id='line_1_21' title="bbox 61 1322 1546 1371; baseline 0 -17"><span class='ocrx_word' id='word_1_187' title='bbox 61 1322 152 1355; x_wconf 78' lang='lat' dir='ltr'><strong>fahr</strong></span> <span class='ocrx_word' id='word_1_188' title='bbox 183 1323 285 1363; x_wconf 84' lang='lat' dir='ltr'><strong>sind,</strong></span> <span class='ocrx_word' id='word_1_189' title='bbox 324 1330 584 1357; x_wconf 80' lang='lat' dir='ltr'><strong>verstummen</strong></span> <span class='ocrx_word' id='word_1_190' title='bbox 615 1337 728 1359; x_wconf 85' lang='lat' dir='ltr'><strong>muss.</strong></span> <span class='ocrx_word' id='word_1_191' title='bbox 781 1326 942 1371; x_wconf 86' lang='lat' dir='ltr'><strong>Quintus</strong></span> <span class='ocrx_word' id='word_1_192' title='bbox 974 1325 1046 1358; x_wconf 82' lang='lat' dir='ltr'><strong>lief</strong></span> <span class='ocrx_word' id='word_1_193' title='bbox 1077 1324 1224 1358; x_wconf 88' lang='lat' dir='ltr'><strong>Gefahr</strong></span> <span class='ocrx_word' id='word_1_194' title='bbox 1257 1322 1464 1369; x_wconf 73' lang='lat' dir='ltr'><strong>angeklagt</strong></span> <span class='ocrx_word' id='word_1_195' title='bbox 1498 1333 1546 1354; x_wconf 86' lang='lat' dir='ltr'><strong>zu</strong></span> 
     </span>
     <span class='ocr_line' id='line_1_22' title="bbox 61 1369 1544 1418; baseline 0.001 -16"><span class='ocrx_word' id='word_1_196' title='bbox 61 1370 226 1403; x_wconf 83' lang='lat' dir='ltr'><strong>werden.</strong></span> <span class='ocrx_word' id='word_1_197' title='bbox 261 1371 294 1403; x_wconf 90' lang='lat' dir='ltr'><strong>S.</strong></span> <span class='ocrx_word' id='word_1_198' title='bbox 322 1381 383 1415; x_wconf 66' lang='lat' dir='ltr'><strong>ep.</strong></span> <span class='ocrx_word' id='word_1_199' title='bbox 416 1372 511 1414; x_wconf 85' lang='lat' dir='ltr'><strong>LXI,</strong></span> <span class='ocrx_word' id='word_1_200' title='bbox 538 1374 569 1407; x_wconf 83' lang='lat'><strong>2.</strong></span> <span class='ocrx_word' id='word_1_201' title='bbox 597 1373 801 1416; x_wconf 78' lang='lat' dir='ltr'><strong>periculum</strong></span> <span class='ocrx_word' id='word_1_202' title='bbox 826 1373 1002 1406; x_wconf 80' lang='lat' dir='ltr'><strong>bedentet</strong></span> <span class='ocrx_word' id='word_1_203' title='bbox 1034 1373 1087 1406; x_wconf 84' lang='lat' dir='ltr'><strong>im</strong></span> <span class='ocrx_word' id='word_1_204' title='bbox 1115 1369 1398 1418; x_wconf 81' lang='lat' dir='ltr'><strong>gerichtlichen</strong></span> <span class='ocrx_word' id='word_1_205' title='bbox 1431 1370 1544 1403; x_wconf 83' lang='lat' dir='ltr'><strong>Sinne</strong></span> 
     </span>
     <span class='ocr_line' id='line_1_23' title="bbox 62 1418 1545 1464; baseline 0.001 -14"><span class='ocrx_word' id='word_1_206' title='bbox 62 1418 172 1451; x_wconf 86' lang='lat' dir='ltr'><strong>einen</strong></span> <span class='ocrx_word' id='word_1_207' title='bbox 207 1418 558 1464; x_wconf 72' lang='lat' dir='ltr'><strong>CriminalprocesS.</strong></span> <span class='ocrx_word' id='word_1_208' title='bbox 610 1422 657 1454; x_wconf 87' lang='lat' dir='ltr'><strong>So</strong></span> <span class='ocrx_word' id='word_1_209' title='bbox 693 1421 839 1454; x_wconf 86' lang='lat' dir='ltr'><strong>Cornel.</strong></span> <span class='ocrx_word' id='word_1_210' title='bbox 865 1421 961 1462; x_wconf 86' lang='lat' dir='ltr'><strong>XIX,</strong></span> <span class='ocrx_word' id='word_1_211' title='bbox 995 1422 1028 1459; x_wconf 85' lang='lat'><strong>2.</strong></span> <span class='ocrx_word' id='word_1_212' title='bbox 1060 1421 1094 1454; x_wconf 85' lang='lat'><strong>3.</strong></span> <span class='ocrx_word' id='word_1_213' title='bbox 1131 1418 1251 1453; x_wconf 89' lang='lat' dir='ltr'><strong>Cicer.</strong></span> <span class='ocrx_word' id='word_1_214' title='bbox 1283 1419 1388 1451; x_wconf 80' lang='lat' dir='ltr'><strong>Orat.</strong></span> <span class='ocrx_word' id='word_1_215' title='bbox 1414 1418 1545 1452; x_wconf 75' lang='lat' dir='ltr'><strong>Manil-</strong></span> 
     </span>
     <span class='ocr_line' id='line_1_24' title="bbox 64 1465 1543 1515; baseline -0.001 -16"><span class='ocrx_word' id='word_1_216' title='bbox 64 1468 97 1499; x_wconf 83' lang='lat'><strong>1.</strong></span> <span class='ocrx_word' id='word_1_217' title='bbox 117 1475 187 1510; x_wconf 87' lang='lat' dir='ltr'><strong>pro</strong></span> <span class='ocrx_word' id='word_1_218' title='bbox 204 1465 317 1499; x_wconf 88' lang='lat' dir='ltr'><strong>Arch.</strong></span> <span class='ocrx_word' id='word_1_219' title='bbox 339 1468 373 1501; x_wconf 85' lang='lat'><strong>2.</strong></span> <span class='ocrx_word' id='word_1_220' title='bbox 417 1468 523 1500; x_wconf 87' lang='lat' dir='ltr'><strong>Auch</strong></span> <span class='ocrx_word' id='word_1_221' title='bbox 549 1468 612 1502; x_wconf 77' lang='lat' dir='ltr'><strong>das</strong></span> <span class='ocrx_word' id='word_1_222' title='bbox 636 1469 829 1502; x_wconf 83' lang='lat' dir='ltr'><strong>Protokoll</strong></span> <span class='ocrx_word' id='word_1_223' title='bbox 857 1469 924 1502; x_wconf 84' lang='lat' dir='ltr'><strong>der</strong></span> <span class='ocrx_word' id='word_1_224' title='bbox 939 1466 1222 1515; x_wconf 72' lang='lat' dir='ltr'><strong>gerichtlichen</strong></span> <span class='ocrx_word' id='word_1_225' title='bbox 1239 1465 1543 1513; x_wconf 82' lang='lat' dir='ltr'><strong>Entscheidung‚·</strong></span> 
     </span>
     <span class='ocr_line' id='line_1_25' title="bbox 63 1513 1544 1563; baseline 0.001 -19"><span class='ocrx_word' id='word_1_226' title='bbox 63 1513 134 1545; x_wconf 88' lang='lat' dir='ltr'><strong>wie</strong></span> <span class='ocrx_word' id='word_1_227' title='bbox 163 1515 308 1547; x_wconf 91' lang='lat' dir='ltr'><strong>Cornel.</strong></span> <span class='ocrx_word' id='word_1_228' title='bbox 336 1515 414 1554; x_wconf 88' lang='lat' dir='ltr'><strong>XV,</strong></span> <span class='ocrx_word' id='word_1_229' title='bbox 442 1516 474 1557; x_wconf 80' lang='lat'><strong>8,</strong></span> <span class='ocrx_word' id='word_1_230' title='bbox 503 1516 534 1550; x_wconf 89' lang='lat'><strong>2.</strong></span> <span class='ocrx_word' id='word_1_231' title='bbox 571 1534 614 1540; x_wconf 90' lang='lat'>—</span> <span class='ocrx_word' id='word_1_232' title='bbox 650 1516 886 1558; x_wconf 76' lang='lat' dir='ltr'><strong>alienissimi,</strong></span> <span class='ocrx_word' id='word_1_233' title='bbox 925 1527 1021 1563; x_wconf 81' lang='lat' dir='ltr'><strong>ganz</strong></span> <span class='ocrx_word' id='word_1_234' title='bbox 1047 1515 1195 1549; x_wconf 84' lang='lat' dir='ltr'><strong>fremde</strong></span> <span class='ocrx_word' id='word_1_235' title='bbox 1222 1513 1455 1554; x_wconf 86' lang='lat' dir='ltr'><strong>Menschen‚</strong></span> <span class='ocrx_word' id='word_1_236' title='bbox 1483 1513 1544 1547; x_wconf 84' lang='lat' dir='ltr'><strong>die</strong></span> 
     </span>
     <span class='ocr_line' id='line_1_26' title="bbox 62 1560 1546 1609; baseline 0 -15"><span class='ocrx_word' id='word_1_237' title='bbox 62 1560 184 1594; x_wconf 85' lang='lat' dir='ltr'><strong>Einen</strong></span> <span class='ocrx_word' id='word_1_238' title='bbox 213 1573 282 1608; x_wconf 86' lang='lat' dir='ltr'><strong>gar</strong></span> <span class='ocrx_word' id='word_1_239' title='bbox 307 1561 430 1596; x_wconf 83' lang='lat' dir='ltr'><strong>nichts</strong></span> <span class='ocrx_word' id='word_1_240' title='bbox 456 1563 650 1609; x_wconf 79' lang='lat' dir='ltr'><strong>angeheri,</strong></span> <span class='ocrx_word' id='word_1_241' title='bbox 683 1564 793 1597; x_wconf 83' lang='lat' dir='ltr'><strong>nicht</strong></span> <span class='ocrx_word' id='word_1_242' title='bbox 824 1564 1020 1598; x_wconf 82' lang='lat' dir='ltr'><strong>verwantlt</strong></span> <span class='ocrx_word' id='word_1_243' title='bbox 1052 1564 1122 1596; x_wconf 82' lang='lat' dir='ltr'><strong>mit</strong></span> <span class='ocrx_word' id='word_1_244' title='bbox 1154 1562 1290 1595; x_wconf 87' lang='lat' dir='ltr'><strong>Einem</strong></span> <span class='ocrx_word' id='word_1_245' title='bbox 1322 1562 1426 1605; x_wconf 78' lang='lat' dir='ltr'><strong>sind3</strong></span> <span class='ocrx_word' id='word_1_246' title='bbox 1460 1560 1546 1594; x_wconf 74' lang='lat' dir='ltr'><strong>hier</strong></span> 
     </span>
     <span class='ocr_line' id='line_1_27' title="bbox 61 1609 1545 1659; baseline 0.001 -19"><span class='ocrx_word' id='word_1_247' title='bbox 61 1609 115 1641; x_wconf 86' lang='lat' dir='ltr'><strong>im</strong></span> <span class='ocrx_word' id='word_1_248' title='bbox 151 1610 313 1655; x_wconf 79' lang='lat' dir='ltr'><strong>Gegens.</strong></span> <span class='ocrx_word' id='word_1_249' title='bbox 343 1620 414 1642; x_wconf 89' lang='lat' dir='ltr'><strong>von</strong></span> <span class='ocrx_word' id='word_1_250' title='bbox 450 1610 611 1647; x_wconf 66' lang='lat' dir='ltr'><strong>domest.</strong></span> <span class='ocrx_word' id='word_1_251' title='bbox 651 1612 741 1659; x_wconf 79' lang='lat' dir='ltr'><strong>Vgl.</strong></span> <span class='ocrx_word' id='word_1_252' title='bbox 771 1612 878 1648; x_wconf 82' lang='lat' dir='ltr'><strong>Orat.</strong></span> <span class='ocrx_word' id='word_1_253' title='bbox 906 1612 989 1648; x_wconf 84' lang='lat' dir='ltr'><strong>Mil.</strong></span> <span class='ocrx_word' id='word_1_254' title='bbox 1017 1613 1081 1647; x_wconf 75' lang='lat'><strong>28.-</strong></span> <span class='ocrx_word' id='word_1_255' title='bbox 1118 1611 1158 1643; x_wconf 83' lang='lat' dir='ltr'><strong>in</strong></span> <span class='ocrx_word' id='word_1_256' title='bbox 1192 1610 1352 1652; x_wconf 83' lang='lat' dir='ltr'><strong>alienos,</strong></span> <span class='ocrx_word' id='word_1_257' title='bbox 1389 1609 1428 1642; x_wconf 85' lang='lat' dir='ltr'><strong>in</strong></span> <span class='ocrx_word' id='word_1_258' title='bbox 1461 1620 1545 1642; x_wconf 73' lang='lat' dir='ltr'><strong>suos</strong></span> 
     </span>
     <span class='ocr_line' id='line_1_28' title="bbox 60 1656 1546 1703; baseline 0.001 -14"><span class='ocrx_word' id='word_1_259' title='bbox 60 1656 246 1696; x_wconf 76' lang='lat' dir='ltr'><strong>irruebat3</strong></span> <span class='ocrx_word' id='word_1_260' title='bbox 274 1657 319 1690; x_wconf 86' lang='lat' dir='ltr'><strong>ad</strong></span> <span class='ocrx_word' id='word_1_261' title='bbox 345 1658 432 1692; x_wconf 80' lang='lat' dir='ltr'><strong>Div.</strong></span> <span class='ocrx_word' id='word_1_262' title='bbox 461 1660 493 1697; x_wconf 88' lang='lat'><strong>1,</strong></span> <span class='ocrx_word' id='word_1_263' title='bbox 519 1660 560 1694; x_wconf 85' lang='lat'><strong>9:</strong></span> <span class='ocrx_word' id='word_1_264' title='bbox 591 1669 714 1703; x_wconf 85' lang='lat' dir='ltr'><strong>neque</strong></span> <span class='ocrx_word' id='word_1_265' title='bbox 740 1660 872 1693; x_wconf 84' lang='lat' dir='ltr'><strong>amicis</strong></span> <span class='ocrx_word' id='word_1_266' title='bbox 898 1670 1020 1703; x_wconf 83' lang='lat' dir='ltr'><strong>neque</strong></span> <span class='ocrx_word' id='word_1_267' title='bbox 1046 1657 1310 1700; x_wconf 77' lang='lat' dir='ltr'><strong>alienioribus3</strong></span> <span class='ocrx_word' id='word_1_268' title='bbox 1337 1669 1394 1703; x_wconf 89' lang='lat' dir='ltr'><strong>pr.</strong></span> <span class='ocrx_word' id='word_1_269' title='bbox 1422 1658 1546 1691; x_wconf 90' lang='lat' dir='ltr'><strong>Domo</strong></span> 
     </span>
     <span class='ocr_line' id='line_1_29' title="bbox 63 1703 1546 1750; baseline -0.001 -11"><span class='ocrx_word' id='word_1_270' title='bbox 63 1706 126 1740; x_wconf 87' lang='lat'><strong>27:</strong></span> <span class='ocrx_word' id='word_1_271' title='bbox 153 1703 327 1738; x_wconf 83' lang='lat' dir='ltr'><strong>homines</strong></span> <span class='ocrx_word' id='word_1_272' title='bbox 354 1705 574 1740; x_wconf 82' lang='lat' dir='ltr'><strong>alienissimi</strong></span> <span class='ocrx_word' id='word_1_273' title='bbox 600 1719 620 1740; x_wconf 86' lang='lat' dir='ltr'><strong>a</strong></span> <span class='ocrx_word' id='word_1_274' title='bbox 647 1708 799 1748; x_wconf 76' lang='lat' dir='ltr'><strong>Clodio5</strong></span> <span class='ocrx_word' id='word_1_275' title='bbox 824 1707 906 1741; x_wconf 88' lang='lat' dir='ltr'><strong>Liv.</strong></span> <span class='ocrx_word' id='word_1_276' title='bbox 934 1710 992 1748; x_wconf 85' lang='lat'><strong>29,</strong></span> <span class='ocrx_word' id='word_1_277' title='bbox 1013 1709 1076 1742; x_wconf 84' lang='lat'><strong>29:</strong></span> <span class='ocrx_word' id='word_1_278' title='bbox 1103 1717 1175 1740; x_wconf 86' lang='lat' dir='ltr'><strong>non</strong></span> <span class='ocrx_word' id='word_1_279' title='bbox 1203 1706 1344 1738; x_wconf 85' lang='lat' dir='ltr'><strong>alienus</strong></span> <span class='ocrx_word' id='word_1_280' title='bbox 1370 1705 1546 1750; x_wconf 83' lang='lat' dir='ltr'><strong>sanguine</strong></span> 
     </span>
     <span class='ocr_line' id='line_1_30' title="bbox 62 1752 1543 1801; baseline 0.001 -17"><span class='ocrx_word' id='word_1_281' title='bbox 62 1752 235 1799; x_wconf 80' lang='lat' dir='ltr'><strong>regibus;</strong></span> <span class='ocrx_word' id='word_1_282' title='bbox 261 1753 380 1787; x_wconf 83' lang='lat' dir='ltr'><strong>Plaut.</strong></span> <span class='ocrx_word' id='word_1_283' title='bbox 408 1754 539 1788; x_wconf 88' lang='lat' dir='ltr'><strong>Sticho</strong></span> <span class='ocrx_word' id='word_1_284' title='bbox 566 1755 639 1797; x_wconf 91' lang='lat'><strong>111,</strong></span> <span class='ocrx_word' id='word_1_285' title='bbox 667 1757 782 1801; x_wconf 68' lang='grc'><strong>2,31;</strong></span> <span class='ocrx_word' id='word_1_286' title='bbox 816 1755 916 1801; x_wconf 85' lang='lat' dir='ltr'><strong>apud</strong></span> <span class='ocrx_word' id='word_1_287' title='bbox 941 1767 1001 1788; x_wconf 86' lang='lat' dir='ltr'><strong>me</strong></span> <span class='ocrx_word' id='word_1_288' title='bbox 1027 1760 1164 1788; x_wconf 82' lang='lat' dir='ltr'><strong>cenant</strong></span> <span class='ocrx_word' id='word_1_289' title='bbox 1188 1753 1301 1787; x_wconf 83' lang='lat' dir='ltr'><strong>alieni</strong></span> <span class='ocrx_word' id='word_1_290' title='bbox 1327 1763 1474 1787; x_wconf 84' lang='lat' dir='ltr'><strong>novem.</strong></span> <span class='ocrx_word' id='word_1_291' title='bbox 1502 1771 1543 1777; x_wconf 86' lang='lat'><em>-</em></span> 
     </span>
     <span class='ocr_line' id='line_1_31' title="bbox 63 1797 1547 1851; baseline -0.001 -16"><span class='ocrx_word' id='word_1_292' title='bbox 63 1800 160 1835; x_wconf 81' lang='grc' dir='ltr'><em>Ναηι</em></span> <span class='ocrx_word' id='word_1_293' title='bbox 184 1814 234 1831; x_wconf 70' lang='grc' dir='ltr'>Ξ</span> <span class='ocrx_word' id='word_1_294' title='bbox 259 1801 367 1841; x_wconf 84' lang='lat' dir='ltr'><strong>aber,</strong></span> <span class='ocrx_word' id='word_1_295' title='bbox 394 1802 515 1843; x_wconf 78' lang='lat' dir='ltr'><strong>doch3</strong></span> <span class='ocrx_word' id='word_1_296' title='bbox 542 1802 626 1836; x_wconf 87' lang='lat' dir='ltr'><strong>hier</strong></span> <span class='ocrx_word' id='word_1_297' title='bbox 653 1804 705 1836; x_wconf 85' lang='lat' dir='ltr'><strong>als</strong></span> <span class='ocrx_word' id='word_1_298' title='bbox 724 1797 1115 1851; x_wconf 78' lang='lat' dir='ltr'><strong>Ubergangspartikel</strong></span> <span class='ocrx_word' id='word_1_299' title='bbox 1141 1801 1264 1835; x_wconf 85' lang='lat' dir='ltr'><strong>durch</strong></span> <span class='ocrx_word' id='word_1_300' title='bbox 1291 1802 1399 1834; x_wconf 83' lang='lat' dir='ltr'><strong>einen</strong></span> <span class='ocrx_word' id='word_1_301' title='bbox 1426 1800 1547 1835; x_wconf 84' lang='lat' dir='ltr'><strong>leicht</strong></span> 
     </span>
     <span class='ocr_line' id='line_1_32' title="bbox 47 1849 1546 1897; baseline 0 -16"><span class='ocrx_word' id='word_1_302' title='bbox 47 1859 113 1895; x_wconf 14' lang='lat' dir='ltr'><strong>‘zu</strong></span> <span class='ocrx_word' id='word_1_303' title='bbox 151 1849 411 1895; x_wconf 71' lang='lat' dir='ltr'><strong>erg&#39;zinzenden</strong></span> <span class='ocrx_word' id='word_1_304' title='bbox 451 1850 534 1884; x_wconf 89' lang='lat' dir='ltr'><strong>Satz</strong></span> <span class='ocrx_word' id='word_1_305' title='bbox 582 1850 804 1885; x_wconf 64' lang='lat' dir='ltr'><strong>erklarlich.</strong></span> <span class='ocrx_word' id='word_1_306' title='bbox 861 1853 1011 1897; x_wconf 83' lang='lat' dir='ltr'><strong>„Quare</strong></span> <span class='ocrx_word' id='word_1_307' title='bbox 1046 1862 1115 1893; x_wconf 83' lang='lat' dir='ltr'><strong>ego</strong></span> <span class='ocrx_word' id='word_1_308' title='bbox 1148 1861 1168 1882; x_wconf 85' lang='lat' dir='ltr'><strong>a</strong></span> <span class='ocrx_word' id='word_1_309' title='bbox 1201 1856 1238 1883; x_wconf 87' lang='lat' dir='ltr'><strong>te</strong></span> <span class='ocrx_word' id='word_1_310' title='bbox 1270 1849 1394 1883; x_wconf 86' lang='lat' dir='ltr'><strong>videri</strong></span> <span class='ocrx_word' id='word_1_311' title='bbox 1428 1849 1546 1883; x_wconf 84' lang='lat' dir='ltr'><strong>nolui.</strong></span> 
     </span>
     <span class='ocr_line' id='line_1_33' title="bbox 63 1895 1547 1944; baseline 0.002 -17"><span class='ocrx_word' id='word_1_312' title='bbox 63 1895 162 1928; x_wconf 85' lang='lat' dir='ltr'><strong>Nam</strong></span> <span class='ocrx_word' id='word_1_313' title='bbox 188 1897 226 1928; x_wconf 83' lang='lat' dir='ltr'><strong>in</strong></span> <span class='ocrx_word' id='word_1_314' title='bbox 254 1907 383 1940; x_wconf 81' lang='lat' dir='ltr'><strong>causa,</strong></span> <span class='ocrx_word' id='word_1_315' title='bbox 411 1898 510 1942; x_wconf 83' lang='lat' dir='ltr'><strong>quod</strong></span> <span class='ocrx_word' id='word_1_316' title='bbox 537 1927 545 1934; x_wconf 90' lang='lat'><strong>.</strong></span> <span class='ocrx_word' id='word_1_317' title='bbox 575 1925 583 1934; x_wconf 92' lang='lat'><strong>.</strong></span> <span class='ocrx_word' id='word_1_318' title='bbox 608 1899 716 1944; x_wconf 83' lang='lat' dir='ltr'><strong>pueri</strong></span> <span class='ocrx_word' id='word_1_319' title='bbox 742 1929 750 1936; x_wconf 81' lang='grc'><strong>.</strong></span> <span class='ocrx_word' id='word_1_320' title='bbox 780 1923 788 1932; x_wconf 95' lang='grc'><em>.</em></span> <span class='ocrx_word' id='word_1_321' title='bbox 817 1924 826 1933; x_wconf 90' lang='grc'><strong>.</strong></span> <span class='ocrx_word' id='word_1_322' title='bbox 852 1905 1059 1940; x_wconf 86' lang='lat' dir='ltr'><strong>venerunt,</strong></span> <span class='ocrx_word' id='word_1_323' title='bbox 1097 1904 1198 1932; x_wconf 85' lang='lat' dir='ltr'><strong>certe</strong></span> <span class='ocrx_word' id='word_1_324' title='bbox 1223 1897 1382 1943; x_wconf 78' lang='lat' dir='ltr'><strong>pigritia</strong></span> <span class='ocrx_word' id='word_1_325' title='bbox 1408 1897 1483 1931; x_wconf 81' lang='lat' dir='ltr'><strong>fuit</strong></span> <span class='ocrx_word' id='word_1_326' title='bbox 1509 1902 1547 1930; x_wconf 84' lang='lat' dir='ltr'><strong>et</strong></span> 
     </span>
     <span class='ocr_line' id='line_1_34' title="bbox 64 1943 1546 1992; baseline 0.001 -16"><span class='ocrx_word' id='word_1_327' title='bbox 64 1949 137 1978; x_wconf 85' lang='lat' dir='ltr'><strong>cet.</strong></span> <span class='ocrx_word' id='word_1_328' title='bbox 163 1943 198 1979; x_wconf 90' lang='lat' dir='ltr'><strong>S.</strong></span> <span class='ocrx_word' id='word_1_329' title='bbox 224 1944 374 1978; x_wconf 79' lang='lat' dir='ltr'><strong>Ramsh.</strong></span> <span class='ocrx_word' id='word_1_330' title='bbox 405 1946 437 1988; x_wconf 59' lang='grc' dir='ltr'><strong>ἕ.</strong></span> <span class='ocrx_word' id='word_1_331' title='bbox 465 1947 544 1981; x_wconf 81' lang='grc'>687.</span> <span class='ocrx_word' id='word_1_332' title='bbox 572 1949 599 1988; x_wconf 82' lang='grc' dir='ltr'><strong>Ι,</strong></span> <span class='ocrx_word' id='word_1_333' title='bbox 628 1950 661 1982; x_wconf 85' lang='grc'><strong>1.</strong></span> <span class='ocrx_word' id='word_1_334' title='bbox 696 1948 780 1991; x_wconf 83' lang='lat' dir='ltr'><strong>Vgl.</strong></span> <span class='ocrx_word' id='word_1_335' title='bbox 808 1947 932 1985; x_wconf 64' lang='lat' dir='ltr'><strong>Cicer.</strong></span> <span class='ocrx_word' id='word_1_336' title='bbox 958 1948 1051 1992; x_wconf 83' lang='lat' dir='ltr'><strong>Top.</strong></span> <span class='ocrx_word' id='word_1_337' title='bbox 1081 1949 1139 1981; x_wconf 85' lang='lat' dir='ltr'><strong>ll.</strong></span> <span class='ocrx_word' id='word_1_338' title='bbox 1166 1947 1324 1980; x_wconf 76' lang='lat' dir='ltr'><strong>Vei-rin.</strong></span> <span class='ocrx_word' id='word_1_339' title='bbox 1353 1946 1383 1987; x_wconf 87' lang='lat'><strong>1,</strong></span> <span class='ocrx_word' id='word_1_340' title='bbox 1409 1946 1467 1980; x_wconf 87' lang='lat'><strong>57.</strong></span> <span class='ocrx_word' id='word_1_341' title='bbox 1494 1945 1546 1987; x_wconf 84' lang='grc' dir='ltr'><strong>ΙΙ,</strong></span> 
     </span>
     <span class='ocr_line' id='line_1_35' title="bbox 63 1992 1545 2040; baseline 0.001 -15"><span class='ocrx_word' id='word_1_342' title='bbox 63 1992 121 2027; x_wconf 86' lang='grc'><strong>59.</strong></span> <span class='ocrx_word' id='word_1_343' title='bbox 147 1992 218 2031; x_wconf 89' lang='grc' dir='ltr'><strong>ΙΙΙ,</strong></span> <span class='ocrx_word' id='word_1_344' title='bbox 244 1993 299 2027; x_wconf 83' lang='grc'><strong>85.</strong></span> <span class='ocrx_word' id='word_1_345' title='bbox 324 1993 436 2026; x_wconf 70' lang='lat' dir='ltr'><strong>Attic.</strong></span> <span class='ocrx_word' id='word_1_346' title='bbox 463 1994 506 2035; x_wconf 88' lang='lat' dir='ltr'><strong>X,</strong></span> <span class='ocrx_word' id='word_1_347' title='bbox 532 1995 565 2029; x_wconf 87' lang='lat'><strong>2.</strong></span> <span class='ocrx_word' id='word_1_348' title='bbox 590 1996 631 2028; x_wconf 90' lang='lat' dir='ltr'><strong>in</strong></span> <span class='ocrx_word' id='word_1_349' title='bbox 656 1997 784 2029; x_wconf 87' lang='lat' dir='ltr'><strong>med.“</strong></span> <span class='ocrx_word' id='word_1_350' title='bbox 817 2015 862 2021; x_wconf 90' lang='grc'><strong>--</strong></span> <span class='ocrx_word' id='word_1_351' title='bbox 894 1995 932 2029; x_wconf 76' lang='lat' dir='ltr'><strong>in</strong></span> <span class='ocrx_word' id='word_1_352' title='bbox 957 2006 1080 2029; x_wconf 81' lang='lat' dir='ltr'><strong>causa.</strong></span> <span class='ocrx_word' id='word_1_353' title='bbox 1116 1994 1178 2028; x_wconf 88' lang='lat' dir='ltr'><strong>Sic</strong></span> <span class='ocrx_word' id='word_1_354' title='bbox 1216 1994 1352 2040; x_wconf 81' lang='lat' dir='ltr'><strong>Margo</strong></span> <span class='ocrx_word' id='word_1_355' title='bbox 1380 1993 1485 2035; x_wconf 66' lang='lat'><strong>1584,</strong></span> <span class='ocrx_word' id='word_1_356' title='bbox 1511 1994 1545 2027; x_wconf 89' lang='grc'><strong>2.</strong></span> 
     </span>
     <span class='ocr_line' id='line_1_36' title="bbox 64 2039 1546 2089; baseline 0.001 -18"><span class='ocrx_word' id='word_1_357' title='bbox 64 2039 277 2073; x_wconf 76' lang='lat' dir='ltr'><strong>iracundiae</strong></span> <span class='ocrx_word' id='word_1_358' title='bbox 311 2051 421 2074; x_wconf 79' lang='lat' dir='ltr'><strong>causa</strong></span> <span class='ocrx_word' id='word_1_359' title='bbox 455 2042 534 2075; x_wconf 89' lang='lat' dir='ltr'><strong>Md.</strong></span> <span class='ocrx_word' id='word_1_360' title='bbox 575 2054 660 2076; x_wconf 85' lang='lat' dir='ltr'><strong>cum</strong></span> <span class='ocrx_word' id='word_1_361' title='bbox 693 2043 884 2089; x_wconf 80' lang='lat' dir='ltr'><strong>plerisque</strong></span> <span class='ocrx_word' id='word_1_362' title='bbox 922 2044 1039 2080; x_wconf 80' lang='lat' dir='ltr'><strong>Codd,</strong></span> <span class='ocrx_word' id='word_1_363' title='bbox 1073 2043 1170 2076; x_wconf 86' lang='lat' dir='ltr'><strong>Vict.</strong></span> <span class='ocrx_word' id='word_1_364' title='bbox 1201 2044 1233 2075; x_wconf 90' lang='lat'><strong>1.</strong></span> <span class='ocrx_word' id='word_1_365' title='bbox 1260 2043 1295 2075; x_wconf 87' lang='grc'><strong>2.</strong></span> <span class='ocrx_word' id='word_1_366' title='bbox 1324 2042 1427 2075; x_wconf 87' lang='lat' dir='ltr'><strong>Man.</strong></span> <span class='ocrx_word' id='word_1_367' title='bbox 1453 2041 1546 2074; x_wconf 88' lang='lat' dir='ltr'><strong>Ern.</strong></span> 
     </span>
     <span class='ocr_line' id='line_1_37' title="bbox 65 2087 1546 2127; baseline -0.003 0"><span class='ocrx_word' id='word_1_368' title='bbox 65 2087 278 2120; x_wconf 58' lang='lat' dir='ltr'><strong>iracundiae</strong></span> <span class='ocrx_word' id='word_1_369' title='bbox 310 2099 456 2122; x_wconf 68' lang='lat' dir='ltr'><strong>causam</strong></span> <span class='ocrx_word' id='word_1_370' title='bbox 488 2089 595 2124; x_wconf 81' lang='lat' dir='ltr'><strong>Amb·</strong></span> <span class='ocrx_word' id='word_1_371' title='bbox 627 2092 684 2127; x_wconf 86' lang='lat'><strong>16.</strong></span> <span class='ocrx_word' id='word_1_372' title='bbox 719 2093 827 2127; x_wconf 84' lang='lat' dir='ltr'><strong>Rom.</strong></span> <span class='ocrx_word' id='word_1_373' title='bbox 857 2093 956 2126; x_wconf 88' lang='lat' dir='ltr'><strong>Crat.</strong></span> <span class='ocrx_word' id='word_1_374' title='bbox 982 2090 1212 2125; x_wconf 71' lang='lat' dir='ltr'><strong>iracundiam</strong></span> <span class='ocrx_word' id='word_1_375' title='bbox 1239 2099 1385 2122; x_wconf 82' lang='lat' dir='ltr'><strong>causam</strong></span> <span class='ocrx_word' id='word_1_376' title='bbox 1418 2088 1546 2122; x_wconf 81' lang='lat' dir='ltr'><strong>Lamb.</strong></span> 
     </span>
     <span class='ocr_line' id='line_1_38' title="bbox 66 2135 1547 2185; baseline 0.001 -17"><span class='ocrx_word' id='word_1_377' title='bbox 66 2135 279 2169; x_wconf 76' lang='lat' dir='ltr'><strong>iracundiae</strong></span> <span class='ocrx_word' id='word_1_378' title='bbox 302 2136 374 2170; x_wconf 80' lang='lat' dir='ltr'><strong>del.</strong></span> <span class='ocrx_word' id='word_1_379' title='bbox 401 2147 510 2171; x_wconf 78' lang='lat' dir='ltr'><strong>causa</strong></span> <span class='ocrx_word' id='word_1_380' title='bbox 530 2139 681 2172; x_wconf 88' lang='lat' dir='ltr'><strong>Gruter.</strong></span> <span class='ocrx_word' id='word_1_381' title='bbox 708 2151 805 2185; x_wconf 82' lang='lat' dir='ltr'><strong>susp.</strong></span> <span class='ocrx_word' id='word_1_382' title='bbox 831 2141 937 2185; x_wconf 87' lang='lat' dir='ltr'><strong>prob.</strong></span> <span class='ocrx_word' id='word_1_383' title='bbox 956 2140 1103 2173; x_wconf 83' lang='lat' dir='ltr'><strong>Ernest.</strong></span> <span class='ocrx_word' id='word_1_384' title='bbox 1133 2136 1332 2174; x_wconf 70' lang='lat' dir='ltr'><strong><em>ORELLI.</em></strong></span> <span class='ocrx_word' id='word_1_385' title='bbox 1359 2155 1403 2161; x_wconf 91' lang='lat'><strong>—</strong></span> <span class='ocrx_word' id='word_1_386' title='bbox 1427 2137 1547 2179; x_wconf 75' lang='lat' dir='ltr'><strong>pigri-</strong></span> 
     </span>
     <span class='ocr_line' id='line_1_39' title="bbox 67 2183 1549 2232; baseline 0.005 -18"><span class='ocrx_word' id='word_1_387' title='bbox 67 2183 140 2226; x_wconf 79' lang='lat' dir='ltr'><strong>tia,</strong></span> <span class='ocrx_word' id='word_1_388' title='bbox 167 2184 496 2228; x_wconf 81' lang='lat' dir='ltr'><strong>Verdrossenheit,</strong></span> <span class='ocrx_word' id='word_1_389' title='bbox 522 2187 659 2220; x_wconf 85' lang='lat' dir='ltr'><strong>Unlust</strong></span> <span class='ocrx_word' id='word_1_390' title='bbox 684 2199 728 2221; x_wconf 87' lang='lat' dir='ltr'><strong>zu</strong></span> <span class='ocrx_word' id='word_1_391' title='bbox 755 2189 877 2221; x_wconf 87' lang='lat' dir='ltr'><strong>Allem</strong></span> <span class='ocrx_word' id='word_1_392' title='bbox 905 2188 1040 2230; x_wconf 80' lang='lat' dir='ltr'><strong>(Cicer.</strong></span> <span class='ocrx_word' id='word_1_393' title='bbox 1069 2186 1218 2221; x_wconf 86' lang='lat' dir='ltr'><strong>Tuscul.</strong></span> <span class='ocrx_word' id='word_1_394' title='bbox 1247 2185 1316 2228; x_wconf 89' lang='lat' dir='ltr'><strong>IV,</strong></span> <span class='ocrx_word' id='word_1_395' title='bbox 1342 2186 1384 2220; x_wconf 80' lang='lat'><strong>8:</strong></span> <span class='ocrx_word' id='word_1_396' title='bbox 1422 2184 1549 2232; x_wconf 83' lang='lat' dir='ltr'><strong>Pigri-</strong></span> 
     </span>
     <span class='ocr_line' id='line_1_40' title="bbox 31 2231 1234 2280; baseline 0.004 -17"><span class='ocrx_word' id='word_1_397' title='bbox 31 2240 37 2246; x_wconf 76' lang='grc'><strong>’</strong></span> <span class='ocrx_word' id='word_1_398' title='bbox 65 2231 156 2264; x_wconf 85' lang='lat' dir='ltr'><strong>tiam</strong></span> <span class='ocrx_word' id='word_1_399' title='bbox 183 2231 367 2265; x_wconf 87' lang='lat' dir='ltr'><strong>definiunt</strong></span> <span class='ocrx_word' id='word_1_400' title='bbox 392 2238 534 2266; x_wconf 82' lang='lat' dir='ltr'><strong>metum</strong></span> <span class='ocrx_word' id='word_1_401' title='bbox 560 2236 820 2280; x_wconf 76' lang='lat' dir='ltr'><strong>consequentis</strong></span> <span class='ocrx_word' id='word_1_402' title='bbox 845 2236 1025 2278; x_wconf 79' lang='lat' dir='ltr'><strong>laboris),</strong></span> <span class='ocrx_word' id='word_1_403' title='bbox 1051 2234 1234 2270; x_wconf 75' lang='lat' dir='ltr'><strong>Unmutli.</strong></span> 
     </span>
    </p>
   </div>
   <div class='ocr_carea' id='block_1_4' title="bbox 67 2298 1549 2777">
    <p class='ocr_par' dir='ltr' id='par_1_4' title="bbox 67 2298 1549 2777">
     <span class='ocr_line' id='line_1_41' title="bbox 160 2298 1549 2347; baseline 0 -15"><span class='ocrx_word' id='word_1_404' title='bbox 160 2298 193 2332; x_wconf 89' lang='lat'><strong>3.</strong></span> <span class='ocrx_word' id='word_1_405' title='bbox 220 2298 399 2331; x_wconf 72' lang='lat' dir='ltr'><strong>suavitate</strong></span> <span class='ocrx_word' id='word_1_406' title='bbox 429 2311 546 2343; x_wconf 82' lang='lat' dir='ltr'><strong>prope</strong></span> <span class='ocrx_word' id='word_1_407' title='bbox 577 2303 760 2347; x_wconf 80' lang='lat' dir='ltr'><strong>aequalem</strong></span> <span class='ocrx_word' id='word_1_408' title='bbox 786 2303 863 2337; x_wconf 79' lang='lat' dir='ltr'><strong>scil.</strong></span> <span class='ocrx_word' id='word_1_409' title='bbox 891 2302 1080 2344; x_wconf 85' lang='lat' dir='ltr'><strong>desidero,</strong></span> <span class='ocrx_word' id='word_1_410' title='bbox 1120 2300 1185 2334; x_wconf 81' lang='lat' dir='ltr'><strong>ich</strong></span> <span class='ocrx_word' id='word_1_411' title='bbox 1211 2300 1387 2334; x_wconf 78' lang='lat' dir='ltr'><strong>vermisse</strong></span> <span class='ocrx_word' id='word_1_412' title='bbox 1413 2299 1452 2332; x_wconf 89' lang='lat' dir='ltr'><strong>in</strong></span> <span class='ocrx_word' id='word_1_413' title='bbox 1478 2299 1549 2333; x_wconf 88' lang='lat' dir='ltr'><strong>Dir</strong></span> 
     </span>
     <span class='ocr_line' id='line_1_42' title="bbox 67 2343 1549 2397; baseline 0.004 -20"><span class='ocrx_word' id='word_1_414' title='bbox 67 2343 178 2378; x_wconf 87' lang='lat' dir='ltr'><strong>mehr</strong></span> <span class='ocrx_word' id='word_1_415' title='bbox 203 2346 255 2378; x_wconf 83' lang='lat' dir='ltr'><strong>als</strong></span> <span class='ocrx_word' id='word_1_416' title='bbox 280 2346 388 2379; x_wconf 85' lang='lat' dir='ltr'><strong>einen</strong></span> <span class='ocrx_word' id='word_1_417' title='bbox 415 2348 578 2391; x_wconf 82' lang='lat' dir='ltr'><strong>Bruder3</strong></span> <span class='ocrx_word' id='word_1_418' title='bbox 605 2349 669 2384; x_wconf 82' lang='lat' dir='ltr'><strong>ich</strong></span> <span class='ocrx_word' id='word_1_419' title='bbox 695 2351 874 2384; x_wconf 83' lang='lat' dir='ltr'><strong>vermisse</strong></span> <span class='ocrx_word' id='word_1_420' title='bbox 902 2351 969 2384; x_wconf 86' lang='lat' dir='ltr'><strong>den</strong></span> <span class='ocrx_word' id='word_1_421' title='bbox 994 2349 1255 2397; x_wconf 83' lang='lat' dir='ltr'><strong>angcnehmen</strong></span> <span class='ocrx_word' id='word_1_422' title='bbox 1272 2350 1449 2394; x_wconf 79' lang='lat' dir='ltr'><strong>Umgang</strong></span> <span class='ocrx_word' id='word_1_423' title='bbox 1476 2348 1549 2379; x_wconf 69' lang='lat' dir='ltr'><strong>fast</strong></span> 
     </span>
     <span class='ocr_line' id='line_1_43' title="bbox 70 2392 1547 2445; baseline 0.001 -21"><span class='ocrx_word' id='word_1_424' title='bbox 70 2392 170 2426; x_wconf 86' lang='lat' dir='ltr'><strong>eines</strong></span> <span class='ocrx_word' id='word_1_425' title='bbox 195 2394 553 2442; x_wconf 81' lang='lat' dir='ltr'><strong>Iugendgespielen,</strong></span> <span class='ocrx_word' id='word_1_426' title='bbox 588 2398 649 2431; x_wconf 89' lang='lat' dir='ltr'><strong>die</strong></span> <span class='ocrx_word' id='word_1_427' title='bbox 682 2397 1009 2445; x_wconf 68' lang='lat' dir='ltr'><strong>Anhangliclikeit</strong></span> <span class='ocrx_word' id='word_1_428' title='bbox 1036 2400 1135 2432; x_wconf 81' lang='lat' dir='ltr'><strong>eines</strong></span> <span class='ocrx_word' id='word_1_429' title='bbox 1161 2396 1322 2436; x_wconf 81' lang='lat' dir='ltr'><strong>Sohnes‚</strong></span> <span class='ocrx_word' id='word_1_430' title='bbox 1357 2396 1428 2427; x_wconf 84' lang='lat' dir='ltr'><strong>den</strong></span> <span class='ocrx_word' id='word_1_431' title='bbox 1454 2394 1547 2427; x_wconf 84' lang='lat' dir='ltr'><strong>wei-</strong></span> 
     </span>
     <span class='ocr_line' id='line_1_44' title="bbox 70 2440 1548 2493; baseline 0.001 -21"><span class='ocrx_word' id='word_1_432' title='bbox 70 2440 257 2493; x_wconf 36' lang='lat' dir='ltr'><strong>sen-Rath</strong></span> <span class='ocrx_word' id='word_1_433' title='bbox 283 2442 384 2476; x_wconf 83' lang='lat' dir='ltr'><strong>eines</strong></span> <span class='ocrx_word' id='word_1_434' title='bbox 418 2446 548 2477; x_wconf 85' lang='lat' dir='ltr'><strong>Vaters</strong></span> <span class='ocrx_word' id='word_1_435' title='bbox 579 2446 617 2479; x_wconf 85' lang='lat' dir='ltr'><strong>in</strong></span> <span class='ocrx_word' id='word_1_436' title='bbox 645 2447 731 2484; x_wconf 74' lang='lat' dir='ltr'><strong>Dir.</strong></span> <span class='ocrx_word' id='word_1_437' title='bbox 782 2446 843 2480; x_wconf 87' lang='lat' dir='ltr'><strong>Sic</strong></span> <span class='ocrx_word' id='word_1_438' title='bbox 877 2446 1079 2480; x_wconf 77' lang='lat' dir='ltr'><strong>Petrareha</strong></span> <span class='ocrx_word' id='word_1_439' title='bbox 1105 2447 1174 2491; x_wconf 89' lang='lat' dir='ltr'><strong>Ep.</strong></span> <span class='ocrx_word' id='word_1_440' title='bbox 1204 2447 1283 2479; x_wconf 83' lang='lat'><strong>107.</strong></span> <span class='ocrx_word' id='word_1_441' title='bbox 1311 2443 1436 2487; x_wconf 80' lang='lat' dir='ltr'><strong>(prob.</strong></span> <span class='ocrx_word' id='word_1_442' title='bbox 1464 2443 1548 2475; x_wconf 87' lang='lat' dir='ltr'><strong>Ma-</strong></span> 
     </span>
     <span class='ocr_line' id='line_1_45' title="bbox 69 2488 1547 2539; baseline 0.002 -20"><span class='ocrx_word' id='word_1_443' title='bbox 69 2488 192 2539; x_wconf 77' lang='lat' dir='ltr'><strong>nutio)</strong></span> <span class='ocrx_word' id='word_1_444' title='bbox 218 2490 363 2523; x_wconf 83' lang='lat' dir='ltr'><strong>Bentiv.</strong></span> <span class='ocrx_word' id='word_1_445' title='bbox 389 2493 569 2525; x_wconf 64' lang='lat' dir='ltr'><strong>suavitate</strong></span> <span class='ocrx_word' id='word_1_446' title='bbox 602 2505 717 2537; x_wconf 82' lang='lat' dir='ltr'><strong>prope</strong></span> <span class='ocrx_word' id='word_1_447' title='bbox 745 2496 930 2536; x_wconf 81' lang='lat' dir='ltr'><strong>fratrem,</strong></span> <span class='ocrx_word' id='word_1_448' title='bbox 967 2505 1083 2538; x_wconf 85' lang='lat' dir='ltr'><strong>prope</strong></span> <span class='ocrx_word' id='word_1_449' title='bbox 1117 2493 1298 2537; x_wconf 73' lang='lat' dir='ltr'><strong>aequalem</strong></span> <span class='ocrx_word' id='word_1_450' title='bbox 1332 2491 1411 2524; x_wconf 83' lang='lat' dir='ltr'><strong>Md.</strong></span> <span class='ocrx_word' id='word_1_451' title='bbox 1447 2490 1547 2525; x_wconf 80' lang='lat' dir='ltr'><strong>Crat.</strong></span> 
     </span>
     <span class='ocr_line' id='line_1_46' title="bbox 71 2534 1545 2586; baseline 0.003 -21"><span class='ocrx_word' id='word_1_452' title='bbox 71 2534 167 2566; x_wconf 86' lang='lat' dir='ltr'><strong>V1ct.</strong></span> <span class='ocrx_word' id='word_1_453' title='bbox 197 2537 227 2568; x_wconf 90' lang='lat' dir='ltr'><strong>l.</strong></span> <span class='ocrx_word' id='word_1_454' title='bbox 253 2537 287 2571; x_wconf 88' lang='grc'><strong>2.</strong></span> <span class='ocrx_word' id='word_1_455' title='bbox 315 2538 417 2571; x_wconf 84' lang='lat' dir='ltr'><strong>Man.</strong></span> <span class='ocrx_word' id='word_1_456' title='bbox 435 2550 536 2576; x_wconf 66' lang='lat' dir='ltr'><strong>suae.</strong></span> <span class='ocrx_word' id='word_1_457' title='bbox 557 2541 722 2582; x_wconf 82' lang='lat' dir='ltr'><strong>fratrem</strong></span> <span class='ocrx_word' id='word_1_458' title='bbox 737 2554 850 2586; x_wconf 83' lang='lat' dir='ltr'><strong>prope</strong></span> <span class='ocrx_word' id='word_1_459' title='bbox 867 2543 1048 2586; x_wconf 74' lang='lat' dir='ltr'><strong>aequalem</strong></span> <span class='ocrx_word' id='word_1_460' title='bbox 1074 2543 1222 2575; x_wconf 78' lang='lat' dir='ltr'><strong>Ernest.</strong></span> <span class='ocrx_word' id='word_1_461' title='bbox 1241 2549 1342 2572; x_wconf 75' lang='lat' dir='ltr'><strong>suar.</strong></span> <span class='ocrx_word' id='word_1_462' title='bbox 1361 2539 1545 2578; x_wconf 73' lang='lat' dir='ltr'><strong>fratrem,</strong></span> 
     </span>
     <span class='ocr_line' id='line_1_47' title="bbox 69 2584 1543 2634; baseline 0.005 -22"><span class='ocrx_word' id='word_1_463' title='bbox 69 2586 188 2614; x_wconf 78' lang='lat' dir='ltr'><strong>aetate</strong></span> <span class='ocrx_word' id='word_1_464' title='bbox 211 2593 324 2626; x_wconf 85' lang='lat' dir='ltr'><strong>prope</strong></span> <span class='ocrx_word' id='word_1_465' title='bbox 356 2588 550 2630; x_wconf 75' lang='lat' dir='ltr'><strong>aequalem.</strong></span> <span class='ocrx_word' id='word_1_466' title='bbox 586 2591 714 2623; x_wconf 72' lang='lat' dir='ltr'><strong>hamb.</strong></span> <span class='ocrx_word' id='word_1_467' title='bbox 742 2591 922 2624; x_wconf 64' lang='lat' dir='ltr'><strong>suavitate</strong></span> <span class='ocrx_word' id='word_1_468' title='bbox 947 2591 1141 2634; x_wconf 77' lang='lat' dir='ltr'><strong>aequalem.</strong></span> <span class='ocrx_word' id='word_1_469' title='bbox 1168 2587 1317 2621; x_wconf 57' lang='lat' dir='ltr'><strong>schum..</strong></span> <span class='ocrx_word' id='word_1_470' title='bbox 1347 2584 1543 2619; x_wconf 81' lang='lat' dir='ltr'><strong>ORELLI.</strong></span> 
     </span>
     <span class='ocr_line' id='line_1_48' title="bbox 68 2629 1544 2681; baseline 0.001 -15"><span class='ocrx_word' id='word_1_471' title='bbox 68 2629 173 2662; x_wconf 73' lang='lat' dir='ltr'><strong>luter</strong></span> <span class='ocrx_word' id='word_1_472' title='bbox 198 2630 446 2668; x_wconf 69' lang='lat' dir='ltr'><strong>adolescentes</strong></span> <span class='ocrx_word' id='word_1_473' title='bbox 472 2638 684 2681; x_wconf 77' lang='lat' dir='ltr'><strong>aequalium</strong></span> <span class='ocrx_word' id='word_1_474' title='bbox 721 2639 961 2672; x_wconf 77' lang='lat' dir='ltr'><strong>familiaritas</strong></span> <span class='ocrx_word' id='word_1_475' title='bbox 996 2637 1213 2671; x_wconf 75' lang='lat' dir='ltr'><strong>suavissima</strong></span> <span class='ocrx_word' id='word_1_476' title='bbox 1249 2634 1343 2667; x_wconf 83' lang='lat' dir='ltr'><strong>solet</strong></span> <span class='ocrx_word' id='word_1_477' title='bbox 1376 2644 1472 2670; x_wconf 88' lang='lat' dir='ltr'><strong>esse,</strong></span> <span class='ocrx_word' id='word_1_478' title='bbox 1507 2640 1544 2667; x_wconf 86' lang='lat' dir='ltr'><strong>et</strong></span> 
     </span>
     <span class='ocr_line' id='line_1_49' title="bbox 69 2676 1543 2732; baseline 0.005 -24"><span class='ocrx_word' id='word_1_479' title='bbox 69 2676 247 2711; x_wconf 83' lang='lat' dir='ltr'><strong>eiusmodi</strong></span> <span class='ocrx_word' id='word_1_480' title='bbox 274 2680 438 2715; x_wconf 80' lang='lat' dir='ltr'><strong>amicitia</strong></span> <span class='ocrx_word' id='word_1_481' title='bbox 465 2681 545 2716; x_wconf 80' lang='lat' dir='ltr'><strong>sere</strong></span> <span class='ocrx_word' id='word_1_482' title='bbox 585 2691 754 2719; x_wconf 80' lang='lat' dir='ltr'><strong>constans</strong></span> <span class='ocrx_word' id='word_1_483' title='bbox 787 2698 829 2720; x_wconf 89' lang='lat' dir='ltr'><strong>ac</strong></span> <span class='ocrx_word' id='word_1_484' title='bbox 854 2693 1048 2732; x_wconf 74' lang='lat' dir='ltr'><strong>perpetua.</strong></span> <span class='ocrx_word' id='word_1_485' title='bbox 1084 2684 1171 2717; x_wconf 85' lang='lat' dir='ltr'><strong>Vid.</strong></span> <span class='ocrx_word' id='word_1_486' title='bbox 1201 2682 1349 2716; x_wconf 78' lang='lat' dir='ltr'><strong>cornel.</strong></span> <span class='ocrx_word' id='word_1_487' title='bbox 1376 2682 1483 2721; x_wconf 85' lang='lat' dir='ltr'><strong>XXV,</strong></span> <span class='ocrx_word' id='word_1_488' title='bbox 1511 2693 1543 2715; x_wconf 91' lang='lat' dir='ltr'><strong>c.</strong></span> 
     </span>
     <span class='ocr_line' id='line_1_50' title="bbox 71 2725 1541 2777; baseline -0.002 -12"><span class='ocrx_word' id='word_1_489' title='bbox 71 2725 102 2758; x_wconf 73' lang='grc' dir='ltr'><strong>Β·</strong></span> <span class='ocrx_word' id='word_1_490' title='bbox 138 2726 277 2770; x_wconf 57' lang='grc' dir='ltr'><em>ΡΥΟΡΒ,</em></span> <span class='ocrx_word' id='word_1_491' title='bbox 315 2728 351 2759; x_wconf 76' lang='lat' dir='ltr'><strong>ni</strong></span> <span class='ocrx_word' id='word_1_492' title='bbox 388 2740 433 2763; x_wconf 85' lang='lat' dir='ltr'><strong>ex</strong></span> <span class='ocrx_word' id='word_1_493' title='bbox 469 2731 586 2777; x_wconf 79' lang='lat' dir='ltr'><strong>glossa</strong></span> <span class='ocrx_word' id='word_1_494' title='bbox 621 2735 834 2777; x_wconf 74' lang='lat' dir='ltr'><strong>accesserit,</strong></span> <span class='ocrx_word' id='word_1_495' title='bbox 870 2747 889 2768; x_wconf 84' lang='lat' dir='ltr'><strong>a</strong></span> <span class='ocrx_word' id='word_1_496' title='bbox 921 2735 1102 2768; x_wconf 80' lang='lat' dir='ltr'><strong>Cicerone</strong></span> <span class='ocrx_word' id='word_1_497' title='bbox 1138 2731 1304 2765; x_wconf 80' lang='lat' dir='ltr'><strong>additum</strong></span> <span class='ocrx_word' id='word_1_498' title='bbox 1332 2735 1407 2771; x_wconf 81' lang='lat' dir='ltr'><strong>est,</strong></span> <span class='ocrx_word' id='word_1_499' title='bbox 1440 2736 1479 2763; x_wconf 78' lang='lat' dir='ltr'><strong>ut</strong></span> <span class='ocrx_word' id='word_1_500' title='bbox 1507 2741 1541 2763; x_wconf 79' lang='lat' dir='ltr'><strong>se</strong></span> 
     </span>
    </p>
   </div>
  </div>
 </body>
</html>
