<?xml version="1.0" encoding="UTF-8"?>
<!DOCTYPE html PUBLIC "-//W3C//DTD XHTML 1.0 Transitional//EN"
    "http://www.w3.org/TR/xhtml1/DTD/xhtml1-transitional.dtd">
<html xmlns="http://www.w3.org/1999/xhtml" xml:lang="en" lang="en">
 <head>
  <title>
</title>
<meta http-equiv="Content-Type" content="text/html;charset=utf-8" />
  <meta name='ocr-system' content='tesseract 3.04.00' />
  <meta name='ocr-capabilities' content='ocr_page ocr_carea ocr_par ocr_line ocrx_word'/>
</head>
<body>
  <div class='ocr_page' id='page_1' title='image "./epistolaeadattic00ciceuoft_0225.png"; bbox 0 0 1742 3006; ppageno 0'>
   <div class='ocr_carea' id='block_1_1' title="bbox 597 103 1558 152">
    <p class='ocr_par' dir='ltr' id='par_1_1' title="bbox 597 103 1558 152">
     <span class='ocr_line' id='line_1_1' title="bbox 597 103 1558 152; baseline 0.005 -6"><span class='ocrx_word' id='word_1_1' title='bbox 597 103 914 147; x_wconf 86' lang='lat' dir='ltr'><strong>EPISTOLA</strong></span> <span class='ocrx_word' id='word_1_2' title='bbox 962 105 1016 148; x_wconf 86' lang='lat' dir='ltr'>L.</span> <span class='ocrx_word' id='word_1_3' title='bbox 1077 126 1080 131; x_wconf 93' lang='lat'><em>·</em></span> <span class='ocrx_word' id='word_1_4' title='bbox 1465 104 1558 152; x_wconf 81' lang='lat'>209</span> 
     </span>
    </p>
   </div>
   <div class='ocr_carea' id='block_1_2' title="bbox 0 215 1563 1328">
    <p class='ocr_par' dir='ltr' id='par_1_2' title="bbox 0 215 1563 1328">
     <span class='ocr_line' id='line_1_2' title="bbox 68 215 1557 273; baseline -0.003 -11"><span class='ocrx_word' id='word_1_5' title='bbox 68 221 166 273; x_wconf 87' lang='lat' dir='ltr'>lus,</span> <span class='ocrx_word' id='word_1_6' title='bbox 197 218 394 260; x_wconf 86' lang='lat' dir='ltr'>flaminis</span> <span class='ocrx_word' id='word_1_7' title='bbox 424 216 572 268; x_wconf 88' lang='lat' dir='ltr'>filius,</span> <span class='ocrx_word' id='word_1_8' title='bbox 602 217 786 258; x_wconf 88' lang='lat' dir='ltr'>conscio</span> <span class='ocrx_word' id='word_1_9' title='bbox 807 220 950 272; x_wconf 84' lang='lat' dir='ltr'>patre.</span> <span class='ocrx_word' id='word_1_10' title='bbox 1010 217 1179 258; x_wconf 78' lang='lat' dir='ltr'>Postea</span> <span class='ocrx_word' id='word_1_11' title='bbox 1200 216 1249 259; x_wconf 87' lang='lat' dir='ltr'>C.</span> <span class='ocrx_word' id='word_1_12' title='bbox 1273 215 1557 271; x_wconf 79' lang='lat' dir='ltr'>Septimium,</span> 
     </span>
     <span class='ocr_line' id='line_1_3' title="bbox 0 273 1554 328; baseline -0.003 -11"><span class='ocrx_word' id='word_1_13' title='bbox 0 303 9 321; x_wconf 74' lang='grc'>,.</span> <span class='ocrx_word' id='word_1_14' title='bbox 68 277 268 317; x_wconf 85' lang='lat' dir='ltr'>scribam</span> <span class='ocrx_word' id='word_1_15' title='bbox 296 273 473 326; x_wconf 82' lang='lat' dir='ltr'>Bibuli,</span> <span class='ocrx_word' id='word_1_16' title='bbox 511 273 752 328; x_wconf 86' lang='lat' dir='ltr'>pugionem</span> <span class='ocrx_word' id='word_1_17' title='bbox 781 274 870 314; x_wconf 91' lang='lat' dir='ltr'>sibi</span> <span class='ocrx_word' id='word_1_18' title='bbox 908 287 935 313; x_wconf 89' lang='lat' dir='ltr'>a</span> <span class='ocrx_word' id='word_1_19' title='bbox 963 273 1128 314; x_wconf 88' lang='lat' dir='ltr'>Bibulo</span> <span class='ocrx_word' id='word_1_20' title='bbox 1160 273 1393 315; x_wconf 82' lang='lat' dir='ltr'>attulisse:</span> <span class='ocrx_word' id='word_1_21' title='bbox 1435 274 1554 328; x_wconf 93' lang='lat' dir='ltr'>quod</span> 
     </span>
     <span class='ocr_line' id='line_1_4' title="bbox 26 328 1556 384; baseline -0.003 -11"><span class='ocrx_word' id='word_1_22' title='bbox 26 357 28 362; x_wconf 93' lang='lat'><em>·</em></span> <span class='ocrx_word' id='word_1_23' title='bbox 69 335 214 373; x_wconf 87' lang='lat' dir='ltr'>totum</span> <span class='ocrx_word' id='word_1_24' title='bbox 254 331 438 372; x_wconf 84' lang='lat' dir='ltr'>irrisum</span> <span class='ocrx_word' id='word_1_25' title='bbox 471 332 584 381; x_wconf 83' lang='lat' dir='ltr'>est,</span> <span class='ocrx_word' id='word_1_26' title='bbox 632 328 793 370; x_wconf 90' lang='lat' dir='ltr'>Vettio</span> <span class='ocrx_word' id='word_1_27' title='bbox 832 330 1073 384; x_wconf 85' lang='lat' dir='ltr'>pugionem</span> <span class='ocrx_word' id='word_1_28' title='bbox 1114 329 1332 381; x_wconf 80' lang='lat' dir='ltr'>defuisse,</span> <span class='ocrx_word' id='word_1_29' title='bbox 1383 330 1473 370; x_wconf 91' lang='lat' dir='ltr'>nisi</span> <span class='ocrx_word' id='word_1_30' title='bbox 1513 330 1556 369; x_wconf 87' lang='lat' dir='ltr'>ei</span> 
     </span>
     <span class='ocr_line' id='line_1_5' title="bbox 26 384 1555 439; baseline -0.003 -10"><span class='ocrx_word' id='word_1_31' title='bbox 26 415 27 418; x_wconf 57' lang='lat'><em>=</em></span> <span class='ocrx_word' id='word_1_32' title='bbox 71 387 227 430; x_wconf 85' lang='lat' dir='ltr'>consul</span> <span class='ocrx_word' id='word_1_33' title='bbox 260 386 483 432; x_wconf 77' lang='lat' dir='ltr'>dedisset3</span> <span class='ocrx_word' id='word_1_34' title='bbox 523 398 665 439; x_wconf 89' lang='lat' dir='ltr'>eoque</span> <span class='ocrx_word' id='word_1_35' title='bbox 693 385 837 439; x_wconf 84' lang='lat' dir='ltr'>magis</span> <span class='ocrx_word' id='word_1_36' title='bbox 867 385 917 425; x_wconf 89' lang='lat' dir='ltr'>id</span> <span class='ocrx_word' id='word_1_37' title='bbox 948 385 1141 426; x_wconf 89' lang='lat' dir='ltr'>eiectum</span> <span class='ocrx_word' id='word_1_38' title='bbox 1171 390 1260 438; x_wconf 80' lang='lat' dir='ltr'>est,</span> <span class='ocrx_word' id='word_1_39' title='bbox 1290 384 1412 439; x_wconf 87' lang='lat' dir='ltr'>quod</span> <span class='ocrx_word' id='word_1_40' title='bbox 1441 398 1480 426; x_wconf 86' lang='lat' dir='ltr'>a.</span> <span class='ocrx_word' id='word_1_41' title='bbox 1513 385 1555 425; x_wconf 90' lang='lat' dir='ltr'>d.</span> 
     </span>
     <span class='ocr_line' id='line_1_6' title="bbox 27 439 1556 494; baseline 0.001 -13"><span class='ocrx_word' id='word_1_42' title='bbox 27 452 30 481; x_wconf 55' lang='grc' dir='ltr'>ζ</span> <span class='ocrx_word' id='word_1_43' title='bbox 69 443 158 485; x_wconf 86' lang='grc' dir='ltr'><strong>ΙΙΙ.</strong></span> <span class='ocrx_word' id='word_1_44' title='bbox 199 442 268 483; x_wconf 89' lang='lat' dir='ltr'>Id.</span> <span class='ocrx_word' id='word_1_45' title='bbox 303 441 412 483; x_wconf 83' lang='lat' dir='ltr'>Mai.</span> <span class='ocrx_word' id='word_1_46' title='bbox 453 439 643 482; x_wconf 88' lang='lat' dir='ltr'>Bibulus</span> <span class='ocrx_word' id='word_1_47' title='bbox 683 440 953 494; x_wconf 88' lang='lat' dir='ltr'>Pompeium</span> <span class='ocrx_word' id='word_1_48' title='bbox 991 440 1163 481; x_wconf 77' lang='lat' dir='ltr'>fecerat</span> <span class='ocrx_word' id='word_1_49' title='bbox 1203 442 1469 493; x_wconf 83' lang='lat' dir='ltr'>certiorem,</span> <span class='ocrx_word' id='word_1_50' title='bbox 1507 445 1556 492; x_wconf 80' lang='lat' dir='ltr'>ut</span> 
     </span>
     <span class='ocr_line' id='line_1_7' title="bbox 18 496 1556 552; baseline -0.003 -11"><span class='ocrx_word' id='word_1_51' title='bbox 18 503 19 506; x_wconf 75' lang='grc'>’</span> <span class='ocrx_word' id='word_1_52' title='bbox 71 502 255 541; x_wconf 81' lang='lat' dir='ltr'>caveret</span> <span class='ocrx_word' id='word_1_53' title='bbox 282 496 500 547; x_wconf 86' lang='lat' dir='ltr'>insidias;</span> <span class='ocrx_word' id='word_1_54' title='bbox 530 497 577 536; x_wconf 91' lang='lat' dir='ltr'>in</span> <span class='ocrx_word' id='word_1_55' title='bbox 607 510 696 551; x_wconf 89' lang='lat' dir='ltr'>quo</span> <span class='ocrx_word' id='word_1_56' title='bbox 727 498 769 537; x_wconf 92' lang='lat' dir='ltr'>ei</span> <span class='ocrx_word' id='word_1_57' title='bbox 798 497 1041 552; x_wconf 90' lang='lat' dir='ltr'>Pompeius</span> <span class='ocrx_word' id='word_1_58' title='bbox 1065 497 1236 551; x_wconf 81' lang='lat' dir='ltr'>gratias</span> <span class='ocrx_word' id='word_1_59' title='bbox 1256 501 1423 551; x_wconf 83' lang='lat' dir='ltr'>egerat.</span> <span class='ocrx_word' id='word_1_60' title='bbox 1480 496 1556 537; x_wconf 89' lang='lat' dir='ltr'>In-</span> 
     </span>
     <span class='ocr_line' id='line_1_8' title="bbox 30 551 1556 611; baseline -0.002 -14"><span class='ocrx_word' id='word_1_61' title='bbox 30 600 34 611; x_wconf 44' lang='lat'><em>„</em></span> <span class='ocrx_word' id='word_1_62' title='bbox 70 555 307 597; x_wconf 82' lang='lat' dir='ltr'>troductus</span> <span class='ocrx_word' id='word_1_63' title='bbox 336 552 477 594; x_wconf 89' lang='lat' dir='ltr'>Curio</span> <span class='ocrx_word' id='word_1_64' title='bbox 506 551 632 595; x_wconf 89' lang='lat' dir='ltr'>filius</span> <span class='ocrx_word' id='word_1_65' title='bbox 661 552 783 593; x_wconf 84' lang='lat' dir='ltr'>dixit</span> <span class='ocrx_word' id='word_1_66' title='bbox 813 553 868 594; x_wconf 90' lang='lat' dir='ltr'>ad</span> <span class='ocrx_word' id='word_1_67' title='bbox 902 566 976 606; x_wconf 83' lang='lat' dir='ltr'>ea,</span> <span class='ocrx_word' id='word_1_68' title='bbox 1007 566 1120 607; x_wconf 90' lang='lat' dir='ltr'>quae</span> <span class='ocrx_word' id='word_1_69' title='bbox 1144 551 1327 593; x_wconf 88' lang='lat' dir='ltr'>Vettius</span> <span class='ocrx_word' id='word_1_70' title='bbox 1349 552 1556 594; x_wconf 84' lang='lat' dir='ltr'>dixerat:</span> 
     </span>
     <span class='ocr_line' id='line_1_9' title="bbox 30 607 1557 663; baseline -0.002 -12.014"><span class='ocrx_word' id='word_1_71' title='bbox 30 613 33 621; x_wconf 81' lang='grc'><strong><em>’</em></strong></span> <span class='ocrx_word' id='word_1_72' title='bbox 70 611 356 663; x_wconf 80' lang='lat' dir='ltr'>maximeque</span> <span class='ocrx_word' id='word_1_73' title='bbox 385 610 432 648; x_wconf 88' lang='lat' dir='ltr'>in</span> <span class='ocrx_word' id='word_1_74' title='bbox 463 621 515 654; x_wconf 87' lang='lat' dir='ltr'>eo</span> <span class='ocrx_word' id='word_1_75' title='bbox 557 612 652 649; x_wconf 88' lang='lat' dir='ltr'>tum</span> <span class='ocrx_word' id='word_1_76' title='bbox 690 609 873 663; x_wconf 87' lang='lat' dir='ltr'>quidem</span> <span class='ocrx_word' id='word_1_77' title='bbox 910 609 1096 650; x_wconf 85' lang='lat' dir='ltr'>Vettius</span> <span class='ocrx_word' id='word_1_78' title='bbox 1137 612 1206 649; x_wconf 88' lang='lat' dir='ltr'>est</span> <span class='ocrx_word' id='word_1_79' title='bbox 1245 607 1557 662; x_wconf 82' lang='lat' dir='ltr'>reprehensus,</span> 
     </span>
     <span class='ocr_line' id='line_1_10' title="bbox 35 663 1559 721; baseline -0.002 -14.023"><span class='ocrx_word' id='word_1_80' title='bbox 35 702 36 705; x_wconf 70' lang='grc'>,</span> <span class='ocrx_word' id='word_1_81' title='bbox 72 666 195 721; x_wconf 89' lang='lat' dir='ltr'>quod</span> <span class='ocrx_word' id='word_1_82' title='bbox 223 665 408 706; x_wconf 83' lang='lat' dir='ltr'>dixerat</span> <span class='ocrx_word' id='word_1_83' title='bbox 437 664 792 705; x_wconf 86' lang='lat' dir='ltr'>adolescentium</span> <span class='ocrx_word' id='word_1_84' title='bbox 836 665 1102 716; x_wconf 81' lang='lat' dir='ltr'>consilium,</span> <span class='ocrx_word' id='word_1_85' title='bbox 1142 668 1192 705; x_wconf 86' lang='lat' dir='ltr'>ut</span> <span class='ocrx_word' id='word_1_86' title='bbox 1233 664 1290 710; x_wconf 23' lang='lat' dir='ltr'>in,</span> <span class='ocrx_word' id='word_1_87' title='bbox 1319 663 1420 705; x_wconf 86' lang='lat' dir='ltr'>foro</span> <span class='ocrx_word' id='word_1_88' title='bbox 1459 677 1559 704; x_wconf 91' lang='lat' dir='ltr'>cum</span> 
     </span>
     <span class='ocr_line' id='line_1_11' title="bbox 21 720 1558 777; baseline -0.001 -16"><span class='ocrx_word' id='word_1_89' title='bbox 21 729 26 734; x_wconf 87' lang='lat'>&#39;</span> <span class='ocrx_word' id='word_1_90' title='bbox 72 721 403 777; x_wconf 83' lang='lat' dir='ltr'>gladiatoribus</span> <span class='ocrx_word' id='word_1_91' title='bbox 434 720 619 761; x_wconf 85' lang='lat' dir='ltr'>Gabinii</span> <span class='ocrx_word' id='word_1_92' title='bbox 648 720 916 775; x_wconf 89' lang='lat' dir='ltr'>Pompeium</span> <span class='ocrx_word' id='word_1_93' title='bbox 945 720 1259 770; x_wconf 85' lang='lat' dir='ltr'>adorirentur3</span> <span class='ocrx_word' id='word_1_94' title='bbox 1290 720 1336 760; x_wconf 90' lang='lat' dir='ltr'>in</span> <span class='ocrx_word' id='word_1_95' title='bbox 1360 734 1412 761; x_wconf 89' lang='lat' dir='ltr'>eo</span> <span class='ocrx_word' id='word_1_96' title='bbox 1434 721 1558 774; x_wconf 90' lang='lat' dir='ltr'>prin-</span> 
     </span>
     <span class='ocr_line' id='line_1_12' title="bbox 73 775 1560 831; baseline -0.002 -13.107"><span class='ocrx_word' id='word_1_97' title='bbox 73 778 220 831; x_wconf 84' lang='lat' dir='ltr'>cipem</span> <span class='ocrx_word' id='word_1_98' title='bbox 258 776 473 818; x_wconf 89' lang='lat' dir='ltr'>Paullum</span> <span class='ocrx_word' id='word_1_99' title='bbox 510 775 673 828; x_wconf 81' lang='lat' dir='ltr'>fuisse,</span> <span class='ocrx_word' id='word_1_100' title='bbox 727 791 858 831; x_wconf 89' lang='lat' dir='ltr'>quem</span> <span class='ocrx_word' id='word_1_101' title='bbox 901 777 1134 818; x_wconf 84' lang='lat' dir='ltr'>constabat</span> <span class='ocrx_word' id='word_1_102' title='bbox 1175 789 1227 817; x_wconf 91' lang='lat' dir='ltr'>eo</span> <span class='ocrx_word' id='word_1_103' title='bbox 1273 779 1472 829; x_wconf 88' lang='lat' dir='ltr'>tempore</span> <span class='ocrx_word' id='word_1_104' title='bbox 1514 777 1560 815; x_wconf 90' lang='lat' dir='ltr'>in</span> 
     </span>
     <span class='ocr_line' id='line_1_13' title="bbox 33 831 1559 888; baseline -0.001 -15.014"><span class='ocrx_word' id='word_1_105' title='bbox 33 876 35 888; x_wconf 23' lang='grc'>1</span> <span class='ocrx_word' id='word_1_106' title='bbox 74 831 347 873; x_wconf 84' lang='lat' dir='ltr'>Macedonia</span> <span class='ocrx_word' id='word_1_107' title='bbox 392 831 541 873; x_wconf 88' lang='lat' dir='ltr'>fuisse.</span> <span class='ocrx_word' id='word_1_108' title='bbox 609 833 687 873; x_wconf 87' lang='lat' dir='ltr'>Fit</span> <span class='ocrx_word' id='word_1_109' title='bbox 725 838 904 874; x_wconf 84' lang='lat' dir='ltr'>senatus</span> <span class='ocrx_word' id='word_1_110' title='bbox 946 832 1221 884; x_wconf 81' lang='lat' dir='ltr'>consultum,</span> <span class='ocrx_word' id='word_1_111' title='bbox 1267 836 1316 872; x_wconf 89' lang='lat' dir='ltr'>ut</span> <span class='ocrx_word' id='word_1_112' title='bbox 1359 831 1559 883; x_wconf 83' lang='lat' dir='ltr'>Vettius,</span> 
     </span>
     <span class='ocr_line' id='line_1_14' title="bbox 73 886 1560 943; baseline -0.001 -15"><span class='ocrx_word' id='word_1_113' title='bbox 73 888 195 943; x_wconf 88' lang='lat' dir='ltr'>quod</span> <span class='ocrx_word' id='word_1_114' title='bbox 225 887 453 930; x_wconf 89' lang='lat' dir='ltr'>confessus</span> <span class='ocrx_word' id='word_1_115' title='bbox 484 891 607 934; x_wconf 84' lang='lat' dir='ltr'>esset</span> <span class='ocrx_word' id='word_1_116' title='bbox 630 901 677 929; x_wconf 88' lang='lat' dir='ltr'>se</span> <span class='ocrx_word' id='word_1_117' title='bbox 708 901 808 929; x_wconf 92' lang='lat' dir='ltr'>cum</span> <span class='ocrx_word' id='word_1_118' title='bbox 838 888 931 929; x_wconf 83' lang='lat' dir='ltr'>telo</span> <span class='ocrx_word' id='word_1_119' title='bbox 962 886 1124 939; x_wconf 82' lang='lat' dir='ltr'>fuisse,</span> <span class='ocrx_word' id='word_1_120' title='bbox 1163 887 1210 927; x_wconf 91' lang='lat' dir='ltr'>in</span> <span class='ocrx_word' id='word_1_121' title='bbox 1238 887 1425 936; x_wconf 82' lang='lat' dir='ltr'>vincula</span> <span class='ocrx_word' id='word_1_122' title='bbox 1455 900 1560 928; x_wconf 91' lang='lat' dir='ltr'>con-</span> 
     </span>
     <span class='ocr_line' id='line_1_15' title="bbox 30 943 1561 999; baseline -0.001 -15"><span class='ocrx_word' id='word_1_123' title='bbox 30 970 34 980; x_wconf 68' lang='lat'><strong>»</strong></span> <span class='ocrx_word' id='word_1_124' title='bbox 73 945 315 986; x_wconf 85' lang='lat' dir='ltr'>iiceretur:</span> <span class='ocrx_word' id='word_1_125' title='bbox 354 944 431 999; x_wconf 90' lang='lat' dir='ltr'>qui</span> <span class='ocrx_word' id='word_1_126' title='bbox 461 957 559 984; x_wconf 89' lang='lat' dir='ltr'>eum</span> <span class='ocrx_word' id='word_1_127' title='bbox 589 944 839 997; x_wconf 79' lang='lat' dir='ltr'>emisisset,</span> <span class='ocrx_word' id='word_1_128' title='bbox 879 947 1036 985; x_wconf 84' lang='lat' dir='ltr'>contra</span> <span class='ocrx_word' id='word_1_129' title='bbox 1065 957 1159 983; x_wconf 89' lang='lat' dir='ltr'>rem</span> <span class='ocrx_word' id='word_1_130' title='bbox 1197 943 1424 996; x_wconf 88' lang='lat' dir='ltr'>publicam</span> <span class='ocrx_word' id='word_1_131' title='bbox 1465 956 1561 982; x_wconf 90' lang='lat' dir='ltr'>esse</span> 
     </span>
     <span class='ocr_line' id='line_1_16' title="bbox 18 998 1561 1055; baseline -0.001 -15"><span class='ocrx_word' id='word_1_132' title='bbox 18 1033 29 1046; x_wconf 67' lang='lat'><em>„</em></span> <span class='ocrx_word' id='word_1_133' title='bbox 73 999 312 1041; x_wconf 82' lang='lat' dir='ltr'>facturum.</span> <span class='ocrx_word' id='word_1_134' title='bbox 379 998 472 1041; x_wconf 85' lang='lat' dir='ltr'>Res</span> <span class='ocrx_word' id='word_1_135' title='bbox 503 1004 601 1040; x_wconf 84' lang='lat' dir='ltr'>erat</span> <span class='ocrx_word' id='word_1_136' title='bbox 629 1000 676 1040; x_wconf 94' lang='lat' dir='ltr'>in</span> <span class='ocrx_word' id='word_1_137' title='bbox 706 1013 760 1040; x_wconf 86' lang='lat' dir='ltr'>ea</span> <span class='ocrx_word' id='word_1_138' title='bbox 788 1001 1025 1055; x_wconf 81' lang='lat' dir='ltr'>opinione,</span> <span class='ocrx_word' id='word_1_139' title='bbox 1067 1002 1118 1039; x_wconf 85' lang='lat' dir='ltr'>ut</span> <span class='ocrx_word' id='word_1_140' title='bbox 1146 1001 1356 1052; x_wconf 87' lang='lat' dir='ltr'>putarent</span> <span class='ocrx_word' id='word_1_141' title='bbox 1386 998 1436 1038; x_wconf 88' lang='lat' dir='ltr'>id</span> <span class='ocrx_word' id='word_1_142' title='bbox 1465 1011 1561 1038; x_wconf 89' lang='lat' dir='ltr'>esse</span> 
     </span>
     <span class='ocr_line' id='line_1_17' title="bbox 25 1054 1562 1110; baseline -0.003 -13"><span class='ocrx_word' id='word_1_143' title='bbox 25 1057 27 1060; x_wconf 83' lang='grc'><strong>’</strong></span> <span class='ocrx_word' id='word_1_144' title='bbox 74 1060 251 1108; x_wconf 84' lang='lat' dir='ltr'>actum,</span> <span class='ocrx_word' id='word_1_145' title='bbox 295 1058 345 1096; x_wconf 88' lang='lat' dir='ltr'>ut</span> <span class='ocrx_word' id='word_1_146' title='bbox 384 1055 568 1096; x_wconf 88' lang='lat' dir='ltr'>Vettius</span> <span class='ocrx_word' id='word_1_147' title='bbox 605 1055 653 1096; x_wconf 88' lang='lat' dir='ltr'>in</span> <span class='ocrx_word' id='word_1_148' title='bbox 692 1055 794 1097; x_wconf 87' lang='lat' dir='ltr'>soro</span> <span class='ocrx_word' id='word_1_149' title='bbox 834 1070 935 1097; x_wconf 89' lang='lat' dir='ltr'>cum</span> <span class='ocrx_word' id='word_1_150' title='bbox 972 1055 1166 1110; x_wconf 84' lang='lat' dir='ltr'>pugione</span> <span class='ocrx_word' id='word_1_151' title='bbox 1205 1058 1250 1094; x_wconf 86' lang='lat' dir='ltr'>et</span> <span class='ocrx_word' id='word_1_152' title='bbox 1291 1055 1401 1094; x_wconf 88' lang='lat' dir='ltr'>item</span> <span class='ocrx_word' id='word_1_153' title='bbox 1441 1054 1562 1094; x_wconf 86' lang='lat' dir='ltr'>servi</span> 
     </span>
     <span class='ocr_line' id='line_1_18' title="bbox 74 1109 1563 1166; baseline -0.002 -14"><span class='ocrx_word' id='word_1_154' title='bbox 74 1112 172 1152; x_wconf 86' lang='lat' dir='ltr'>eius</span> <span class='ocrx_word' id='word_1_155' title='bbox 203 1110 692 1166; x_wconf 85' lang='lat' dir='ltr'>comprehenderentur</span> <span class='ocrx_word' id='word_1_156' title='bbox 721 1125 821 1152; x_wconf 89' lang='lat' dir='ltr'>cum</span> <span class='ocrx_word' id='word_1_157' title='bbox 850 1112 981 1163; x_wconf 79' lang='lat' dir='ltr'>telis,</span> <span class='ocrx_word' id='word_1_158' title='bbox 1012 1110 1177 1152; x_wconf 86' lang='lat' dir='ltr'>deinde</span> <span class='ocrx_word' id='word_1_159' title='bbox 1200 1110 1283 1150; x_wconf 88' lang='lat' dir='ltr'>ille</span> <span class='ocrx_word' id='word_1_160' title='bbox 1307 1124 1354 1150; x_wconf 89' lang='lat' dir='ltr'>se</span> <span class='ocrx_word' id='word_1_161' title='bbox 1387 1109 1563 1150; x_wconf 87' lang='lat' dir='ltr'>diceret</span> 
     </span>
     <span class='ocr_line' id='line_1_19' title="bbox 73 1166 1563 1222; baseline -0.001 -15"><span class='ocrx_word' id='word_1_162' title='bbox 73 1168 405 1217; x_wconf 76' lang='lat' dir='ltr'>indicaturum3</span> <span class='ocrx_word' id='word_1_163' title='bbox 451 1167 586 1222; x_wconf 88' lang='lat' dir='ltr'>idque</span> <span class='ocrx_word' id='word_1_164' title='bbox 616 1168 683 1208; x_wconf 89' lang='lat' dir='ltr'>ita</span> <span class='ocrx_word' id='word_1_165' title='bbox 712 1172 863 1209; x_wconf 88' lang='lat' dir='ltr'>actum</span> <span class='ocrx_word' id='word_1_166' title='bbox 892 1170 1032 1219; x_wconf 82' lang='lat' dir='ltr'>esset,</span> <span class='ocrx_word' id='word_1_167' title='bbox 1073 1167 1163 1207; x_wconf 89' lang='lat' dir='ltr'>nisi</span> <span class='ocrx_word' id='word_1_168' title='bbox 1206 1166 1427 1207; x_wconf 86' lang='lat' dir='ltr'>Curiones</span> <span class='ocrx_word' id='word_1_169' title='bbox 1469 1179 1563 1206; x_wconf 86' lang='lat' dir='ltr'>rem</span> 
     </span>
     <span class='ocr_line' id='line_1_20' title="bbox 73 1222 1563 1277; baseline -0.002 -13"><span class='ocrx_word' id='word_1_170' title='bbox 73 1227 181 1264; x_wconf 79' lang='lat' dir='ltr'>ante</span> <span class='ocrx_word' id='word_1_171' title='bbox 211 1223 268 1264; x_wconf 88' lang='lat' dir='ltr'>ad</span> <span class='ocrx_word' id='word_1_172' title='bbox 298 1222 562 1277; x_wconf 86' lang='lat' dir='ltr'>Pompeium</span> <span class='ocrx_word' id='word_1_173' title='bbox 594 1223 877 1265; x_wconf 84' lang='lat' dir='ltr'>detulissent.</span> <span class='ocrx_word' id='word_1_174' title='bbox 947 1224 1067 1265; x_wconf 90' lang='lat' dir='ltr'>Tum</span> <span class='ocrx_word' id='word_1_175' title='bbox 1097 1226 1276 1263; x_wconf 87' lang='lat' dir='ltr'>senatus</span> <span class='ocrx_word' id='word_1_176' title='bbox 1309 1222 1563 1263; x_wconf 82' lang='lat' dir='ltr'>consultum</span> 
     </span>
     <span class='ocr_line' id='line_1_21' title="bbox 74 1277 1563 1328; baseline -0.002 -9"><span class='ocrx_word' id='word_1_177' title='bbox 74 1280 124 1319; x_wconf 87' lang='lat' dir='ltr'>in</span> <span class='ocrx_word' id='word_1_178' title='bbox 154 1279 371 1320; x_wconf 90' lang='lat' dir='ltr'>concione</span> <span class='ocrx_word' id='word_1_179' title='bbox 413 1280 652 1320; x_wconf 87' lang='lat' dir='ltr'>recitatum</span> <span class='ocrx_word' id='word_1_180' title='bbox 691 1284 770 1321; x_wconf 87' lang='lat' dir='ltr'>est.</span> <span class='ocrx_word' id='word_1_181' title='bbox 841 1280 1036 1321; x_wconf 87' lang='lat' dir='ltr'>Postero</span> <span class='ocrx_word' id='word_1_182' title='bbox 1077 1282 1226 1318; x_wconf 84' lang='lat' dir='ltr'>autem</span> <span class='ocrx_word' id='word_1_183' title='bbox 1267 1277 1341 1318; x_wconf 91' lang='lat' dir='ltr'>die</span> <span class='ocrx_word' id='word_1_184' title='bbox 1382 1278 1563 1328; x_wconf 78' lang='lat' dir='ltr'>Caesar,</span> 
     </span>
    </p>
   </div>
   <div class='ocr_carea' id='block_1_3' title="bbox 0 0 43 1958">
    <p class='ocr_par' dir='ltr' id='par_1_3' title="bbox 0 0 43 1958">
     <span class='ocr_line' id='line_1_22' title="bbox 0 0 43 1958; baseline 0 0"><span class='ocrx_word' id='word_1_185' title='bbox 0 0 43 1958; x_wconf 95' lang='lat' dir='ltr'>  </span> 
     </span>
    </p>
   </div>
   <div class='ocr_carea' id='block_1_4' title="bbox 98 1345 1565 1374">
    <p class='ocr_par' dir='ltr' id='par_1_4' title="bbox 98 1345 1565 1374">
     <span class='ocr_line' id='line_1_23' title="bbox 98 1345 1565 1374; baseline 0 0"><span class='ocrx_word' id='word_1_186' title='bbox 98 1345 1565 1374; x_wconf 95' lang='lat' dir='ltr'> </span> 
     </span>
    </p>
   </div>
   <div class='ocr_carea' id='block_1_5' title="bbox 76 1393 1569 1777">
    <p class='ocr_par' dir='ltr' id='par_1_5' title="bbox 76 1393 1569 1777">
     <span class='ocr_line' id='line_1_24' title="bbox 77 1393 1563 1438; baseline -0.002 -9"><span class='ocrx_word' id='word_1_187' title='bbox 77 1397 124 1429; x_wconf 77' lang='lat' dir='ltr'>ad</span> <span class='ocrx_word' id='word_1_188' title='bbox 149 1397 279 1430; x_wconf 80' lang='lat' dir='ltr'>Famil.</span> <span class='ocrx_word' id='word_1_189' title='bbox 307 1397 389 1438; x_wconf 84' lang='lat' dir='ltr'>VII,</span> <span class='ocrx_word' id='word_1_190' title='bbox 416 1398 471 1431; x_wconf 83' lang='lat'>21.</span> <span class='ocrx_word' id='word_1_191' title='bbox 500 1416 543 1422; x_wconf 93' lang='lat'><strong>—</strong></span> <span class='ocrx_word' id='word_1_192' title='bbox 570 1395 762 1430; x_wconf 79' lang='lat' dir='ltr'>Flaminis.</span> <span class='ocrx_word' id='word_1_193' title='bbox 813 1395 947 1428; x_wconf 79' lang='lat' dir='ltr'>Dieser</span> <span class='ocrx_word' id='word_1_194' title='bbox 972 1407 1051 1428; x_wconf 80' lang='lat' dir='ltr'>war</span> <span class='ocrx_word' id='word_1_195' title='bbox 1079 1395 1118 1427; x_wconf 77' lang='lat' dir='ltr'>L.</span> <span class='ocrx_word' id='word_1_196' title='bbox 1150 1393 1345 1427; x_wconf 86' lang='lat' dir='ltr'>Cornelius</span> <span class='ocrx_word' id='word_1_197' title='bbox 1372 1393 1563 1431; x_wconf 84' lang='lat' dir='ltr'>Lentulus,</span> 
     </span>
     <span class='ocr_line' id='line_1_25' title="bbox 76 1441 1566 1486; baseline -0.003 -8"><span class='ocrx_word' id='word_1_198' title='bbox 76 1445 245 1478; x_wconf 86' lang='lat' dir='ltr'>Priester</span> <span class='ocrx_word' id='word_1_199' title='bbox 271 1444 334 1478; x_wconf 82' lang='lat' dir='ltr'>des</span> <span class='ocrx_word' id='word_1_200' title='bbox 360 1446 466 1478; x_wconf 81' lang='lat' dir='ltr'>Mars</span> <span class='ocrx_word' id='word_1_201' title='bbox 491 1445 662 1484; x_wconf 83' lang='lat' dir='ltr'>(Flamen</span> <span class='ocrx_word' id='word_1_202' title='bbox 689 1444 908 1485; x_wconf 79' lang='lat' dir='ltr'>Martialis).</span> <span class='ocrx_word' id='word_1_203' title='bbox 957 1444 1013 1477; x_wconf 82' lang='lat' dir='ltr'>Er</span> <span class='ocrx_word' id='word_1_204' title='bbox 1037 1442 1184 1477; x_wconf 82' lang='lat' dir='ltr'>bewarb</span> <span class='ocrx_word' id='word_1_205' title='bbox 1206 1442 1286 1475; x_wconf 86' lang='lat' dir='ltr'>sich</span> <span class='ocrx_word' id='word_1_206' title='bbox 1307 1441 1477 1486; x_wconf 85' lang='lat' dir='ltr'>zugleich</span> <span class='ocrx_word' id='word_1_207' title='bbox 1496 1442 1566 1474; x_wconf 88' lang='lat' dir='ltr'>mit</span> 
     </span>
     <span class='ocr_line' id='line_1_26' title="bbox 79 1490 1565 1538; baseline -0.001 -14"><span class='ocrx_word' id='word_1_208' title='bbox 79 1493 151 1525; x_wconf 86' lang='lat' dir='ltr'>den</span> <span class='ocrx_word' id='word_1_209' title='bbox 178 1492 315 1526; x_wconf 83' lang='lat' dir='ltr'>beiden</span> <span class='ocrx_word' id='word_1_210' title='bbox 343 1492 589 1538; x_wconf 81' lang='lat' dir='ltr'>Giinstlingen</span> <span class='ocrx_word' id='word_1_211' title='bbox 616 1505 649 1526; x_wconf 93' lang='lat' dir='ltr'>u.</span> <span class='ocrx_word' id='word_1_212' title='bbox 676 1492 906 1538; x_wconf 69' lang='lat' dir='ltr'>Anhtingern</span> <span class='ocrx_word' id='word_1_213' title='bbox 935 1492 998 1524; x_wconf 85' lang='lat' dir='ltr'>des</span> <span class='ocrx_word' id='word_1_214' title='bbox 1025 1492 1180 1531; x_wconf 59' lang='lat' dir='ltr'>Castus,-</span> <span class='ocrx_word' id='word_1_215' title='bbox 1218 1490 1289 1523; x_wconf 83' lang='lat' dir='ltr'>mit</span> <span class='ocrx_word' id='word_1_216' title='bbox 1314 1491 1400 1523; x_wconf 88' lang='lat' dir='ltr'>Piso</span> <span class='ocrx_word' id='word_1_217' title='bbox 1427 1501 1458 1522; x_wconf 88' lang='lat' dir='ltr'>u.</span> <span class='ocrx_word' id='word_1_218' title='bbox 1489 1490 1565 1523; x_wconf 83' lang='lat' dir='ltr'>Ga-</span> 
     </span>
     <span class='ocr_line' id='line_1_27' title="bbox 77 1538 1567 1581; baseline -0.003 -8"><span class='ocrx_word' id='word_1_219' title='bbox 77 1541 222 1581; x_wconf 82' lang='lat' dir='ltr'>binius,</span> <span class='ocrx_word' id='word_1_220' title='bbox 265 1552 328 1574; x_wconf 89' lang='lat' dir='ltr'>um</span> <span class='ocrx_word' id='word_1_221' title='bbox 355 1540 418 1573; x_wconf 79' lang='lat' dir='ltr'>das</span> <span class='ocrx_word' id='word_1_222' title='bbox 446 1541 633 1577; x_wconf 74' lang='lat' dir='ltr'>Consulat.</span> <span class='ocrx_word' id='word_1_223' title='bbox 685 1543 758 1575; x_wconf 88' lang='lat' dir='ltr'>Um</span> <span class='ocrx_word' id='word_1_224' title='bbox 785 1552 860 1572; x_wconf 85' lang='lat' dir='ltr'>nun</span> <span class='ocrx_word' id='word_1_225' title='bbox 884 1540 991 1573; x_wconf 87' lang='lat' dir='ltr'>einen</span> <span class='ocrx_word' id='word_1_226' title='bbox 1019 1539 1170 1573; x_wconf 86' lang='lat' dir='ltr'>solchen</span> <span class='ocrx_word' id='word_1_227' title='bbox 1199 1538 1474 1573; x_wconf 79' lang='lat' dir='ltr'>Mitbewerber</span> <span class='ocrx_word' id='word_1_228' title='bbox 1500 1538 1567 1571; x_wconf 77' lang='lat' dir='ltr'>auf</span> 
     </span>
     <span class='ocr_line' id='line_1_28' title="bbox 81 1585 1564 1629; baseline -0.002 -8"><span class='ocrx_word' id='word_1_229' title='bbox 81 1589 143 1621; x_wconf 84' lang='lat' dir='ltr'>die</span> <span class='ocrx_word' id='word_1_230' title='bbox 170 1590 271 1622; x_wconf 81' lang='lat' dir='ltr'>Seite</span> <span class='ocrx_word' id='word_1_231' title='bbox 297 1600 341 1622; x_wconf 89' lang='lat' dir='ltr'>zu</span> <span class='ocrx_word' id='word_1_232' title='bbox 366 1587 551 1629; x_wconf 66' lang='lat' dir='ltr'>schaffm,</span> <span class='ocrx_word' id='word_1_233' title='bbox 579 1588 760 1622; x_wconf 83' lang='lat' dir='ltr'>machten</span> <span class='ocrx_word' id='word_1_234' title='bbox 790 1588 849 1620; x_wconf 78' lang='lat' dir='ltr'>die</span> <span class='ocrx_word' id='word_1_235' title='bbox 866 1587 1045 1621; x_wconf 81' lang='lat' dir='ltr'>Erfinder</span> <span class='ocrx_word' id='word_1_236' title='bbox 1064 1588 1189 1620; x_wconf 83' lang='lat' dir='ltr'>dieser</span> <span class='ocrx_word' id='word_1_237' title='bbox 1215 1585 1452 1620; x_wconf 80' lang='lat' dir='ltr'>erdichteten</span> <span class='ocrx_word' id='word_1_238' title='bbox 1472 1585 1564 1618; x_wconf 73' lang='lat' dir='ltr'>Ver-</span> 
     </span>
     <span class='ocr_line' id='line_1_29' title="bbox 80 1633 1568 1681; baseline -0.002 -12"><span class='ocrx_word' id='word_1_239' title='bbox 80 1636 304 1681; x_wconf 74' lang='lat' dir='ltr'>schwiirung</span> <span class='ocrx_word' id='word_1_240' title='bbox 338 1635 406 1668; x_wconf 88' lang='lat' dir='ltr'>den</span> <span class='ocrx_word' id='word_1_241' title='bbox 443 1636 590 1670; x_wconf 81' lang='lat' dir='ltr'>Vettius</span> <span class='ocrx_word' id='word_1_242' title='bbox 615 1637 697 1677; x_wconf 83' lang='lat' dir='ltr'>auf,</span> <span class='ocrx_word' id='word_1_243' title='bbox 739 1636 798 1669; x_wconf 88' lang='lat' dir='ltr'>die</span> <span class='ocrx_word' id='word_1_244' title='bbox 831 1636 966 1669; x_wconf 84' lang='lat' dir='ltr'>beiden</span> <span class='ocrx_word' id='word_1_245' title='bbox 1002 1636 1205 1676; x_wconf 81' lang='lat' dir='ltr'>Lentulus,</span> <span class='ocrx_word' id='word_1_246' title='bbox 1239 1636 1358 1668; x_wconf 70' lang='lat' dir='ltr'>Vater</span> <span class='ocrx_word' id='word_1_247' title='bbox 1391 1646 1426 1668; x_wconf 89' lang='lat' dir='ltr'>u.</span> <span class='ocrx_word' id='word_1_248' title='bbox 1455 1633 1568 1673; x_wconf 85' lang='lat' dir='ltr'>Solm,</span> 
     </span>
     <span class='ocr_line' id='line_1_30' title="bbox 82 1683 1569 1722; baseline -0.002 -4"><span class='ocrx_word' id='word_1_249' title='bbox 82 1686 137 1718; x_wconf 82' lang='lat' dir='ltr'>als</span> <span class='ocrx_word' id='word_1_250' title='bbox 162 1684 438 1718; x_wconf 84' lang='lat' dir='ltr'>Theilnehmer</span> <span class='ocrx_word' id='word_1_251' title='bbox 464 1696 509 1717; x_wconf 80' lang='lat' dir='ltr'>an</span> <span class='ocrx_word' id='word_1_252' title='bbox 538 1686 733 1718; x_wconf 85' lang='lat' dir='ltr'>derselben</span> <span class='ocrx_word' id='word_1_253' title='bbox 771 1695 814 1716; x_wconf 89' lang='lat' dir='ltr'>zu</span> <span class='ocrx_word' id='word_1_254' title='bbox 839 1695 997 1717; x_wconf 85' lang='lat' dir='ltr'>nennen.</span> <span class='ocrx_word' id='word_1_255' title='bbox 1049 1686 1082 1716; x_wconf 80' lang='lat' dir='ltr'>S.</span> <span class='ocrx_word' id='word_1_256' title='bbox 1107 1683 1280 1716; x_wconf 76' lang='lat' dir='ltr'>Mam-ob.</span> <span class='ocrx_word' id='word_1_257' title='bbox 1307 1683 1491 1716; x_wconf 76' lang='lat' dir='ltr'>Satin-nal.</span> <span class='ocrx_word' id='word_1_258' title='bbox 1518 1683 1569 1722; x_wconf 90' lang='lat'>11,</span> 
     </span>
     <span class='ocr_line' id='line_1_31' title="bbox 80 1731 1569 1777; baseline -0.003 -11"><span class='ocrx_word' id='word_1_259' title='bbox 80 1735 118 1769; x_wconf 77' lang='lat'>9,</span> <span class='ocrx_word' id='word_1_260' title='bbox 149 1751 186 1758; x_wconf 91' lang='lat'>—</span> <span class='ocrx_word' id='word_1_261' title='bbox 216 1733 256 1766; x_wconf 82' lang='lat' dir='ltr'>z&#39;d</span> <span class='ocrx_word' id='word_1_262' title='bbox 279 1733 432 1766; x_wconf 81' lang='lat' dir='ltr'>eiectum</span> <span class='ocrx_word' id='word_1_263' title='bbox 459 1737 523 1774; x_wconf 80' lang='lat' dir='ltr'>est,</span> <span class='ocrx_word' id='word_1_264' title='bbox 553 1733 614 1766; x_wconf 85' lang='lat' dir='ltr'>die</span> <span class='ocrx_word' id='word_1_265' title='bbox 632 1733 796 1777; x_wconf 80' lang='lat' dir='ltr'>Aussage</span> <span class='ocrx_word' id='word_1_266' title='bbox 815 1732 946 1765; x_wconf 85' lang='lat' dir='ltr'>wurde</span> <span class='ocrx_word' id='word_1_267' title='bbox 966 1732 1190 1764; x_wconf 82' lang='lat' dir='ltr'>verworfen.</span> <span class='ocrx_word' id='word_1_268' title='bbox 1216 1731 1349 1765; x_wconf 81' lang='lat' dir='ltr'>Lamb.</span> <span class='ocrx_word' id='word_1_269' title='bbox 1382 1731 1569 1771; x_wconf 74' lang='lat' dir='ltr'>reieclum3</span> 
     </span>
    </p>
   </div>
   <div class='ocr_carea' id='block_1_6' title="bbox 20 1161 54 2916">
    <p class='ocr_par' dir='ltr' id='par_1_6' title="bbox 20 1161 54 2916">
     <span class='ocr_line' id='line_1_32' title="bbox 20 1161 54 2916; baseline 0 -958"><span class='ocrx_word' id='word_1_270' title='bbox 20 1161 54 2916; x_wconf 95' lang='lat' dir='ltr'>  </span> 
     </span>
    </p>
   </div>
   <div class='ocr_carea' id='block_1_7' title="bbox 27 1105 43 1882">
    <p class='ocr_par' dir='ltr' id='par_1_7' title="bbox 27 1105 43 1882">
     <span class='ocr_line' id='line_1_33' title="bbox 27 1105 43 1882; textangle 90"><span class='ocrx_word' id='word_1_271' title='bbox 36 1877 37 1882; x_wconf 33' lang='grc' dir='ltr'><em>Α</em></span> <span class='ocrx_word' id='word_1_272' title='bbox 29 1779 33 1803; x_wconf 51' lang='lat'>&lt;22</span> <span class='ocrx_word' id='word_1_273' title='bbox 27 1750 30 1761; x_wconf 66' lang='grc'>’·</span> <span class='ocrx_word' id='word_1_274' title='bbox 28 1683 35 1729; x_wconf 41' lang='lat'>³22</span> <span class='ocrx_word' id='word_1_275' title='bbox 27 1594 34 1635; x_wconf 42' lang='grc' dir='ltr'>ΛΗ</span> <span class='ocrx_word' id='word_1_276' title='bbox 28 1380 43 1435; x_wconf 38' lang='lat'>——224</span> <span class='ocrx_word' id='word_1_277' title='bbox 29 1321 41 1358; x_wconf 40' lang='lat' dir='ltr'>m&lt;</span> <span class='ocrx_word' id='word_1_278' title='bbox 27 1303 30 1307; x_wconf 66' lang='lat'><strong>⁴</strong></span> <span class='ocrx_word' id='word_1_279' title='bbox 28 1212 41 1276; x_wconf 53' lang='lat'><em>„-—.-</em></span> <span class='ocrx_word' id='word_1_280' title='bbox 35 1105 36 1121; x_wconf 31' lang='grc' dir='ltr'><strong>ᾳ</strong></span> 
     </span>
    </p>
   </div>
   <div class='ocr_carea' id='block_1_8' title="bbox 30 1778 1571 1989">
    <p class='ocr_par' dir='ltr' id='par_1_8' title="bbox 83 1778 1570 1864">
     <span class='ocr_line' id='line_1_34' title="bbox 83 1778 1570 1823; baseline -0.002 -10"><span class='ocrx_word' id='word_1_281' title='bbox 83 1781 142 1814; x_wconf 83' lang='lat' dir='ltr'>ein</span> <span class='ocrx_word' id='word_1_282' title='bbox 182 1781 328 1819; x_wconf 74' lang='lat' dir='ltr'>Unbek.</span> <span class='ocrx_word' id='word_1_283' title='bbox 363 1780 548 1815; x_wconf 79' lang='lat' dir='ltr'>deiectum.</span> <span class='ocrx_word' id='word_1_284' title='bbox 599 1800 641 1805; x_wconf 89' lang='lat'><em>-</em></span> <span class='ocrx_word' id='word_1_285' title='bbox 694 1791 726 1813; x_wconf 86' lang='lat' dir='ltr'>a.</span> <span class='ocrx_word' id='word_1_286' title='bbox 763 1780 796 1814; x_wconf 75' lang='lat' dir='ltr'>d.</span> <span class='ocrx_word' id='word_1_287' title='bbox 831 1781 906 1815; x_wconf 90' lang='grc' dir='ltr'><em>ΙΙΙ.</em></span> <span class='ocrx_word' id='word_1_288' title='bbox 941 1780 1027 1823; x_wconf 89' lang='lat' dir='ltr'><strong><em>(IV.</em></strong></span> <span class='ocrx_word' id='word_1_289' title='bbox 1063 1779 1214 1821; x_wconf 82' lang='lat' dir='ltr'>Lamb.)</span> <span class='ocrx_word' id='word_1_290' title='bbox 1248 1779 1304 1813; x_wconf 83' lang='lat' dir='ltr'>Id.</span> <span class='ocrx_word' id='word_1_291' title='bbox 1344 1778 1465 1820; x_wconf 54' lang='lat' dir='ltr'>issoi„</span> <span class='ocrx_word' id='word_1_292' title='bbox 1511 1789 1570 1811; x_wconf 80' lang='lat' dir='ltr'>am</span> 
     </span>
     <span class='ocr_line' id='line_1_35' title="bbox 84 1830 308 1864; baseline -0.009 0"><span class='ocrx_word' id='word_1_293' title='bbox 84 1831 190 1864; x_wconf 86' lang='lat' dir='ltr'>13ten</span> <span class='ocrx_word' id='word_1_294' title='bbox 216 1830 308 1863; x_wconf 78' lang='lat' dir='ltr'>Mai.</span> 
     </span>
    </p>

    <p class='ocr_par' dir='ltr' id='par_1_9' title="bbox 177 1894 1571 1944">
     <span class='ocr_line' id='line_1_36' title="bbox 177 1894 1571 1944; baseline -0.003 -12"><span class='ocrx_word' id='word_1_295' title='bbox 177 1898 213 1932; x_wconf 87' lang='lat'>3.</span> <span class='ocrx_word' id='word_1_296' title='bbox 240 1897 334 1930; x_wconf 73' lang='lat' dir='ltr'>dixit</span> <span class='ocrx_word' id='word_1_297' title='bbox 361 1897 386 1932; x_wconf 90' lang='lat' dir='ltr'>i.</span> <span class='ocrx_word' id='word_1_298' title='bbox 413 1909 443 1932; x_wconf 90' lang='lat' dir='ltr'>e.</span> <span class='ocrx_word' id='word_1_299' title='bbox 472 1898 669 1944; x_wconf 85' lang='lat' dir='ltr'>respondit</span> <span class='ocrx_word' id='word_1_300' title='bbox 694 1898 744 1931; x_wconf 77' lang='lat' dir='ltr'>ad</span> <span class='ocrx_word' id='word_1_301' title='bbox 766 1908 819 1930; x_wconf 82' lang='lat' dir='ltr'>ea.</span> <span class='ocrx_word' id='word_1_302' title='bbox 846 1916 890 1921; x_wconf 93' lang='lat'>—-</span> <span class='ocrx_word' id='word_1_303' title='bbox 918 1900 972 1929; x_wconf 82' lang='lat' dir='ltr'>est</span> <span class='ocrx_word' id='word_1_304' title='bbox 997 1894 1257 1939; x_wconf 74' lang='lat' dir='ltr'>reprehensus,</span> <span class='ocrx_word' id='word_1_305' title='bbox 1286 1907 1325 1930; x_wconf 91' lang='lat' dir='ltr'>er</span> <span class='ocrx_word' id='word_1_306' title='bbox 1352 1897 1482 1929; x_wconf 86' lang='lat' dir='ltr'>wurde</span> <span class='ocrx_word' id='word_1_307' title='bbox 1510 1897 1571 1928; x_wconf 86' lang='lat' dir='ltr'>bei</span> 
     </span>
    </p>

    <p class='ocr_par' dir='ltr' id='par_1_10' title="bbox 30 1944 1571 1989">
     <span class='ocr_line' id='line_1_37' title="bbox 30 1944 1571 1989; baseline -0.001 -11"><span class='ocrx_word' id='word_1_308' title='bbox 30 1968 33 1974; x_wconf 84' lang='lat'><em>·</em></span> <span class='ocrx_word' id='word_1_309' title='bbox 82 1945 165 1978; x_wconf 82' lang='lat' dir='ltr'>dem</span> <span class='ocrx_word' id='word_1_310' title='bbox 193 1945 335 1979; x_wconf 83' lang='lat' dir='ltr'>Puncte</span> <span class='ocrx_word' id='word_1_311' title='bbox 360 1947 511 1989; x_wconf 82' lang='lat' dir='ltr'>gefasst.</span> <span class='ocrx_word' id='word_1_312' title='bbox 550 1966 594 1971; x_wconf 92' lang='lat'>-</span> <span class='ocrx_word' id='word_1_313' title='bbox 628 1946 821 1980; x_wconf 67' lang='lat' dir='ltr'>consilium</span> <span class='ocrx_word' id='word_1_314' title='bbox 839 1944 963 1987; x_wconf 82' lang='lat' dir='ltr'>fuisse</span> <span class='ocrx_word' id='word_1_315' title='bbox 987 1945 1120 1980; x_wconf 80' lang='lat' dir='ltr'>Lamb.</span> <span class='ocrx_word' id='word_1_316' title='bbox 1179 1946 1255 1978; x_wconf 77' lang='lat' dir='ltr'>Mit</span> <span class='ocrx_word' id='word_1_317' title='bbox 1281 1945 1427 1987; x_wconf 77' lang='lat' dir='ltr'>Recht,</span> <span class='ocrx_word' id='word_1_318' title='bbox 1461 1956 1571 1977; x_wconf 89' lang='lat' dir='ltr'>wenn</span> 
     </span>
    </p>
   </div>
   <div class='ocr_carea' id='block_1_9' title="bbox 0 1992 1582 2805">
    <p class='ocr_par' dir='ltr' id='par_1_11' title="bbox 27 1992 1574 2231">
     <span class='ocr_line' id='line_1_38' title="bbox 84 1992 1573 2039; baseline -0.001 -13"><span class='ocrx_word' id='word_1_319' title='bbox 84 2004 169 2026; x_wconf 84' lang='lat' dir='ltr'>man</span> <span class='ocrx_word' id='word_1_320' title='bbox 195 1994 304 2027; x_wconf 86' lang='lat' dir='ltr'>nicht</span> <span class='ocrx_word' id='word_1_321' title='bbox 331 1995 502 2027; x_wconf 81' lang='lat' dir='ltr'>nachher</span> <span class='ocrx_word' id='word_1_322' title='bbox 529 1995 565 2027; x_wconf 80' lang='lat' dir='ltr'>in</span> <span class='ocrx_word' id='word_1_323' title='bbox 593 2005 700 2039; x_wconf 81' lang='lat' dir='ltr'>eoque</span> <span class='ocrx_word' id='word_1_324' title='bbox 726 1992 842 2031; x_wconf 84' lang='lat' dir='ltr'>lies&#39;t,</span> <span class='ocrx_word' id='word_1_325' title='bbox 870 1994 942 2026; x_wconf 85' lang='lat' dir='ltr'>wie</span> <span class='ocrx_word' id='word_1_326' title='bbox 968 1993 1116 2025; x_wconf 82' lang='lat' dir='ltr'>Ernesti</span> <span class='ocrx_word' id='word_1_327' title='bbox 1144 1993 1394 2026; x_wconf 78' lang='lat' dir='ltr'>vermuthete.</span> <span class='ocrx_word' id='word_1_328' title='bbox 1425 2011 1465 2017; x_wconf 94' lang='lat'>—</span> <span class='ocrx_word' id='word_1_329' title='bbox 1496 2003 1573 2025; x_wconf 81' lang='lat' dir='ltr'>cum</span> 
     </span>
     <span class='ocr_line' id='line_1_39' title="bbox 85 2040 1573 2087; baseline -0.001 -14"><span class='ocrx_word' id='word_1_330' title='bbox 85 2040 243 2084; x_wconf 78' lang='lat' dir='ltr'>gladiat.</span> <span class='ocrx_word' id='word_1_331' title='bbox 273 2041 384 2083; x_wconf 81' lang='lat' dir='ltr'>Gab.,</span> <span class='ocrx_word' id='word_1_332' title='bbox 412 2043 471 2075; x_wconf 87' lang='lat' dir='ltr'>bei</span> <span class='ocrx_word' id='word_1_333' title='bbox 500 2043 746 2087; x_wconf 82' lang='lat' dir='ltr'>Gelegenheit</span> <span class='ocrx_word' id='word_1_334' title='bbox 773 2042 840 2074; x_wconf 87' lang='lat' dir='ltr'>der</span> <span class='ocrx_word' id='word_1_335' title='bbox 865 2041 1169 2085; x_wconf 79' lang='lat' dir='ltr'>Fechterspiele,</span> <span class='ocrx_word' id='word_1_336' title='bbox 1210 2041 1271 2073; x_wconf 79' lang='lat' dir='ltr'>die</span> <span class='ocrx_word' id='word_1_337' title='bbox 1298 2040 1484 2073; x_wconf 77' lang='lat' dir='ltr'>Gabinius</span> <span class='ocrx_word' id='word_1_338' title='bbox 1511 2041 1573 2073; x_wconf 86' lang='lat' dir='ltr'>bei</span> 
     </span>
     <span class='ocr_line' id='line_1_40' title="bbox 31 2089 1572 2135; baseline -0.001 -14"><span class='ocrx_word' id='word_1_339' title='bbox 31 2095 39 2100; x_wconf 61' lang='lat'>‘¹</span> <span class='ocrx_word' id='word_1_340' title='bbox 88 2090 211 2122; x_wconf 83' lang='lat' dir='ltr'>seiner</span> <span class='ocrx_word' id='word_1_341' title='bbox 228 2091 462 2135; x_wconf 84' lang='lat' dir='ltr'>Bewerbung</span> <span class='ocrx_word' id='word_1_342' title='bbox 489 2102 550 2124; x_wconf 87' lang='lat' dir='ltr'>um</span> <span class='ocrx_word' id='word_1_343' title='bbox 577 2092 639 2124; x_wconf 85' lang='lat' dir='ltr'>das</span> <span class='ocrx_word' id='word_1_344' title='bbox 661 2091 837 2124; x_wconf 77' lang='lat' dir='ltr'>Consulat</span> <span class='ocrx_word' id='word_1_345' title='bbox 855 2091 941 2123; x_wconf 83' lang='lat' dir='ltr'>dem</span> <span class='ocrx_word' id='word_1_346' title='bbox 961 2090 1079 2122; x_wconf 86' lang='lat' dir='ltr'>Volke</span> <span class='ocrx_word' id='word_1_347' title='bbox 1099 2090 1219 2133; x_wconf 85' lang='lat' dir='ltr'>geben</span> <span class='ocrx_word' id='word_1_348' title='bbox 1238 2089 1379 2124; x_wconf 75' lang='lat' dir='ltr'>wollte.</span> <span class='ocrx_word' id='word_1_349' title='bbox 1421 2090 1572 2122; x_wconf 69' lang='lat' dir='ltr'>Manat.</span> 
     </span>
     <span class='ocr_line' id='line_1_41' title="bbox 87 2136 1574 2181; baseline -0.001 -12"><span class='ocrx_word' id='word_1_350' title='bbox 87 2136 324 2171; x_wconf 83' lang='lat' dir='ltr'>vermuthete</span> <span class='ocrx_word' id='word_1_351' title='bbox 360 2149 439 2171; x_wconf 80' lang='lat' dir='ltr'>cum</span> <span class='ocrx_word' id='word_1_352' title='bbox 477 2140 528 2172; x_wconf 87' lang='lat' dir='ltr'>sei</span> <span class='ocrx_word' id='word_1_353' title='bbox 561 2152 602 2172; x_wconf 87' lang='lat' dir='ltr'>zu</span> <span class='ocrx_word' id='word_1_354' title='bbox 642 2140 850 2179; x_wconf 83' lang='lat' dir='ltr'>streichen‚</span> <span class='ocrx_word' id='word_1_355' title='bbox 887 2150 963 2170; x_wconf 78' lang='lat' dir='ltr'>was</span> <span class='ocrx_word' id='word_1_356' title='bbox 998 2137 1154 2170; x_wconf 72' lang='lat' dir='ltr'>Lallom.</span> <span class='ocrx_word' id='word_1_357' title='bbox 1194 2138 1330 2181; x_wconf 67' lang='lat' dir='ltr'>gethan</span> <span class='ocrx_word' id='word_1_358' title='bbox 1365 2136 1442 2169; x_wconf 83' lang='lat' dir='ltr'>hat.</span> <span class='ocrx_word' id='word_1_359' title='bbox 1501 2137 1574 2170; x_wconf 82' lang='lat' dir='ltr'>Die</span> 
     </span>
     <span class='ocr_line' id='line_1_42' title="bbox 46 2183 1573 2231; baseline -0.001 -13.012"><span class='ocrx_word' id='word_1_360' title='bbox 46 2183 51 2196; x_wconf 87' lang='lat'>‘</span> <span class='ocrx_word' id='word_1_361' title='bbox 86 2186 322 2231; x_wconf 71' lang='lat' dir='ltr'>Pra&#39;position</span> <span class='ocrx_word' id='word_1_362' title='bbox 347 2186 485 2220; x_wconf 68' lang='lat' dir='ltr'>driickt</span> <span class='ocrx_word' id='word_1_363' title='bbox 510 2187 648 2221; x_wconf 82' lang='lat' dir='ltr'>iedoch</span> <span class='ocrx_word' id='word_1_364' title='bbox 676 2187 738 2220; x_wconf 83' lang='lat' dir='ltr'>das</span> <span class='ocrx_word' id='word_1_365' title='bbox 763 2186 1102 2223; x_wconf 77' lang='lat' dir='ltr'>Beisammensein⁹</span> <span class='ocrx_word' id='word_1_366' title='bbox 1148 2185 1208 2217; x_wconf 87' lang='lat' dir='ltr'>die</span> <span class='ocrx_word' id='word_1_367' title='bbox 1244 2185 1573 2229; x_wconf 81' lang='lat' dir='ltr'>Gleichzeitigkeit</span> 
     </span>
    </p>

    <p class='ocr_par' dir='ltr' id='par_1_12' title="bbox 0 2232 1582 2805">
     <span class='ocr_line' id='line_1_43' title="bbox 89 2232 1570 2279; baseline 0 -14"><span class='ocrx_word' id='word_1_368' title='bbox 89 2245 164 2267; x_wconf 85' lang='lat' dir='ltr'>aus.</span> <span class='ocrx_word' id='word_1_369' title='bbox 191 2232 228 2267; x_wconf 90' lang='lat' dir='ltr'>S.</span> <span class='ocrx_word' id='word_1_370' title='bbox 246 2235 397 2268; x_wconf 85' lang='lat' dir='ltr'>Ramsh.</span> <span class='ocrx_word' id='word_1_371' title='bbox 427 2237 454 2279; x_wconf 85' lang='lat'>§.</span> <span class='ocrx_word' id='word_1_372' title='bbox 484 2237 564 2276; x_wconf 87' lang='lat'>150,</span> <span class='ocrx_word' id='word_1_373' title='bbox 591 2237 627 2277; x_wconf 82' lang='lat'>3,</span> <span class='ocrx_word' id='word_1_374' title='bbox 653 2237 742 2270; x_wconf 89' lang='lat' dir='ltr'>Not.</span> <span class='ocrx_word' id='word_1_375' title='bbox 768 2235 804 2278; x_wconf 53' lang='grc' dir='ltr'>ᾗ.</span> <span class='ocrx_word' id='word_1_376' title='bbox 829 2235 909 2277; x_wconf 78' lang='grc'>1-18,</span> <span class='ocrx_word' id='word_1_377' title='bbox 937 2236 970 2273; x_wconf 87' lang='grc'>2,</span> <span class='ocrx_word' id='word_1_378' title='bbox 997 2234 1042 2266; x_wconf 87' lang='grc' dir='ltr'>Ν,</span> <span class='ocrx_word' id='word_1_379' title='bbox 1071 2234 1219 2266; x_wconf 81' lang='lat' dir='ltr'>Grotef.</span> <span class='ocrx_word' id='word_1_380' title='bbox 1249 2235 1276 2277; x_wconf 86' lang='lat'>§.</span> <span class='ocrx_word' id='word_1_381' title='bbox 1303 2235 1382 2269; x_wconf 84' lang='lat'><strong>267.</strong></span> <span class='ocrx_word' id='word_1_382' title='bbox 1410 2234 1570 2275; x_wconf 72' lang='lat' dir='ltr'>glacliut.</span> 
     </span>
     <span class='ocr_line' id='line_1_44' title="bbox 34 2276 1570 2326; baseline -0.001 -12"><span class='ocrx_word' id='word_1_383' title='bbox 34 2276 49 2282; x_wconf 40' lang='lat'>¹</span> <span class='ocrx_word' id='word_1_384' title='bbox 88 2281 369 2326; x_wconf 86' lang='lat' dir='ltr'>metonymisch</span> <span class='ocrx_word' id='word_1_385' title='bbox 402 2283 466 2315; x_wconf 75' lang='lat' dir='ltr'>fur</span> <span class='ocrx_word' id='word_1_386' title='bbox 505 2283 601 2317; x_wconf 71' lang='lat' dir='ltr'>ludis</span> <span class='ocrx_word' id='word_1_387' title='bbox 637 2283 904 2326; x_wconf 74' lang='lat' dir='ltr'>gladiatoriis,</span> <span class='ocrx_word' id='word_1_388' title='bbox 946 2283 1016 2314; x_wconf 88' lang='lat' dir='ltr'>wie</span> <span class='ocrx_word' id='word_1_389' title='bbox 1055 2293 1111 2326; x_wconf 88' lang='lat' dir='ltr'>ep.</span> <span class='ocrx_word' id='word_1_390' title='bbox 1150 2283 1281 2321; x_wconf 88' lang='lat' dir='ltr'>XXVI,</span> <span class='ocrx_word' id='word_1_391' title='bbox 1316 2283 1351 2317; x_wconf 69' lang='grc'>5,</span> <span class='ocrx_word' id='word_1_392' title='bbox 1394 2281 1503 2321; x_wconf 74' lang='lat' dir='ltr'>XLV,</span> <span class='ocrx_word' id='word_1_393' title='bbox 1536 2282 1570 2314; x_wconf 81' lang='lat'>3.</span> 
     </span>
     <span class='ocr_line' id='line_1_45' title="bbox 30 2329 1569 2377; baseline -0.004 -11"><span class='ocrx_word' id='word_1_394' title='bbox 30 2362 52 2368; x_wconf 73' lang='grc'>,,</span> <span class='ocrx_word' id='word_1_395' title='bbox 90 2330 285 2364; x_wconf 86' lang='lat' dir='ltr'>CCLXIV.</span> <span class='ocrx_word' id='word_1_396' title='bbox 311 2331 577 2365; x_wconf 89' lang='lat' dir='ltr'>DCCCXLIX.</span> <span class='ocrx_word' id='word_1_397' title='bbox 605 2332 768 2377; x_wconf 86' lang='lat' dir='ltr'>Philipp.</span> <span class='ocrx_word' id='word_1_398' title='bbox 794 2332 857 2372; x_wconf 85' lang='lat' dir='ltr'>IX,</span> <span class='ocrx_word' id='word_1_399' title='bbox 884 2333 917 2364; x_wconf 88' lang='lat'>7.</span> <span class='ocrx_word' id='word_1_400' title='bbox 947 2348 987 2353; x_wconf 90' lang='lat'>—</span> <span class='ocrx_word' id='word_1_401' title='bbox 1017 2330 1065 2362; x_wconf 81' lang='grc' dir='ltr'>Α.</span> <span class='ocrx_word' id='word_1_402' title='bbox 1087 2330 1264 2363; x_wconf 73' lang='lat' dir='ltr'>Gabinius</span> <span class='ocrx_word' id='word_1_403' title='bbox 1282 2329 1381 2362; x_wconf 79' lang='lat' dir='ltr'>ward</span> <span class='ocrx_word' id='word_1_404' title='bbox 1397 2331 1449 2362; x_wconf 81' lang='lat' dir='ltr'>im</span> <span class='ocrx_word' id='word_1_405' title='bbox 1477 2329 1569 2372; x_wconf 81' lang='lat' dir='ltr'>solg.</span> 
     </span>
     <span class='ocr_line' id='line_1_46' title="bbox 33 2378 1576 2425; baseline -0.003 -13"><span class='ocrx_word' id='word_1_406' title='bbox 33 2389 42 2425; x_wconf 27' lang='grc' dir='ltr'>*Δ</span> <span class='ocrx_word' id='word_1_407' title='bbox 88 2378 117 2410; x_wconf 83' lang='lat' dir='ltr'>I·</span> <span class='ocrx_word' id='word_1_408' title='bbox 144 2378 213 2413; x_wconf 81' lang='lat'>696</span> <span class='ocrx_word' id='word_1_409' title='bbox 237 2379 307 2412; x_wconf 89' lang='lat' dir='ltr'>mit</span> <span class='ocrx_word' id='word_1_410' title='bbox 331 2380 373 2413; x_wconf 93' lang='lat' dir='ltr'>L.</span> <span class='ocrx_word' id='word_1_411' title='bbox 402 2379 486 2413; x_wconf 87' lang='lat' dir='ltr'>Piso</span> <span class='ocrx_word' id='word_1_412' title='bbox 515 2381 626 2414; x_wconf 87' lang='lat' dir='ltr'>Cons.</span> <span class='ocrx_word' id='word_1_413' title='bbox 679 2381 763 2425; x_wconf 85' lang='lat' dir='ltr'>Vgl.</span> <span class='ocrx_word' id='word_1_414' title='bbox 791 2391 846 2423; x_wconf 89' lang='lat' dir='ltr'>ep.</span> <span class='ocrx_word' id='word_1_415' title='bbox 875 2378 1009 2418; x_wconf 81' lang='lat' dir='ltr'>XXXI,</span> <span class='ocrx_word' id='word_1_416' title='bbox 1036 2379 1069 2411; x_wconf 88' lang='lat'>2.</span> <span class='ocrx_word' id='word_1_417' title='bbox 1105 2397 1149 2402; x_wconf 90' lang='lat'>-—-</span> <span class='ocrx_word' id='word_1_418' title='bbox 1182 2379 1220 2412; x_wconf 71' lang='lat' dir='ltr'>in</span> <span class='ocrx_word' id='word_1_419' title='bbox 1246 2378 1414 2415; x_wconf 59' lang='lat' dir='ltr'>Maced„</span> <span class='ocrx_word' id='word_1_420' title='bbox 1449 2387 1508 2409; x_wconf 82' lang='lat' dir='ltr'>wo</span> <span class='ocrx_word' id='word_1_421' title='bbox 1535 2386 1576 2407; x_wconf 85' lang='lat' dir='ltr'>er</span> 
     </span>
     <span class='ocr_line' id='line_1_47' title="bbox 51 2423 1576 2469; baseline 0 -13"><span class='ocrx_word' id='word_1_422' title='bbox 51 2423 53 2456; x_wconf 69' lang='grc' dir='ltr'><strong>ἴ</strong></span> <span class='ocrx_word' id='word_1_423' title='bbox 91 2425 273 2469; x_wconf 85' lang='lat' dir='ltr'>Quaestor</span> <span class='ocrx_word' id='word_1_424' title='bbox 298 2439 386 2461; x_wconf 85' lang='lat' dir='ltr'>war.</span> <span class='ocrx_word' id='word_1_425' title='bbox 415 2447 457 2452; x_wconf 93' lang='lat'><em>—</em></span> <span class='ocrx_word' id='word_1_426' title='bbox 492 2428 655 2461; x_wconf 82' lang='lat' dir='ltr'>emittere</span> <span class='ocrx_word' id='word_1_427' title='bbox 680 2439 698 2461; x_wconf 88' lang='lat' dir='ltr'>e</span> <span class='ocrx_word' id='word_1_428' title='bbox 722 2427 898 2467; x_wconf 77' lang='lat' dir='ltr'>vinculis,</span> <span class='ocrx_word' id='word_1_429' title='bbox 932 2427 969 2458; x_wconf 85' lang='lat' dir='ltr'>in</span> <span class='ocrx_word' id='word_1_430' title='bbox 994 2425 1167 2458; x_wconf 79' lang='lat' dir='ltr'>Freiheit</span> <span class='ocrx_word' id='word_1_431' title='bbox 1200 2433 1338 2459; x_wconf 71' lang='lat' dir='ltr'>setzen.</span> <span class='ocrx_word' id='word_1_432' title='bbox 1374 2444 1416 2449; x_wconf 93' lang='lat'>——</span> <span class='ocrx_word' id='word_1_433' title='bbox 1451 2427 1576 2456; x_wconf 73' lang='lat' dir='ltr'>contra</span> 
     </span>
     <span class='ocr_line' id='line_1_48' title="bbox 0 2472 1577 2520; baseline -0.005 -10"><span class='ocrx_word' id='word_1_434' title='bbox 0 2500 1 2510; x_wconf 45' lang='lat'>1</span> <span class='ocrx_word' id='word_1_435' title='bbox 51 2489 54 2520; x_wconf 57' lang='grc' dir='ltr'>ς</span> <span class='ocrx_word' id='word_1_436' title='bbox 91 2482 172 2504; x_wconf 76' lang='lat' dir='ltr'>rem</span> <span class='ocrx_word' id='word_1_437' title='bbox 194 2475 293 2515; x_wconf 84' lang='lat' dir='ltr'>publ.</span> <span class='ocrx_word' id='word_1_438' title='bbox 322 2500 329 2507; x_wconf 91' lang='lat'>.</span> <span class='ocrx_word' id='word_1_439' title='bbox 346 2477 565 2517; x_wconf 78' lang='lat' dir='ltr'>facturum,</span> <span class='ocrx_word' id='word_1_440' title='bbox 599 2476 664 2509; x_wconf 88' lang='lat' dir='ltr'>der</span> <span class='ocrx_word' id='word_1_441' title='bbox 689 2476 797 2508; x_wconf 87' lang='lat' dir='ltr'>sollte</span> <span class='ocrx_word' id='word_1_442' title='bbox 823 2475 876 2506; x_wconf 77' lang='lat' dir='ltr'>als</span> <span class='ocrx_word' id='word_1_443' title='bbox 902 2474 964 2506; x_wconf 85' lang='lat' dir='ltr'>ein</span> <span class='ocrx_word' id='word_1_444' title='bbox 990 2474 1342 2508; x_wconf 73' lang='lat' dir='ltr'>Staatsverbrecher</span> <span class='ocrx_word' id='word_1_445' title='bbox 1368 2472 1577 2515; x_wconf 78' lang='lat' dir='ltr'>angesehen</span> 
     </span>
     <span class='ocr_line' id='line_1_49' title="bbox 33 2519 1578 2568; baseline -0.003 -13"><span class='ocrx_word' id='word_1_446' title='bbox 33 2520 53 2555; x_wconf 71' lang='grc' dir='ltr'>’Ϊ·</span> <span class='ocrx_word' id='word_1_447' title='bbox 93 2519 252 2554; x_wconf 86' lang='lat' dir='ltr'>werden.</span> <span class='ocrx_word' id='word_1_448' title='bbox 280 2541 323 2546; x_wconf 94' lang='lat'><strong>—</strong></span> <span class='ocrx_word' id='word_1_449' title='bbox 350 2523 391 2556; x_wconf 81' lang='lat' dir='ltr'>id</span> <span class='ocrx_word' id='word_1_450' title='bbox 415 2534 491 2557; x_wconf 81' lang='lat' dir='ltr'>esse</span> <span class='ocrx_word' id='word_1_451' title='bbox 516 2528 648 2565; x_wconf 82' lang='lat' dir='ltr'>actum,</span> <span class='ocrx_word' id='word_1_452' title='bbox 684 2534 722 2557; x_wconf 86' lang='lat' dir='ltr'>es</span> <span class='ocrx_word' id='word_1_453' title='bbox 749 2523 803 2556; x_wconf 88' lang='lat' dir='ltr'>sei</span> <span class='ocrx_word' id='word_1_454' title='bbox 831 2522 892 2555; x_wconf 81' lang='lat' dir='ltr'>die</span> <span class='ocrx_word' id='word_1_455' title='bbox 921 2522 1210 2568; x_wconf 81' lang='lat' dir='ltr'>Verabredung‚</span> <span class='ocrx_word' id='word_1_456' title='bbox 1245 2534 1283 2554; x_wconf 88' lang='lat' dir='ltr'>so</span> <span class='ocrx_word' id='word_1_457' title='bbox 1311 2522 1376 2553; x_wconf 83' lang='lat' dir='ltr'>der</span> <span class='ocrx_word' id='word_1_458' title='bbox 1402 2521 1490 2552; x_wconf 84' lang='lat' dir='ltr'>Plan</span> <span class='ocrx_word' id='word_1_459' title='bbox 1517 2530 1578 2564; x_wconf 81' lang='lat' dir='ltr'>ge-</span> 
     </span>
     <span class='ocr_line' id='line_1_50' title="bbox 0 2569 1578 2618; baseline 0.001 -19"><span class='ocrx_word' id='word_1_460' title='bbox 0 2584 2 2601; x_wconf 81' lang='grc'>;</span> <span class='ocrx_word' id='word_1_461' title='bbox 52 2580 55 2612; x_wconf 58' lang='lat'>5</span> <span class='ocrx_word' id='word_1_462' title='bbox 92 2579 222 2600; x_wconf 83' lang='lat' dir='ltr'>wesen.</span> <span class='ocrx_word' id='word_1_463' title='bbox 256 2588 300 2593; x_wconf 94' lang='lat'><strong>—</strong></span> <span class='ocrx_word' id='word_1_464' title='bbox 334 2571 389 2604; x_wconf 80' lang='lat' dir='ltr'>ita</span> <span class='ocrx_word' id='word_1_465' title='bbox 422 2576 542 2605; x_wconf 78' lang='lat' dir='ltr'>actum</span> <span class='ocrx_word' id='word_1_466' title='bbox 575 2575 686 2613; x_wconf 80' lang='lat' dir='ltr'>esset,</span> <span class='ocrx_word' id='word_1_467' title='bbox 722 2571 786 2604; x_wconf 89' lang='lat' dir='ltr'>das</span> <span class='ocrx_word' id='word_1_468' title='bbox 813 2574 910 2604; x_wconf 67' lang='lat' dir='ltr'>ware</span> <span class='ocrx_word' id='word_1_469' title='bbox 944 2571 1042 2603; x_wconf 84' lang='lat' dir='ltr'>auch</span> <span class='ocrx_word' id='word_1_470' title='bbox 1067 2582 1106 2603; x_wconf 85' lang='lat' dir='ltr'>so</span> <span class='ocrx_word' id='word_1_471' title='bbox 1134 2569 1373 2618; x_wconf 75' lang='lat' dir='ltr'>ausgefiihrt.</span> <span class='ocrx_word' id='word_1_472' title='bbox 1425 2569 1578 2604; x_wconf 77' lang='lat' dir='ltr'>Ernest,</span> 
     </span>
     <span class='ocr_line' id='line_1_51' title="bbox 53 2615 1580 2666; baseline 0 -19"><span class='ocrx_word' id='word_1_473' title='bbox 53 2618 55 2623; x_wconf 90' lang='lat'>&#39;</span> <span class='ocrx_word' id='word_1_474' title='bbox 92 2615 460 2658; x_wconf 69' lang='lat' dir='ltr'>Verniuth.saclum</span> <span class='ocrx_word' id='word_1_475' title='bbox 484 2620 534 2652; x_wconf 83' lang='lat' dir='ltr'>ist</span> <span class='ocrx_word' id='word_1_476' title='bbox 560 2631 632 2653; x_wconf 88' lang='lat' dir='ltr'>von</span> <span class='ocrx_word' id='word_1_477' title='bbox 665 2618 808 2652; x_wconf 80' lang='lat' dir='ltr'>Schiitz</span> <span class='ocrx_word' id='word_1_478' title='bbox 836 2620 1140 2666; x_wconf 83' lang='lat' dir='ltr'>ausgenommen.</span> <span class='ocrx_word' id='word_1_479' title='bbox 1169 2637 1212 2642; x_wconf 90' lang='lat'><em>-</em></span> <span class='ocrx_word' id='word_1_480' title='bbox 1242 2617 1443 2656; x_wconf 71' lang='lat' dir='ltr'>Curiones,</span> <span class='ocrx_word' id='word_1_481' title='bbox 1471 2622 1580 2660; x_wconf 80' lang='lat' dir='ltr'>pater</span> 
     </span>
     <span class='ocr_line' id='line_1_52' title="bbox 93 2664 1581 2712; baseline 0.001 -18"><span class='ocrx_word' id='word_1_482' title='bbox 93 2670 132 2695; x_wconf 84' lang='lat' dir='ltr'>et</span> <span class='ocrx_word' id='word_1_483' title='bbox 157 2664 270 2699; x_wconf 78' lang='lat' dir='ltr'>filius.</span> <span class='ocrx_word' id='word_1_484' title='bbox 299 2684 341 2689; x_wconf 85' lang='lat'>—-</span> <span class='ocrx_word' id='word_1_485' title='bbox 370 2666 521 2703; x_wconf 77' lang='lat' dir='ltr'>caesar.</span> <span class='ocrx_word' id='word_1_486' title='bbox 573 2668 794 2712; x_wconf 82' lang='lat' dir='ltr'>Eigentlich</span> <span class='ocrx_word' id='word_1_487' title='bbox 821 2668 911 2700; x_wconf 74' lang='lat' dir='ltr'>aber</span> <span class='ocrx_word' id='word_1_488' title='bbox 937 2679 1013 2700; x_wconf 87' lang='lat' dir='ltr'>war</span> <span class='ocrx_word' id='word_1_489' title='bbox 1040 2677 1076 2698; x_wconf 88' lang='lat' dir='ltr'>es</span> <span class='ocrx_word' id='word_1_490' title='bbox 1105 2666 1172 2698; x_wconf 87' lang='lat' dir='ltr'>der</span> <span class='ocrx_word' id='word_1_491' title='bbox 1207 2664 1459 2697; x_wconf 71' lang='lat' dir='ltr'>schiindliche</span> <span class='ocrx_word' id='word_1_492' title='bbox 1493 2665 1581 2696; x_wconf 81' lang='lat' dir='ltr'>Tri-</span> 
     </span>
     <span class='ocr_line' id='line_1_53' title="bbox 92 2710 1580 2758; baseline 0 -15"><span class='ocrx_word' id='word_1_493' title='bbox 92 2710 168 2744; x_wconf 87' lang='lat' dir='ltr'>bun</span> <span class='ocrx_word' id='word_1_494' title='bbox 196 2712 384 2755; x_wconf 84' lang='lat' dir='ltr'>Vatinius,</span> <span class='ocrx_word' id='word_1_495' title='bbox 420 2715 509 2757; x_wconf 84' lang='lat' dir='ltr'>der,</span> <span class='ocrx_word' id='word_1_496' title='bbox 542 2716 682 2749; x_wconf 76' lang='lat' dir='ltr'>iedoch</span> <span class='ocrx_word' id='word_1_497' title='bbox 716 2716 788 2749; x_wconf 79' lang='lat' dir='ltr'>mit</span> <span class='ocrx_word' id='word_1_498' title='bbox 821 2717 953 2750; x_wconf 60' lang='lat' dir='ltr'>Casars</span> <span class='ocrx_word' id='word_1_499' title='bbox 983 2714 1194 2746; x_wconf 79' lang='lat' dir='ltr'>vorwissen</span> <span class='ocrx_word' id='word_1_500' title='bbox 1221 2725 1254 2745; x_wconf 88' lang='lat' dir='ltr'>u.</span> <span class='ocrx_word' id='word_1_501' title='bbox 1282 2712 1580 2758; x_wconf 69' lang='lat' dir='ltr'>Gmehmiguug,</span> 
     </span>
     <span class='ocr_line' id='line_1_54' title="bbox 96 2758 1582 2805; baseline 0.001 -14"><span class='ocrx_word' id='word_1_502' title='bbox 96 2758 166 2791; x_wconf 85' lang='lat' dir='ltr'>den</span> <span class='ocrx_word' id='word_1_503' title='bbox 193 2761 303 2793; x_wconf 84' lang='lat' dir='ltr'>Senat</span> <span class='ocrx_word' id='word_1_504' title='bbox 329 2760 452 2794; x_wconf 88' lang='lat' dir='ltr'>durch</span> <span class='ocrx_word' id='word_1_505' title='bbox 479 2763 578 2795; x_wconf 86' lang='lat' dir='ltr'>diese</span> <span class='ocrx_word' id='word_1_506' title='bbox 605 2763 793 2797; x_wconf 64' lang='lat' dir='ltr'>thatliche</span> <span class='ocrx_word' id='word_1_507' title='bbox 821 2763 1066 2805; x_wconf 80' lang='lat' dir='ltr'>verachtung</span> <span class='ocrx_word' id='word_1_508' title='bbox 1092 2762 1211 2794; x_wconf 79' lang='lat' dir='ltr'>seines</span> <span class='ocrx_word' id='word_1_509' title='bbox 1237 2760 1467 2794; x_wconf 84' lang='lat' dir='ltr'>Beschlusses</span> <span class='ocrx_word' id='word_1_510' title='bbox 1494 2761 1582 2793; x_wconf 67' lang='lat' dir='ltr'>suh-</span> 
     </span>
    </p>
   </div>
   <div class='ocr_carea' id='block_1_10' title="bbox 161 2816 1143 2867">
    <p class='ocr_par' dir='ltr' id='par_1_13' title="bbox 161 2816 1143 2867">
     <span class='ocr_line' id='line_1_55' title="bbox 161 2816 1143 2867; baseline 0.004 -4"><span class='ocrx_word' id='word_1_511' title='bbox 161 2839 219 2865; x_wconf 71' lang='grc' dir='ltr'>Εἰς.</span> <span class='ocrx_word' id='word_1_512' title='bbox 242 2838 344 2866; x_wconf 77' lang='lat' dir='ltr'>Briet’e</span> <span class='ocrx_word' id='word_1_513' title='bbox 364 2849 392 2865; x_wconf 80' lang='lat' dir='ltr'>v.</span> <span class='ocrx_word' id='word_1_514' title='bbox 415 2840 537 2867; x_wconf 80' lang='lat' dir='ltr'>Billerb.</span> <span class='ocrx_word' id='word_1_515' title='bbox 576 2843 599 2866; x_wconf 83' lang='lat'>1.</span> <span class='ocrx_word' id='word_1_516' title='bbox 1087 2816 1143 2855; x_wconf 69' lang='grc'>14</span> 
     </span>
    </p>
   </div>
  </div>
 </body>
</html>
