1742 3006
552 101 871 147 EPISTOLA
916 101 1070 147 XCII.
1472 100 1564 149 319

351 213 672 259 EPISTOLA
702 213 858 258 XCII.
917 213 997 267 (ad
1027 214 1129 258 Div.
1161 214 1196 257 1.
1228 213 1287 264 1.)

266 290 417 338 Scripta
453 290 495 324 A.
543 290 590 325 u.
644 290 686 326 c.
718 290 802 326 698.
850 288 945 324 mih.
971 289 1052 325 lan.
1102 291 1149 333 (a.
1201 292 1241 326 e.
1291 291 1370 336 56.)

0 355 1 358 ¹
70 363 229 403 Narrat,
257 360 350 406 quid
373 368 492 404 usquo
516 357 563 392 ad
598 357 686 392 Idus
711 357 821 392 Febr.
850 362 977 391 actum
1002 356 1051 390 sit
1076 356 1117 390 in
1142 368 1251 392 eausa
1275 357 1322 392 de
1349 357 1563 393 Ptolemaeo

0 422 1 426 ¹
72 421 164 459 rege
191 407 417 444 reducendo.
444 407 534 441 1-2.
561 405 728 441 diversas
753 406 799 440 de
824 415 868 440 ea
893 415 935 440 re
960 410 1177 460 {enatorum
1203 406 1409 460 sententias
1433 417 1563 441 recen-

4 467 9 486 2
73 465 138 493 set.
164 459 199 494 3.
231 468 270 492 oe
294 467 371 492 non
402 459 571 496 tantum,
606 461 790 500 quantum
822 455 978 490 Lentuli
1010 463 1119 488 causa
1156 460 1303 500 cupiat,
1338 455 1562 490 auctoritate

490 508 529 537 et
561 503 686 551 grafia
715 504 846 538 valere
878 502 1077 550 significat.
1110 502 1146 538 4.

310 572 364 608 M.
397 570 584 608 CICERO
616 569 654 606 S.
687 570 733 605 D.
767 570 804 604 P.
837 570 1075 607 LENTULO
1109 569 1318 607 PROGOS.

185 643 285 697 Ego
316 641 437 682 omni
464 639 623 682 officio
662 652 716 680 ac
752 638 904 694 potius
942 639 1112 694 pietate
1153 653 1262 694 erga
1306 643 1351 681 te
1396 639 1562 681 ceteris

73 698 306 742 satisfacio
337 697 567 748 omnibus,
597 694 711 736 mihi
735 696 832 750 ipse
852 709 1076 750 nunquam
1105 695 1353 737 satisfacio.
1411 696 1563 738 Tanta

71 757 190 797 enim
219 753 481 808 magnitudo
505 757 574 793 est
593 756 771 792 tuorum
794 765 903 806 erga
926 766 995 793 me
1016 753 1297 803 meritorum,
1329 756 1393 804 ut,
1423 766 1562 808 quon-

3 856 7 863 ⁴
71 813 160 853 iam
208 814 279 862 tu,
333 809 421 850 nisi
463 808 666 864 perfecta
694 821 742 848 re
768 808 824 849 de
865 822 959 860 me,
1010 822 1101 849 non
1142 809 1421 862 conqffiesti,
1477 822 1561 863 ego

5 866 8 879 ¹
69 868 176 922 quia
204 879 291 908 non
321 866 441 906 idem
471 866 518 906 in
548 868 624 905 tua
644 877 780 905 causa
802 862 973 918 efficio,
1002 865 1144 906 vitam
1167 863 1283 905 mihi
1310 878 1407 905 esse
1434 878 1562 906 acer-

166 984 206 1019 1².
239 981 488 1018 LENTULO.
539 982 674 1017 Dieser
707 981 961 1027 Pompeianer
991 982 1041 1016 ist
1079 982 1116 1016 P.
1153 982 1349 1016 Cornelius
1381 983 1564 1017 Lentulus

70 1031 251 1078 Spinther
277 1031 328 1074 (S.
356 1031 393 1067 d.
420 1030 543 1075 vorig.
570 1029 682 1064 Brief
703 1032 731 1076 ξ.
758 1031 808 1073 2.)
834 1029 903 1064 der
928 1032 1059 1071 Vater,
1087 1041 1132 1063 an
1151 1030 1323 1065 welchen
1341 1030 1476 1066 Cicero
1503 1030 1564 1065 die

70 1081 200 1114 Briefe
226 1082 255 1121 I,
283 1083 303 1115 l
330 1079 387 1112 bis
412 1080 434 1115 9
461 1078 710 1124 geschrieben
735 1077 814 1113 hat.
859 1077 1021 1113 Woher
1046 1078 1126 1112 sein
1152 1077 1252 1112 auch
1276 1080 1346 1113 auf
1368 1079 1439 1114 den
1458 1077 1563 1113 Sohn

69 1129 410 1176 iibergegangener
435 1128 476 1170 (s.
502 1127 548 1160 ad
571 1126 685 1161 Attio.
710 1127 797 1167 XII,
824 1126 881 1162 52.
906 1127 1013 1165 XIII,
1043 1127 1115 1170 10.)
1141 1127 1376 1168 Ekelname,
1412 1127 1477 1161 das
1503 1137 1565 1160 er-

68 1177 172 1212 namt
207 1177 308 1212 Plin.
336 1177 381 1209 H.
406 1176 452 1209 N.
477 1175 566 1218 vn,
594 1176 651 1213 12.
684 1176 763 1222 vgl.
791 1175 954 1222 Quintil.
984 1173 1051 1216 v1,
1077 1176 1110 1211 3.
1139 1178 1241 1210 caes.
1267 1178 1307 1210 B.
1338 1176 1416 1212 εἰν.
1445 1176 1477 1217 1,
1505 1175 1563 1211 15.

6 1235 8 1238 ⁴
69 1226 126 1261 22.
154 1226 210 1261 23.
237 1223 388 1259 Sallust.
416 1225 496 1259 Cat.
523 1234 556 1258 0.
582 1225 641 1258 47.
670 1224 791 1259 Cicer.
817 1223 863 1257 do
881 1223 956 1257 Off.
982 1224 1032 1268 11,
1060 1225 1118 1260 16.
1167 1224 1225 1258 Er
1248 1223 1356 1258 hatte
1381 1224 1437 1258 als
1462 1224 1565 1260 Gon-

5 1289 7 1314 ς
70 1274 129 1308 sul
160 1273 325 1309 Cicero's
357 1270 710 1320 Zuriickberufung
749 1283 810 1306 nm
848 1271 1013 1307 Meisten
1049 1271 1260 1310 betrieben.
1299 1271 1338 1307 S.
1373 1272 1481 1307 Orat.
1516 1272 1564 1307 ad

71 1320 179 1367 Quir.
205 1326 290 1366 post
317 1320 397 1355 red.
425 1331 459 1354 c.
485 1321 518 1354 5.

126 1391 129 1393 -
169 1372 202 1404 1.
228 1366 318 1401 milti
351 1369 440 1411 ipse.
473 1365 537 1402 Sic
576 1367 659 1404 Md.
694 1367 796 1402 Crat.
831 1364 932 1400 vict.
969 1368 1000 1401 1.
1035 1368 1067 1403 2.
1095 1368 1229 1403 Lamb.
1258 1369 1393 1404 Graev.
1422 1368 1564 1407 Bened.

6 1420 7 1424 ’
72 1417 148 1461 ipsi
187 1416 251 1451 Cd.
306 1416 479 1450 cizensis.
520 1416 666 1449 Ernest.
715 1415 823 1449 Coni.
868 1415 1169 1463 Martyni-Lag.
1211 1416 1366 1453 Schiitz.
1404 1417 1562 1455 Liinem.

71 1465 154 1499 Etsi
184 1464 275 1498 alibi
308 1475 435 1499 merus
467 1474 578 1498 error
606 1463 673 1497 hic
707 1468 762 1498 est
795 1462 980 1504 medicei,
1013 1464 1133 1499 veluti
1166 1465 1251 1500 Lib.
1285 1468 1320 1511 7,
1352 1467 1390 1509 3,
1423 1467 1465 1501 4:
1497 1466 1563 1499 ubi

4 1511 8 1555 j
71 1513 205 1547 habet:
242 1511 327 1546 milti
349 1512 428 1556 ipse
446 1511 564 1552 finem
581 1512 727 1553 fecisse
751 1511 839 1545 belli
861 1522 1016 1557 prorsus
1043 1513 1211 1557 soloece,
1237 1513 1314 1548 hoc
1331 1519 1458 1549 tamen
1475 1513 1561 1549 loco

4 1572 7 1581 ¹
71 1561 117 1594 ad
143 1561 182 1595 id
207 1570 325 1607 genus
350 1560 595 1594 referendum
620 1560 795 1599 videtur,
829 1559 874 1593 de
908 1570 983 1603 quo
1016 1559 1210 1596 subtiliter
1241 1562 1421 1597 disseruit
1453 1561 1562 1596 Hoff-

6 1643 7 1646 ,
71 1620 186 1643 mann
211 1610 251 1641 in
275 1606 370 1642 Ialm
393 1606 620 1642 Ialcrbiiclcer
652 1611 684 1642 7.
710 1608 777 1642 Bd.
809 1609 844 1642 1.
867 1608 975 1644 Heft.
996 1620 1033 1653 p.
1057 1610 1114 1644 39.
1131 1610 1209 1645 OR.
1230 1629 1274 1637 -—
1294 1610 1471 1655 quoniam.
1499 1609 1562 1644 Sic

69 1658 182 1692 Basil.
216 1657 322 1691 Crat.
350 1654 450 1690 vict.
478 1659 508 1691 1.
536 1656 671 1693 hamb.
708 1656 805 1691 Lall.
837 1657 1147 1705 Martyni-Lag.
1172 1657 1259 1693 Sch.
1286 1659 1370 1704 quia
1405 1658 1502 1693 Vict.
1528 1659 1562 1694 2.

72 1709 204 1743 Graev.
229 1704 323 1738 Ern.
351 1703 488 1740 Bened.
521 1722 569 1729 —
601 1705 675 1738 nisi
699 1725 742 1730 —
768 1705 812 1738 de
837 1715 910 1747 me,
943 1705 998 1738 als
1025 1705 1078 1738 bis
1103 1707 1164 1741 Du
1188 1707 1314 1741 meine
1339 1705 1564 1741 Riickberu-

71 1757 168 1799 sung
194 1765 241 1785 zu
265 1753 402 1787 Stande
428 1752 612 1798 gebracht
637 1752 785 1787 hattest.
812 1754 848 1786 S.
874 1764 920 1787 zu
939 1752 1103 1796 LXXIX,
1129 1756 1162 1790 2.
1190 1755 1331 1798 LXXX,
1358 1757 1391 1790 1.
1417 1755 1563 1796 LXXX,

5 1795 8 1842 ἶ
71 1806 105 1839 2.
130 1815 166 1836 u.
193 1800 341 1841 CXXV,
369 1803 401 1837 2.
451 1801 499 1836 So
537 1802 752 1846 interpung.
787 1801 873 1835 sch.
907 1801 979 1834 mit
1011 1802 1206 1849 Martyni-
1220 1804 1312 1852 Lag.
1338 1808 1446 1838 statt:
1477 1814 1563 1848 per-

5 1868 8 1899 3
63 1853 173 1894 secta
207 1860 265 1892 re,
300 1849 343 1884 de
374 1860 427 1883 me
458 1861 529 1883 non
560 1860 659 1893 conq.
696 1869 741 1875 —-
774 1849 859 1893 quia
885 1849 1005 1884 delev.
1030 1850 1125 1885 Ern.
1152 1851 1450 1899 Martyni-Lag.
1473 1850 1562 1886 Sch.

72 1900 168 1933 Li'm.
198 1916 240 1922 —-
268 1897 305 1931 in
330 1902 391 1931 tua
423 1908 533 1932 causa
566 1897 695 1940 efficio
721 1899 745 1931 i.
773 1909 806 1932 e.
832 1898 989 1931 efficere
1014 1909 1175 1944 possum.
1233 1902 1305 1935 Die
1331 1898 1456 1934 sache
1481 1911 1562 1934 war

70 1948 191 1982 diese:
227 1946 307 1980 Der
331 1945 586 1994 Aegyptische
612 1946 734 1992 K'dnig
759 1946 997 1980 Ptolemaeus
1022 1948 1173 1982 Auletes
1198 1948 1233 1983 d.
1258 1948 1284 1982 i.
1313 1948 1384 1982 der
1407 1949 1561 1982 F16ten-

5 1990 8 1995 ’
70 1996 216 2038 bla'ser‚
248 1994 317 2028 der
345 1995 455 2029 vater
479 1995 543 2028 des
571 1995 802 2037 Ptolem'aus‚
836 1994 1006 2029 welcher
1029 1996 1102 2029 den
1128 1996 1332 2042 Pompeius
1356 1996 1562 2031 ermorden

70 2044 175 2084 liess,
203 2042 280 2075 und
306 2041 375 2076 der
398 2042 663 2090 beriichtigten
691 2044 912 2089 Cleopatra,
939 2042 1044 2077 hatt'e
1071 2043 1154 2078 sich
1187 2056 1250 2079 aus
1269 2043 1432 2088 Fureht,
1472 2045 1561 2079 weil

71 2092 151 2126 sein
179 2089 350 2124 Vorfahr
373 2090 589 2124 Alexander
612 2092 681 2126 111.
708 2091 770 2125 die
796 2093 936 2126 Romen·
960 2103 1007 2126 zu
1038 2092 1169 2126 Erben
1194 2093 1314 2127 aeines
1339 2091 1482 2127 Reichs
1508 2093 1563 2127 im

69 2141 308 2175 Testamenta
346 2139 454 2172 sollte
486 2139 678 2174 bestimmt
710 2139 834 2174 haben
859 2140 911 2183 (s.
941 2141 1020 2175 Cic.
1048 2147 1171 2175 contr.
1206 2141 1308 2176 Ruu.
1335 2141 1387 2180 11,
1417 2143 1482 2184 16,
1515 2142 1561 2178 1..

70 2189 161 2235 Agr.
188 2188 219 2229 1,
249 2186 319 2228 1.),
346 2187 420 2220 sein
447 2186 565 2220 Reich
591 2200 640 2221 zu
671 2188 878 2230 verlieren‚
905 2187 1025 2222 sehon
1051 2189 1164 2237 lange
1190 2188 1325 2223 darum
1351 2190 1562 2229 beworben,

68 2237 149 2270 dass
174 2247 217 2270 er
242 2245 328 2269 vom
354 2233 582 2270 R‘dmischen
607 2235 730 2271 Rathe
763 2237 828 2270 fiir
853 2237 963 2271 einen
990 2236 1323 2285 Bundesgenossen
1348 2250 1385 2272 u.
1409 2239 1562 2273 Freund

70 2284 214 2318 erklart
248 2283 378 2316 xviii-de
411 2282 464 2323 (S.
501 2283 549 2317 ad
580 2284 694 2318 Attio.
721 2285 773 2326 11,
801 2285 824 2319 5
846 2297 883 2319 u.
913 2286 983 2327 16).
1034 2286 1091 2319 Er
1125 2291 1243 2320 setzte
1274 2285 1373 2320 dies»
1405 2285 1561 2321 endlich

69 2331 190 2366 durch
215 2331 293 2365 und
318 2329 460 2365 erhlelt
492 2341 576 2365 vom
611 2333 753 2368 Consul
789 2335 923 2373 Casan
961 2334 1047 2367 dem
1081 2334 1266 2381 Collegen
1299 2334 1364 2368 des
1396 2334 1560 2377 Bibulus,

71 2380 172 2414 diese
197 2379 484 2428 Regiinstigung
509 2381 559 2422 (S.
584 2380 735 2415 Sueton.
764 2382 866 2416 Caes.
894 2391 925 2415 c.
951 2382 1008 2416 54.
1035 2382 1137 2417 Caes.
1165 2382 1211 2416 de
1238 2384 1279 2416 Β.
1309 2384 1349 2417 C.
1376 2382 1450 2423 111,
1479 2384 1559 2417 107.

71 2427 143 2462 Dio
168 2430 228 2469 39,
257 2430 314 2464 12.
341 2427 462 2462 Strab.
479 2428 600 2470 XVII,
628 2430 749 2471 1146).
800 2429 1031 2474 Ptolem'ziun,
1056 2430 1120 2464 des
1135 2429 1363 2465 R'omischen
1377 2429 1560 2465 Schutzes

71 2475 160 2508 sehr
184 2476 395 2522 bediirstig,
423 2476 512 2510 weil
537 2488 625 2510 man
651 2477 720 2510 ihn
746 2477 785 2510 in
804 2478 1001 2524 Aegypten
1028 2477 1138 2512 nicht
1163 2477 1332 2512 einmahl
1358 2479 1422 2510 fiir
1447 2478 1560 2513 einen

73 2521 210 2556 echten
245 2523 345 2558 Sohn
379 2524 441 2558 des
467 2524 608 2572 Kb'nigs
635 2525 870 2559 Ptolemaeus
896 2525 1086 2560 hathurus
1112 2525 1231 2569 hieu,
1269 2525 1459 2559 ὕδει-ὤθεε
1484 2537 1561 2560 we-

72 2580 147 2650 ξω
173 2569 389 2606 schlechter
413 2573 627 2618 Regirung,
664 2574 835 2613 Geitzes.
872 2574 1140 2608 Grausamkeit
1166 2574 1242 2607 und
1268 2573 1448 2607 VVollust
1473 2586 1559 2609 ver-

103 2623 195 2657 asst,
231 2619 428 2654 erbitterte
461 2621 582 2654 durch
609 2622 692 2655 iene
718 2621 970 2668 Verbindung
997 2622 1097 2656 aeine
1133 2619 1398 2656 Unterthanen
1430 2633 1492 2656 um
1519 2633 1558 2657 ιο

71 2664 203 2706 mehr,
236 2666 325 2699 weil
356 2668 455 2701 dieue
487 2667 609 2702 durch
647 2680 742 2703 neue
777 2669 954 2716 Abgaben
988 2670 1053 2704 ihn
1087 2671 1152 2703 fiir
1181 2668 1242 2702 die
1275 2670 1317 2702 in
1350 2670 1445 2704 Rom
1470 2681 1557 2704 ver-

72 2713 241 2747 wandten
267 2715 406 2760 Kontep
431 2714 604 2750 schadlos
629 2717 759 2751 halten
793 2719 940 2752 sollten.
989 2718 1116 2751 Seinea
1141 2716 1286 2751 Lebem
1310 2715 1420 2751 nicht
1444 2717 1558 2752 mehr

71 2760 196 2796 sicher
221 2761 300 2796 ssoh
326 2773 369 2797 er
394 2764 488 2797 :wei
525 2763 636 2799 Iahre
664 2767 789 2809 *pater
815 2765 912 2800 nach
938 2766 1055 2807 Rom,
1089 2766 1142 2799 als
1169 2765 1350 2800 Lentulus
1374 2765 1556 2811 Spinther
