1742 3006
568 96 889 141 EPISTOLA
929 96 1108 141 CXXI.
1490 96 1584 147 393

94 212 170 254 sit.
240 209 333 253 Nos
374 210 492 251 enim
535 209 602 251 ita
639 206 867 265 philologi
906 221 1081 262 sumus,
1120 212 1171 251 ut
1200 209 1273 252 vel
1303 222 1406 252 cum
1434 210 1579 254 fabris

94 266 303 309 habitare
354 266 586 321 possimus.
663 264 890 306 Habemus
942 263 1061 306 hanc
1109 265 1446 322 philosophiam
1488 281 1579 309 non

95 324 150 365 ab
188 322 434 379 Hymetto,
481 319 562 361 sed
592 319 648 360 ab
677 333 784 362 area
812 320 945 374 Syra.
1022 319 1197 362 Marius
1238 327 1285 364 et
1312 323 1577 365 valetudine

97 381 166 420 est
194 380 240 420 et
268 381 428 419 natura
456 375 746 417 imbecillior.
804 375 877 416 De
906 376 1274 430 interpellatione
1304 381 1477 420 tantum
1506 392 1578 420 su-

95 448 213 475 mam
252 447 279 475 a
305 432 434 475 vobis
464 431 680 486 temporis
720 431 778 473 ad
815 431 1125 484 scribendum,
1155 437 1368 487 quantum
1398 434 1578 477 dabitis.

95 490 279 532 Utinam
307 487 426 529 nihil
458 487 600 538 detis,
632 491 681 528 ut
709 488 858 541 potius
887 491 1039 528 vestra
1067 487 1263 543 iniuria,
1292 504 1426 543 quam
1454 490 1578 546 igna-

95 546 172 587 via
199 557 298 586 mea
326 548 516 585 cessem!
574 543 646 583 De
686 556 734 584 re
763 543 945 598 publica
974 543 1161 584 nimium
1191 548 1235 585 te
1266 545 1471 588 laborare
1498 547 1578 589 do-

96 601 169 642 leo
198 605 243 642 et
270 600 503 641 meliorem
535 598 680 640 civem
710 612 822 650 esse,
853 612 986 654 quam
1014 598 1341 653 Philoctetam,
1371 603 1473 657 qui,
1504 615 1579 644 ac-

97 660 228 711 cepta
255 655 443 707 iniuria,
474 668 528 695 ea
557 656 818 709 spectacula
847 655 1114 710 quaerebat,
1155 668 1270 710 quae
1300 658 1386 698 tibi
1416 659 1581 701 acerba

96 726 192 754 esse
219 711 368 755 video.
428 711 598 753 Amabo
628 714 696 762 te,
727 711 910 754 advola:
959 712 1228 755 consolabor
1256 716 1300 755 te
1331 717 1376 756 et
1405 727 1581 757 omnem

97 855 218 889 vicina
246 861 339 889 erat.
367 853 475 890 SCH.
501 855 598 899 „Ich
622 856 702 890 will
728 856 818 891 aber
843 857 957 891 dafiir
982 868 1137 903 sorgen,
1185 856 1269 891 dass
1295 857 1397 893 heim
1422 858 1580 894 Anicius

96 904 194 938 Alles
227 916 293 938 zur
325 905 531 950 bequemen
557 904 773 951 Aufnahme
800 905 864 938 des
898 906 1209 940 schwachlichen
1243 908 1390 941 Marius
1418 908 1581 954 geborig

97 952 171 986 soll
196 952 454 1001 eingerichtet
479 953 598 987 sein.“
649 954 754 988 Uber
792 953 931 996 videre,
966 958 1004 987 ut
1040 966 1069 988 s.
1099 955 1252 989 Ramsh.
1288 958 1317 1000 ἕ.
1355 957 1441 996 193,
1475 956 1515 997 I,
1544 959 1577 992 1.

97 1001 177 1045 Vgl.
203 1002 250 1034 ad
276 1001 360 1038 Div.
389 1000 492 1043 XVI,
529 1002 569 1035 lx
608 1006 651 1034 ut
682 1012 814 1035 navem
849 1001 1028 1035 idoneam
1052 1003 1269 1042 habeamus,
1297 1003 1497 1049 diligenter
1522 1005 1577 1038 vi·

99 1049 224 1088 debis;
251 1051 404 1087 Terent.
431 1048 544 1086 Andr.
573 1049 621 1090 11,
648 1049 682 1092 6,
710 1051 771 1085 25:
805 1061 877 1094 ego
904 1051 1023 1084 istaec
1051 1057 1089 1084 ut
1115 1057 1219 1085 recte
1244 1053 1338 1085 fiant
1361 1053 1505 1086 videro.
1533 1072 1576 1080 -

97 1097 153 1131 ita
183 1096 370 1142 philologi
402 1107 542 1139 sumus,
585 1096 650 1130 ich
685 1097 782 1131 habe
814 1098 919 1131 mich
954 1099 1017 1133 bei
1050 1099 1200 1133 meinen
1231 1099 1386 1134 Studien
1419 1113 1460 1135 so
1494 1101 1582 1134 hart

96 1146 290 1190 gewohnt,
341 1145 423 1179 dass
459 1144 525 1178 ich
552 1143 656 1179 wohl
680 1157 746 1191 gar
770 1146 831 1180 bei
858 1146 1007 1180 meinen
1033 1147 1325 1183 Zimmerleuten
1352 1149 1434 1183 und
1459 1148 1583 1183 Stein-

96 1200 242 1227 metzen
268 1193 432 1227 wolinen
458 1194 609 1227 kb'nnte.
667 1193 740 1228 Ich
766 1195 829 1228 bin
855 1196 961 1229 nicht
987 1197 1294 1240 verweichlicffl,
1326 1198 1394 1231 wie
1419 1198 1583 1232 manche

98 1242 293 1284 Gelehrte‚
319 1242 378 1275 die
403 1242 540 1275 immer
565 1241 748 1278 studiren.
775 1261 821 1268 ·—
855 1244 900 1278 ab
926 1244 1119 1288 Hymetto,
1153 1245 1240 1278 dem
1266 1245 1582 1280 Bienenkriiuter·

95 1290 174 1323 und
205 1291 496 1335 Marmorberge
533 1290 592 1324 bei
628 1290 762 1326 Athen.
828 1293 864 1329 S.
902 1293 1033 1325 Horat.
1061 1293 1132 1326 Od.
1162 1293 1212 1337 11,
1237 1294 1271 1336 6,
1300 1294 1356 1328 14.
1384 1295 1582 1332 Columell.

97 1338 144 1379 X,
170 1340 251 1374 385.
277 1353 327 1370 z
353 1351 374 1372 a
400 1338 557 1372 Graecis
584 1339 810 1373 effeminatis
838 1347 876 1373 et
900 1340 1095 1383 mollibus,
1121 1347 1161 1374 ut
1187 1353 1290 1375 nunc
1317 1348 1413 1376 sunt.
1438 1360 1487 1368 ——
1537 1343 1584 1377 ab

96 1397 186 1420 area
209 1387 319 1430 Syra.
355 1386 440 1420 5011.
475 1386 535 1420 ed.
570 1387 660 1420 min.
699 1388 794 1421 coni.
827 1389 935 1422 Bent.
968 1388 1012 1421 ab
1040 1399 1131 1422 area
1159 1389 1269 1434 Cyri,
1297 1390 1388 1425 Oliv.
1415 1390 1510 1425 Lan.
1537 1391 1583 1425 αὸ

98 1444 188 1468 area
222 1436 359 1479 Cyrea,
413 1446 485 1468 von
513 1436 676 1468 meinern
703 1435 915 1482 Bauplatze.
973 1437 1083 1470 Denn
1120 1438 1241 1483 Cyrus
1278 1450 1354 1471 war
1379 1439 1460 1472 sein
1488 1441 1583 1473 Bau-

97 1482 264 1516 meister.
315 1485 351 1518 S.
386 1483 495 1528 epist.
535 1483 710 1526 CXVIII,
749 1485 785 1521 2.
822 1484 951 1529 Cyrea.
1002 1486 1137 1520 Cicero
1164 1486 1272 1519 hatte
1298 1486 1382 1520 sich
1409 1487 1471 1520 bei
1498 1487 1585 1521 dem

94 1532 220 1564 Bauen
246 1531 317 1564 viel
341 1531 378 1564 in
405 1531 521 1564 Wind
547 1531 622 1564 und
648 1533 799 1565 Wetter
825 1532 1175 1578 umhergetrieben3
1211 1535 1287 1568 fast
1312 1541 1423 1569 unter
1446 1536 1584 1571 freiem

96 1578 263 1613 Himinel
289 1579 519 1624 geschlafen‚
544 1579 694 1614 studirt.
723 1599 763 1605 ——
791 1580 953 1615 Marius.
1004 1583 1131 1617 Davor
1154 1583 1273 1629 suppl.
1298 1583 1364 1617 Ac.

192 1647 226 1684 4,
251 1647 310 1681 De
334 1645 538 1691 interpell„
566 1658 638 1681 was
664 1647 727 1681 das
751 1647 1168 1693 Ungelegenkommen‚
1196 1650 1258 1685 das
1285 1650 1583 1696 Unterbrechen,

97 1695 258 1729 St'dhren
291 1696 463 1737 betrifft,
514 1707 647 1730 wovon
680 1697 741 1730 Du
772 1696 962 1731 schreibst
998 1699 1074 1731 und
1110 1699 1175 1733 ich
1201 1711 1245 1733 zu
1269 1701 1439 1746 Anfange
1465 1701 1584 1735 dieses

98 1744 222 1779 Briefs
247 1744 482 1793 gesprochen
509 1744 615 1778 habe.
644 1765 686 1771 —
714 1745 819 1787 detis,
848 1751 888 1778 tu
914 1752 952 1779 et
974 1748 1145 1790 Marius,
1174 1760 1337 1793 quocum
1362 1750 1518 1786 veneris.
1537 1768 1582 1775 —-

99 1803 239 1825 cessem.
298 1794 435 1827 Iocose
467 1792 658 1836 significat
690 1805 728 1826 se
761 1805 835 1826 non
861 1800 938 1827 tam
962 1795 1122 1838 assidue,
1150 1808 1263 1841 quam
1290 1797 1448 1844 Quintus
1477 1804 1584 1843 puta-

98 1841 206 1884 verit,
231 1840 339 1874 libris
364 1841 574 1875 scribendis
599 1853 751 1887 operam
779 1842 890 1884 dare3
923 1844 1067 1888 saepius
1095 1845 1219 1889 potius
1244 1857 1406 1879 cessare:
1440 1846 1584 1889 „ideo-

99 1899 188 1935 que,
231 1889 261 1922 si
288 1901 373 1923 cum
399 1889 525 1923 Mario
552 1890 720 1931 veneris,
764 1890 877 1923 velim
911 1891 1004 1924 mihi
1030 1891 1126 1926 nihil
1153 1905 1302 1939 prorsus
1328 1895 1511 1939 temporis
1538 1895 1584 1929 ad

98 1936 341 1971 scribendum
373 1938 615 1982 relinquatis,
666 1945 709 1972 ut
739 1937 910 1983 ignaviae
943 1951 1048 1973 meae
1091 1949 1235 1975 vestrae
1268 1943 1584 1988 interpellationis

99 1985 278 2018 iniuriam
305 1986 551 2031 praetendere
576 1987 758 2032 possim.“
782 1987 894 2021 SCH.
925 2007 970 2013 —-
995 1988 1250 2026 Philoctetam.
1302 1990 1364 2025 Sic
1378 1991 1459 2025 Md.
1480 1992 1582 2025 Vict.

98 2035 133 2069 2.
162 2032 386 2067 Philocteten
423 2035 525 2067 Man.
551 2036 686 2072 Lamb.
715 2033 950 2070 Plziloctetem
987 2038 1085 2072 cett.
1114 2038 1313 2074 ORELLI.
1358 2041 1468 2072 Denn
1495 2041 1584 2074 Phi-

99 2081 261 2115 loktetes
288 2082 375 2123 (des
401 2082 649 2128 Sophokles)‚
685 2095 757 2116 von
790 2084 920 2117 seinen
945 2085 1253 2119 Landsma'nnern
1291 2088 1358 2121 auf
1391 2088 1456 2121 der
1482 2089 1586 2123 Insel

98 2131 262 2165 Lemnos
288 2130 495 2169 verlassen,
523 2130 628 2165 hatte
654 2131 756 2164 diese
782 2133 982 2170 verssucht.
1033 2136 1069 2167 S.
1095 2135 1233 2179 Hygin.
1261 2135 1338 2170 fab.
1367 2137 1446 2171 102.
1475 2137 1585 2171 Ovid.

99 2179 256 2213 Metam.
289 2179 391 2212 XIII.
426 2179 496 2213 313
521 2179 561 2212 ff.
603 2180 718 2217 Trist.
757 2180 800 2222 V,
832 2181 866 2223 4,
907 2183 963 2216 12.
1005 2182 1081 2215 Cic.
1110 2183 1266 2218 Tuscul.
1293 2184 1344 2225 11,
1373 2187 1405 2220 7.
1433 2184 1477 2217 de
1503 2186 1584 2219 Fat.

104 2228 159 2262 16.
189 2226 359 2271 Propert.
389 2226 440 2267 11,
471 2229 503 2268 ἰ,
530 2228 576 2263 59
604 2229 692 2271 (61).
723 2246 766 2253 -
794 2233 944 2272 accepta
969 2240 989 2262 a
1017 2230 1188 2264 Graecis.
1212 2249 1262 2255 ——-
1298 2242 1340 2265 ea
1378 2231 1456 2274 (Sic
1482 2233 1586 2267 Med.

101 2275 210 2308 Amb.
250 2277 304 2311 16.
337 2275 447 2308 Rom.
490 2275 588 2310 vict.
628 2278 659 2310 1.
688 2277 722 2311 2.
764 2276 833 2310 illa
862 2279 981 2320 cett.)
1007 2282 1112 2321 spect.
1140 2289 1280 2323 quaer„
1332 2280 1415 2313 sich
1443 2293 1487 2314 an
1514 2282 1584 2315 den

101 2322 366 2368 Schauspielen
392 2334 437 2355 zu
465 2324 606 2356 weiden
634 2324 846 2361 wiinschte.
891 2327 1102 2368 spectacula
1127 2327 1205 2361 scil.
1233 2329 1377 2373 patriae
1402 2329 1589 2363 laceratae

102 2376 141 2403 et
166 2370 354 2404 intestinis
379 2371 489 2404 malis
515 2372 731 2407 laborantis.
758 2374 863 2410 SCH.
899 2391 943 2397 -
994 2385 1084 2418 quae
1116 2375 1185 2409 tibi
1217 2378 1347 2411 acerba
1373 2388 1446 2410 esse
1472 2377 1586 2411 video.

102 2417 245 2453 Schiitz
261 2419 337 2452 will
366 2429 454 2462 qnae
479 2419 545 2452 tibi
570 2421 701 2454 acerba
726 2425 819 2465 suut,
844 2421 966 2464 video,
992 2434 1032 2456 so
1059 2423 1140 2457 dass
1164 2436 1235 2458 von
1260 2426 1363 2459 video
1391 2426 1450 2458 die
1478 2427 1589 2459 lVor-

102 2473 142 2500 te
169 2471 203 2500 te
228 2467 356 2501 melior
382 2467 450 2500 civ.
479 2477 553 2501 esse
578 2468 788 2513 abfflngen,
814 2469 926 2502 nicht
951 2482 1023 2504 von
1049 2472 1171 2514 doleo,
1207 2474 1293 2506 weil
1321 2473 1416 2506 diess
1443 2474 1505 2507 fiir
1530 2474 1588 2509 M.

107 2514 242 2549 Cicero
279 2515 392 2548 nicht
423 2527 538 2560 passe.
611 2517 734 2551 Allein
769 2517 924 2557 Cicero,
976 2519 1042 2552 der
1074 2520 1114 2553 in
1150 2520 1220 2554 den
1247 2522 1403 2565 vorigen
1431 2523 1587 2555 Briefen

105 2562 223 2595 sehon
257 2565 355 2597 oster
391 2567 581 2607 geaussert
612 2565 699 2608 hat,
739 2565 805 2599 der
830 2566 1015 2600 Freistaat
1040 2569 1092 2602 sei
1120 2570 1313 2610 veriorem,
1341 2570 1520 2603 wesshalb
1548 2582 1589 2604 er

106 2610 187 2642 sich
214 2611 325 2644 nicht
349 2611 460 2644 mehr
486 2611 615 2646 darum
641 2625 680 2647 so
708 2614 905 2647 kiimmern
932 2617 1041 2663 moge
1066 2617 1110 2659 (s.
1140 2629 1195 2662 op.
1226 2617 1323 2656 CVI,
1352 2619 1389 2651 1:
1427 2618 1498 2652 Sed
1524 2630 1587 2652 va-

106 2658 212 2691 leant
237 2662 339 2700 etc.)‚
365 2659 546 2694 bedauert
569 2661 662 2700 hier,
701 2663 784 2695 dass
809 2663 968 2707 Quintus
995 2665 1034 2697 in
1060 2665 1184 2698 seiner
1210 2665 1428 2705 Betr'ubniss
1455 2677 1489 2699 u.
1519 2667 1590 2701 Be-

106 2706 267 2751 sorgniss
300 2717 426 2750 wegen
459 2708 523 2741 des
561 2710 682 2742 staats
708 2722 757 2743 zu
783 2711 874 2744 weit
899 2711 1015 2756 gehe‚
1054 2713 1132 2746 und
1158 2724 1243 2746 nur
1268 2725 1321 2747 zu
1347 2713 1457 2748 sehr
1483 2714 1521 2748 in
1547 2727 1588 2749 eo

105 2754 190 2788 seru
220 2755 284 2789 das
311 2754 539 2800 Gegentheil
565 2768 651 2791 vom
677 2758 910 2792 Philoktetes
937 2761 1000 2795 sei.
1053 2762 1164 2795 Denn
1191 2762 1285 2795 eben
1313 2762 1378 2796 hat
1405 2763 1499 2797 cria
1524 2773 1590 2808 gu·
