1742 3006
574 63 893 106 EPISTOLA
924 66 1078 106 LXII.
1481 65 1575 112 2¹17

87 181 174 220 mci
193 179 362 232 peccati
384 178 455 216 luo
476 187 652 229 poenas.
713 173 990 229 Quamquam
1012 191 1080 216 me
1101 182 1201 218 tuae
1223 177 1377 217 literae
1401 181 1569 217 susten-
1607 189 1631 226 2

85 238 202 275 tant:
234 248 287 275 ex
315 232 492 286 quibus,
522 233 731 284 quantum
762 234 808 271 tu
838 230 935 284 ipse
965 244 1139 284 speres,
1171 232 1303 274 facile
1332 232 1566 287 perspicio.

88 290 214 339 Quae
242 288 418 343 quidem
449 289 591 327 tamen
630 286 796 340 aliquid
835 285 1052 327 habebant
1089 289 1237 330 solatii
1275 291 1399 340 ante,
1438 302 1568 343 quam

88 360 140 387 eo
169 345 327 388 venisti
356 356 382 383 a
410 343 646 395 Pompeio:
688 342 849 394 „Nunc
889 342 1177 383 Hortensium
1218 345 1346 385 allice
1381 347 1427 385 et
1455 344 1568 384 eius-

88 402 207 443 modi
235 396 400 443 viros.“
473 397 700 450 Obsecro,
738 398 799 438 mi
828 398 1074 452 Pomponi,
1113 400 1306 441 nondum
1335 400 1565 455 perspicis,

88 464 269 511 quorum
298 467 455 509 opera,
494 467 681 508 quorum
710 454 912 507 insidiis,
952 467 1137 509 quorum
1177 457 1344 496 scelere
1384 456 1566 511 perieri-

87 514 206 554 mus?
245 511 333 552 Sed
352 514 498 551 tecum
518 509 628 550 haec
647 522 799 550 coram
823 523 1018 564 agemus.
1079 511 1272 551 Tantum
1295 511 1420 563 dico,
1450 512 1565 568 quod

85 570 200 610 scire
230 572 273 608 te
300 570 428 621 putot
467 579 547 606 nos
586 579 674 606 non
718 566 913 617 inimici,
962 565 1039 606 sed
1081 566 1222 607 invidi
1267 567 1564 621 perdiderunt.

84 623 213 664 Nunc
240 623 279 664 si
309 623 394 663 ista
424 625 549 674 sunt,
589 634 699 676 quae
729 636 906 676 speras,
955 621 1263 663 sustinebimus
1294 635 1373 664 nos
1404 627 1447 663 et
1475 637 1564 677 spe,

85 692 169 734 qua
196 680 345 730 iubes,
377 677 581 718 nitemur.
640 676 743 730 Sin,
774 682 821 719 ut
850 677 959 718 mihi
987 677 1216 730 videntur,
1246 678 1424 719 infirma
1444 684 1564 727 sunt,

83 735 200 788 quod
228 735 394 789 optimo
422 737 622 787 tempore
651 732 803 776 facere
827 747 913 775 non
943 734 1094 784 licuit,
1124 735 1268 776 minus
1292 733 1451 775 idoneo
1471 734 1561 776 fiet.

83 791 292 832 Terentia
330 789 411 830 tibi
449 802 577 843 saepe
616 789 708 843 agit
746 791 928 843 gratias.
1008 789 1123 830 Mihi
1162 791 1298 832 etiam
1338 804 1470 831 unum
1509 791 1564 832 de

81 847 209 888 malis
230 847 274 886 in
292 850 410 887 metu
433 849 520 897 est,
551 845 707 885 fratris
725 846 878 887 miseri
900 848 1146 900 negotium:
1177 847 1294 901 quod
1308 878 1320 898 ,
1351 847 1389 887 si
1408 847 1562 898 sciam,

82 902 328 944 cuiusmodi
356 903 435 951 sit;
465 901 630 952 sciam,
660 901 767 955 quid
803 901 1023 957 agendum
1051 901 1163 942 mihi
1192 903 1265 944 sit.
1323 902 1400 943 Me
1429 902 1562 944 etiam

80 973 194 1000 nunc
241 958 426 999 istorum
475 956 791 998 beneficiorum
833 963 876 999 et
914 959 1144 999 literarum
1183 957 1476 1011 exspectatio,
1515 963 1564 999 ut

80 1016 161 1055 tibi
199 1015 368 1069 placet,
406 1013 756 1056 Thessalonicae
796 1018 927 1056 tenet.
998 1015 1047 1055 Si
1076 1014 1181 1068 quid
1212 1016 1299 1055 erit
1326 1014 1429 1055 novi
1457 1015 1563 1055 alla-

78 1074 193 1124 tum,
223 1071 386 1123 sciam,
418 1071 474 1111 de
493 1070 661 1124 reliquo
684 1070 791 1124 quid
812 1070 1027 1125 agendum
1058 1071 1131 1112 sit.
1193 1071 1266 1112 Tu
1296 1070 1359 1124 si,
1390 1073 1438 1110 ut
1454 1071 1566 1111 seri-

33 1151 35 1154 .
77 1128 170 1179 bis,
201 1126 300 1167 Kal.
331 1127 425 1169 Iun.
455 1126 604 1167 Roma
632 1126 856 1180 profectus
890 1139 960 1179 es,
992 1126 1252 1180 propediem
1273 1140 1352 1167 nos
1374 1126 1560 1167 videbis.

75 1183 277 1234 Literas,
316 1195 424 1237 quas
463 1182 521 1223 ad
549 1182 813 1237 Pompeium
842 1183 1026 1237 scripsi,
1066 1182 1149 1224 tibi
1176 1182 1292 1224 misi.
1352 1183 1458 1224 Dat.
1493 1183 1561 1224 Id.

77 1238 167 1279 Iun.
226 1238 583 1281 Thessalonicae.

171 1398 205 1431 2.
234 1400 419 1438 quamam,
455 1395 529 1428 wie
556 1396 693 1441 wenig.
732 1413 771 1420 -—
817 1407 839 1428 (ι
869 1396 1039 1439 Pompeio
1067 1397 1088 1428 i.
1124 1407 1155 1428 e.
1194 1401 1394 1439 antequam
1433 1397 1479 1429 ab
1507 1396 1561 1438 iis,

76 1454 169 1488 quae
195 1444 240 1476 de
267 1444 447 1487 Pompeio
473 1443 696 1488 scr3pse1·as‚
736 1445 873 1476 venisti
906 1444 951 1477 ad
985 1445 1094 1477 haec:
1139 1443 1282 1482 „Nunc
1318 1444 1562 1477 Hortensium

76 1492 232 1525 allice.“
270 1492 332 1525 Sic
355 1491 593 1538 distinguunt
615 1491 696 1524 Aso.
713 1494 741 1524 1.
772 1492 874 1527 Crat.
906 1492 1003 1525 Vict.
1034 1495 1064 1526 1.
1091 1491 1245 1525 Schiitz.
1275 1492 1434 1529 Liineui,
1464 1493 1563 1530 Cett⁶

77 1540 222 1572 renisez':
256 1540 289 1571 Α
320 1538 488 1582 Pompeio
522 1549 610 1572 nunc
646 1539 692 1572 H.
726 1539 791 1571 all.
819 1546 855 1572 et
889 1540 1190 1585 interpretantur
1229 1544 1312 1584 post
1346 1540 1562 1584 Pompeium.

75 1587 172 1621 Aber
196 1587 278 1633 vgl.
305 1598 362 1631 ep.
389 1587 534 1620 LXlll:
568 1588 788 1632 „Quantum
823 1588 1023 1621 Hortensio
1056 1588 1284 1622 credendum
1322 1588 1368 1621 sit
1394 1590 1492 1621 cet.“
1518 1607 1561 1612 -

75 1636 131 1669 sin
157 1634 306 1675 infirma
338 1638 430 1668 sunt.
468 1636 553 1680 vgl.
581 1645 638 1679 ep.
666 1634 797 1666 LXIV.
834 1654 880 1658 -—
916 1637 1042 1668 insidi.
1077 1637 1111 1668 S.
1140 1648 1184 1670 zu
1210 1647 1268 1681 ep.
1299 1636 1370 1675 LX,
1399 1639 1436 1673 2.
1465 1637 1560 1677 LXI,

76 1685 112 1721 4,
142 1702 184 1708 -—-
211 1683 345 1727 optimo
373 1686 541 1727 tempore.
568 1683 656 1727 Vgi.
684 1682 760 1723 LX,
788 1684 822 1718 2.
851 1693 910 1716 ani
936 1685 1059 1720 Ende,
1088 1703 1131 1708 —
1170 1694 1240 1716 non
1275 1685 1380 1718 licuit
1406 1695 1475 1730 per
1500 1696 1562 1718 vos

74 1731 224 1765 vivendi
249 1736 433 1764 auctores.
461 1750 504 1755 ——
538 1731 657 1763 minus
679 1731 810 1764 idoneo
829 1730 911 1771 fiet,
962 1732 1084 1777 Igitur
1117 1732 1284 1765 nondum
1319 1744 1340 1765 a
1365 1734 1561 1778 proposito

78 1780 310 1815 voluntariae
336 1778 470 1812 mortis
497 1779 727 1813 discesserat.

169 1848 203 1882 3.
227 1846 314 1888 agit
337 1846 498 1888 gratias.
530 1844 612 1879 Asc.
640 1849 669 1880 1.
704 1848 804 1879 Crat.
839 1848 967 1881 Lamb.
1008 1848 1157 1889 grillius
1192 1849 1284 1889 agit.
1320 1867 1364 1873 -
1403 1849 1439 1881 in
1473 1852 1563 1882 metu

74 1899 147 1940 esi,
181 1894 328 1928 bestelit
354 1893 452 1928 noch
478 1895 518 1926 in
544 1895 684 1927 blosser
711 1894 876 1936 Furcht3
913 1897 1012 1928 demi
1046 1895 1110 1928 ich
1147 1898 1236 1929 weis
1263 1897 1389 1936 nicht,
1424 1897 1471 1929 ob
1499 1896 1562 1928 das

75 1943 169 1978 Ubel
195 1942 318 1976 werde
344 1942 509 1975 realisirt
534 1943 694 1976 werden.
723 1960 767 1966 —
795 1943 998 1984 negotium,
1031 1945 1230 1977 accusatio.
1269 1942 1349 1977 vid.
1380 1954 1437 1988 ep.
1465 1945 1561 1979 LXI.

77 2010 119 2015 —-
146 1991 277 2033 agend.
301 1989 399 2023 mz’lzi.
416 1988 564 2024 Ascens.
590 1996 750 2034 utraque
777 1990 864 2023 mila·
880 1993 1070 2034 agendum.
1098 2011 1142 2015 ——
1167 1992 1328 2026 istm-mn.
1357 1992 1437 2024 Bos.
1466 1992 1561 2031 (siue

75 2038 314 2079 auctoritate)
340 2037 502 2073 illorum.
552 2039 608 2072 Ita
642 2039 756 2072 etiam
785 2040 924 2074 Graev.
952 2039 1043 2072 Ern.
1072 2039 1159 2073 Sch.
1190 2040 1343 2073 Liinem.
1374 2058 1417 2063 —
1453 2040 1555 2072 bene-

68 2085 236 2126 ficiorum
270 2090 303 2119 et
335 2085 547 2127 literarmn,
581 2086 647 2121 der
672 2086 827 2120 Dienste
855 2088 931 2120 und
956 2089 1105 2126 Emesa,
1148 2098 1255 2120 wozu
1292 2088 1372 2120 ihm
1409 2087 1559 2121 Attikus

75 2134 271 2180 Hoffnung
296 2133 473 2178 gemacht
499 2134 610 2167 hatte.
643 2153 686 2159 -—·
723 2134 1020 2176 Thessalonicae,
1056 2148 1101 2166 zu
1134 2134 1326 2169 Saloniehi
1362 2136 1400 2168 iu
1433 2136 1559 2169 Mace-

75 2182 211 2215 donien
238 2182 296 2214 od.
324 2181 392 2214 der
416 2181 655 2216 Tiirkischen
683 2183 842 2216 Provinz
869 2184 985 2216 Filiba
1012 2183 1204 2227 Vx'ilaieti.
1235 2204 1273 2208 ’-
1303 2185 1346 2216 de
1365 2185 1500 2227 reliquo
1527 2194 1555 2226 q.

76 2240 135 2272 ag.
161 2230 229 2270 sil,
256 2241 327 2262 was
353 2230 417 2262 siit·
433 2232 663 2278 Massi·egeln
689 2230 755 2264 ich
783 2231 821 2263 in
847 2230 1021 2264 Hinsicht
1049 2231 1110 2264 des
1137 2224 1309 2281 Ubrigeu
1340 2244 1384 2265 zu
1412 2232 1559 2276 tergun--

77 2277 140 2311 seu
168 2277 274 2312 habe.
302 2297 345 2303 -
372 2277 466 2313 Ιιίίὸ.
491 2278 594 2322 Iun„
623 2280 693 2313 den
723 2280 830 2313 13ten
858 2281 997 2313 Iunius.
