1742 3006
530 71 857 119 EPISTULA
898 71 1055 117 LXX.
1447 72 1540 120 267

59 187 117 229 ad
154 200 224 228 me
267 189 392 239 acta,
441 200 530 228 non
557 187 625 228 ita
663 183 820 226 laudat
848 183 1103 226 Curionem.
1171 184 1232 226 At
1267 186 1418 241 potest
1455 185 1541 227 ille

58 243 236 308 aliquid
266 243 644 298 praetermittere·
664 246 758 294 ·‚tu
797 240 886 281 nisi
917 240 1036 294 quod
1065 243 1188 294 erat,
1217 239 1421 296 profecto
1451 254 1541 283 non

6 332 8 355 ς
59 300 298 354 scripsisti.
355 299 577 340 Varronis
607 311 753 339 sermo
773 295 888 338 facit
906 297 1291 349 exspectationem
1311 297 1540 339 Caesaris:

6 358 10 377 '²
59 359 195 410 atque
225 356 393 397 utinam
423 355 518 410 ipse
546 353 697 395 Vario
727 353 954 394 incumbat
982 353 1030 392 in
1060 358 1258 395 causam!
1287 352 1409 409 quod
1437 366 1543 417 pro?

60 412 182 453 fecto
212 425 347 466 quum
375 424 456 452 sua
484 413 667 464 sponte,
696 414 790 450 tum
819 413 863 450 te
892 409 1090 450 instante
1119 408 1274 451 faciet.
1343 409 1470 463 Ego,
1499 409 1540 450 si

6 493 10 499 ·
59 481 131 508 me
160 465 403 521 aliquando
431 467 574 508 vestri
604 470 650 507 et
677 466 852 520 patriae
882 468 1132 519 compotem
1161 464 1345 506 fortuna
1364 464 1543 518 fecerit,

6 551 10 571 ‚
61 526 184 565 certe
213 522 434 576 efficiam,
473 527 523 563 ut
550 522 747 563 maxime
777 522 946 563 laeteie
976 534 1088 562 unus
1118 534 1172 562 ex
1200 522 1405 562 omnibus
1434 522 1545 563 ami-

6 610 10 620 .
61 580 153 629 cis;
201 591 389 633 meaque
429 578 589 620 'officia
627 582 672 619 et
710 579 885 631 studia,
926 591 1038 642 quae
1067 591 1225 631 parum
1254 580 1388 619 antea
1416 578 1546 619 luxe-

62 639 191 687 runt,
218 657 273 664 -—
300 633 534 676 fatendum
564 638 633 676 est
661 634 804 688 enim,
833 657 887 664 —
930 634 998 674 sic
1027 646 1265 688 exsequar,
1294 639 1345 674 ut
1372 647 1443 675 me
1472 647 1547 675 ae·-

6 694 10 735 [
60 704 147 745 que
177 691 260 731 tibi
290 703 344 731 ac
371 690 505 732 fiatri
535 695 582 732 et
611 691 767 731 libelis
797 690 965 731 nostris
1004 691 1263 731 restitutum
1292 693 1434 745 putes.
1494 690 1546 733 Si

5 739 9 786 ἓ
61 746 172 800 quid
208 747 256 787 in
297 750 341 788 te
370 748 580 803 peccati,
610 760 664 788 ac
693 746 842 801 potius
872 745 1084 800 quoniam
1113 746 1316 801 peccavi,
1347 746 1545 800 ignosce.

6 796 9 837 ἶ
60 802 114 843 In
145 816 215 843 me
246 803 366 844 enim
395 804 538 858 ipsum
567 803 752 857 peccavi
780 801 1105 846 vehementius.
1163 801 1320 857 Neque
1349 801 1464 843 haec
1492 816 1546 844 eo

60 859 238 913 selibo‚
287 872 374 913 quo
413 864 458 900 te
498 873 587 900 non
624 872 723 900 mco
753 871 859 900 casu
887 859 1088 900 maximo
1119 859 1278 899 dolore
1308 871 1406 900 esse
1435 859 1545 899 affe-

61 917 182 954 ctum
213 915 376 957 sciam:
406 915 485 956 sed
516 915 744 970 profecto,
775 915 830 967 si,
859 919 1071 968 quantum
1099 928 1171 956 me
1199 927 1321 956 amas
1357 919 1402 956 et
1428 927 1549 957 ama-

5 974 8 983 “
61 970 146 1022 sti,
199 974 370 1012 tantum
400 984 550 1012 amare
581 971 767 1012 deberes
797 983 850 1011 ac
880 971 1135 1023 debuisses,
1174 983 1398 1026 nunquam
1427 983 1548 1015 esses

62 1038 218 1079 passus
247 1041 342 1079 me,
385 1041 473 1082 quo
503 1031 553 1068 tu
583 1027 853 1079 abundabas,
883 1039 1016 1081 egere
1045 1026 1264 1076 consilio3
1312 1040 1396 1068 nec
1426 1040 1547 1069 esses

6 1078 7 1083 ’
61 1095 218 1135 passus
248 1082 362 1122 mihi
392 1082 655 1138 per suaderi
695 1083 809 1124 utile
838 1084 966 1123 nobis
998 1095 1094 1124 esse
1125 1084 1272 1138 legem
1309 1083 1366 1124 de
1407 1083 1548 1126 colle-

6 1159 9 1193 3
60 1138 149 1190 giis
178 1137 386 1193 perfeni.
466 1140 557 1181 Sed
595 1144 645 1181 tu
674 1142 848 1180 tantum
877 1139 1088 1180 laciimas
1118 1139 1367 1194 praebuisti
1397 1138 1549 1180 dolori

6 1202 8 1212 ’
62 1206 184 1246 meo,
215 1195 336 1249 quod
358 1199 456 1237 erat
485 1197 668 1248 amoris>
699 1199 925 1250 tamquam
958 1195 1054 1251 ipse
1078 1209 1188 1250 ego.
1229 1195 1348 1250 quod
1370 1196 1548 1238 meritis

65 1338 125 1372 ein
153 1336 308 1371 Senator
333 1336 409 1369 und
434 1335 581 1369 Freund
609 1334 672 1368 des
698 1334 848 1368 Cicero.
873 1354 918 1360 -
953 1338 1036 1367 (tcta
1061 1334 1099 1367 in
1127 1340 1270 1369 senatu.
1300 1353 1345 1360 --
1382 1346 1453 1368 non
1478 1334 1548 1378 α’ία,

6 1411 9 1430 2
64 1386 175 1419 nicht
201 1383 427 1418 sonderlich.
456 1402 498 1408 —
541 1387 667 1427 potest.
694 1384 843 1416 Ernesti
866 1383 986 1427 potuit
1014 1382 1071 1415 od.
1095 1387 1218 1427 potest
1240 1383 1548 1427 praetermisisse.

6 1434 10 1458 Γ
65 1434 144 1478 vgl.
171 1434 313 1467 iedoch
342 1434 514 1467 Goerenz
541 1444 585 1464 zu
613 1431 657 1464 de
683 1431 830 1465 Finibb.
859 1433 892 1474 3,
921 1432 975 1465 10.
1024 1431 1095 1465 Die
1121 1431 1210 1466 edit.
1237 1432 1334 1465 lens.
1362 1432 1452 1465 lasst
1477 1432 1551 1466 ali-

8 1480 9 1485 ’
66 1482 153 1526 quid
177 1494 250 1524 aus,
278 1493 349 1516 was
375 1480 523 1514 Ernesti
550 1479 710 1523 billigte.
739 1498 779 1504 —
834 1479 927 1523 quod
950 1482 1051 1522 erat,
1054 1517 1072 1525 ..
1093 1491 1165 1513 was
1197 1479 1277 1513 sich
1312 1480 1485 1514 wirklich
1510 1492 1552 1514 so

6 1562 8 1566 ,
67 1531 237 1563 verhielt.
289 1549 332 1554 —
389 1528 572 1562 Varronis
596 1538 709 1561 sermo
737 1533 828 1568 cet.‚
873 1529 1022 1561 varro’s
1047 1528 1263 1573 Ausserung
1297 1539 1416 1574 gegen
1448 1528 1554 1562 Dich

6 1590 7 1594 ¹
64 1579 153 1612 lasst
178 1579 304 1612 Etwas
331 1588 404 1610 von
433 1578 547 1612 Casar
573 1582 773 1609 erwarten.
801 1594 846 1601 --
880 1575 1087 1609 incumbere
1112 1575 1150 1609 in
1176 1588 1336 1618 causam,
1370 1576 1455 1611 sich
1484 1577 1554 1610 der

67 1628 188 1660 Sache
214 1624 400 1659 ernstlich
426 1625 651 1659 annehmen
677 1642 724 1649 --
750 1627 784 1655 ie
807 1624 974 1661 instante,
1002 1624 1070 1656 auf
1083 1624 1181 1657 Dein
1198 1627 1412 1659 Betreiben.
1447 1619 1554 1661 Uber

0 1686 10 1731 ’ἶ
66 1677 124 1712 Μ
152 1675 348 1709 Terentius
377 1673 501 1707 Varro
528 1684 557 1706 s.
585 1684 641 1717 ep.
670 1671 821 1713 XLVII,
847 1673 881 1706 6.
908 1672 1078 1714 XIVI11‚
1105 1674 1137 1707 4.
1165 1673 1228 1713 LI,
1257 1676 1291 1709 l.
1318 1675 1419 1716 LXI,
1446 1676 1478 1708 3.

162 1724 197 1758 4.
230 1724 424 1763 luserunt,
469 1721 506 1754 in
534 1720 597 1752 die
623 1723 751 1767 Augen
779 1719 915 1760 fielen,
954 1697 1315 1755 lxervolleuchteten.
1358 1734 1405 1755 an
1433 1723 1554 1756 eluxe-

0 1771 2 1792 ῑ
66 1770 171 1805 runt?
198 1771 395 1807 ORELLI.
422 1788 467 1794 —
493 1779 537 1802 ac
560 1773 633 1812 pot.
667 1769 819 1802 Ernesti
844 1768 1082 1802 vermuthete
1108 1774 1171 1802 aut
1193 1770 1325 1814 potius.
1354 1789 1398 1796 —
1426 1782 1553 1815 quo:

68 1821 120 1853 als
146 1832 262 1859 wenn,
289 1820 343 1852 als
372 1820 431 1853 ob.
483 1817 863 1860 S Ramsh.§.186.
890 1817 1036 1850 Grotef.
1064 1819 1092 1861 §.
1118 1819 1203 1853 394.
1234 1838 1278 1844 —
1305 1819 1449 1863 debere,
1476 1831 1556 1852 wo-

68 1881 114 1902 zu
135 1868 254 1902 durch
279 1867 423 1901 Pflicht
446 1866 662 1899 verbunden
692 1866 781 1901 sein.
835 1865 970 1898 Cicero
997 1867 1148 1899 mochte
1174 1867 1262 1900 dem
1287 1868 1435 1901 Attikus
1462 1879 1554 1912 geru

69 1917 195 1962 einige
215 1915 353 1949 Schuld
369 1915 602 1955 aufbiirden,
630 1914 732 1947 fehlt
757 1913 859 1954 aber,
888 1913 971 1946 dass
995 1915 1057 1948 das
1081 1916 1289 1960 ungerecht
1314 1917 1388 1957 sei3
1417 1917 1555 1950 nimmt

69 1966 170 2006 also,
210 1967 299 1998 visas
324 1976 366 1998 er
391 1964 484 1996 eben
511 1974 555 1995 an
581 1963 663 1996 ihm
689 1973 732 1996 zu
756 1961 881 1995 tadeln
907 1961 1080 2005 scheint‚
1123 1964 1261 1997 wieder
1287 1964 1436 1998 zuriick
1463 1964 1555 1998 oder

70 2014 227 2047 mildert
252 2025 303 2049 es.
354 2011 402 2045 So
435 2011 636 2045 schwankt
660 2011 737 2043 sein
764 2012 880 2049 Herz,
917 2023 990 2044 von
1019 2013 1190 2046 Unmuth
1218 2013 1474 2057 tiberwssiltigt!
1508 2032 1554 2038 ——-

72 2072 169 2094 esses
191 2072 321 2105 passus
346 2060 474 2094 hinter
498 2070 561 2092 nec
586 2059 787 2092 klammert
811 2059 955 2093 Bentiv.
985 2061 1057 2094 ein.
1083 2080 1131 2086 --
1163 2061 1279 2103 legem
1305 2061 1349 2094 de
1375 2062 1557 2104 collegiis,

7 2108 10 2137 ἶ
73 2110 138 2143 das
165 2110 299 2143 Gesetz
325 2121 393 2142 von
420 2107 806 2151 WViederherstellung
833 2107 898 2140 der
928 2109 1130 2153 Collegien.
1207 2110 1313 2143 Diess
1345 2121 1426 2143 war
1450 2111 1558 2144 einer

7 2194 9 2206 ,
72 2159 139 2191 der
172 2159 251 2191 vier
283 2168 354 2190 von
388 2156 540 2191 Clodius
574 2156 625 2188 als
656 2156 848 2190 Tribunus
885 2157 1009 2190 Plebis
1043 2157 1352 2202 durchgesetzten
1378 2159 1556 2203 Antrage,

7 2211 10 2222 '
73 2208 245 2250 verm'oge
271 2206 401 2238 dessen
429 2205 489 2238 die
515 2204 677 2248 collegia
703 2216 729 2237 s.
757 2204 974 2237 sodalitates
1001 2206 1121 2250 plebis
1154 2206 1187 2238 d.
1222 2208 1247 2241 i.
1281 2207 1340 2239 die
1365 2208 1555 2251 Iunungen

7 2252 11 2298 ζ
72 2266 106 2290 u.
144 2255 279 2288 Gilden
313 2255 389 2288 und
422 2254 536 2287 deren
567 2253 903 2297 Versammlungen
938 2254 1080 2288 wieder
1105 2255 1325 2299 hergestellt
1356 2257 1429 2289 und
1463 2267 1556 2289 neue

7 2304 9 2347 ζ
72 2303 323 2348 hinzugesiigt
349 2303 519 2345 wurden,
545 2300 604 2334 die
632 2301 782 2335 Clodius
807 2301 845 2334 in
871 2302 1058 2336 beslicher
1084 2303 1241 2338 Absicht
1273 2305 1453 2338 besuchte
1479 2304 1556 2337 und

7 2368 10 2388 2
73 2352 118 2384 ad
143 2353 228 2392 vim,
263 2351 309 2384 ad
337 2351 509 2391 caedem,
542 2349 588 2382 ad
617 2350 867 2395 direptionem
901 2351 1139 2394 gebrauclien
1176 2353 1311 2386 wollte.
1382 2352 1420 2389 S.
1449 2353 1554 2385 Orat.

8 2416 10 2441 2
73 2411 141 2443 pro
167 2402 264 2434 Sext.
293 2411 325 2432 e.
355 2401 411 2434 15.
440 2400 487 2431 ad
514 2398 640 2443 Quint.
668 2399 772 2434 Frat,
799 2398 851 2440 11,
878 2399 900 2432 3
926 2400 1014 2442 (99).
1042 2401 1107 2434 Or.
1133 2401 1182 2434 in.
1210 2402 1289 2434 Seu.
1317 2414 1353 2446 p.
1380 2400 1473 2434 ssed.
1499 2402 1555 2434 13.

9 2455 10 2458 ’
74 2448 147 2480 Dio
175 2449 320 2481 Cassius
347 2449 406 2490 38,
436 2448 489 2481 15.
540 2448 673 2480 Cicero
701 2447 833 2486 meint,
863 2446 945 2480 dass
971 2459 1011 2482 er
1037 2450 1213 2483 desslialb
1240 2451 1361 2482 dieser
1387 2449 1444 2481 lex
1470 2448 1554 2481 sich

8 2496 11 2526 ζ
74 2495 179 2528 hatte
204 2496 385 2542 Izi-aftiger
413 2495 659 2530 widersetzen
685 2498 849 2537 mussen,
875 2494 933 2528 die
959 2497 1043 2531 dem
1070 2498 1221 2533 Clodius
1247 2498 1356 2530 einen
1383 2508 1423 2529 so
1450 2508 1557 2541 gros-

74 2554 137 2576 sen
169 2544 321 2589 Anhang
353 2545 590 2578 verschaffte.
617 2563 661 2569 —
703 2543 902 2585 lacrimas,
946 2546 1082 2582 Graev.
1118 2547 1366 2579 lacrimarmn.
1394 2563 1438 2569 —
1466 2546 1558 2589 quod

8 2599 11 2618 ὲ
74 2595 154 2624 erat
181 2592 332 2632 ‹unm-is,
360 2605 423 2626 aus
450 2593 638 2627 Liebe.-
665 2596 841 2635 tamquam
860 2617 866 2624 .
888 2621 895 2628 .
915 2604 1005 2636 ego,
1034 2596 1101 2627 wie
1128 2595 1220 2628 icln‘s
1247 2594 1344 2626 auch
1372 2593 1554 2638 gemacht

8 2642 10 2646 '
74 2640 192 2681 habe,
219 2640 264 2672 da
290 2639 356 2672 ich
382 2643 530 2681 weinte,
553 2647 643 2676 statt
669 2653 712 2675 zu
738 2640 911 2674 handeln.
961 2648 1128 2686 quantum
1163 2647 1340 2685 {amquam
1373 2644 1447 2687 ipse
1483 2652 1554 2684 ego

77 2689 196 2725 Oxou,
225 2690 255 2723 2.
281 2689 452 2729 Heluam
495 2689 588 2722 unde
615 2690 749 2723 Graev.
778 2700 873 2735 susp,
901 2695 1070 2733 quantum
1098 2691 1173 2733 ipse
1199 2701 1280 2732 ego.
1322 2709 1366 2719 -ν
1415 2691 1555 2724 meritis

77 2737 172 2779 meis,
199 2748 291 2782 quae
317 2736 353 2770 1ἰι
380 2744 418 2771 tc
446 2739 622 2772 conferre
648 2738 850 2772 debueram
876 2739 1006 2780 (hatte
1032 2739 1186 2781 sollen).
1222 2739 1438 2778 CORRAD,
1469 2738 1551 2784 vgl.
