1742 3006
543 69 865 115 EPISTOLA
894 70 1062 115 XXX.
1476 71 1564 120 143

75 187 254 228 testatis
282 198 337 228 ac
366 183 616 240 sapientiae
645 183 783 224 saluti
808 183 987 225 censuit
1008 183 1272 226 civitatibus
1294 198 1392 227 esse
1416 199 1562 240 posse.

75 242 213 293 Quod
254 243 448 283 sortasse
485 239 734 294 aliquando
763 239 1002 281 universae
1032 241 1101 282 rei
1130 242 1338 296 publicae
1367 245 1564 294 nostrae,

74 313 193 341 nunc
230 298 412 354 quidem
441 295 651 352 profecto
680 296 760 337 isti
790 295 1056 350 provinciae
1087 298 1310 353 contigit,
1360 301 1412 340 ut
1442 298 1484 339 is
1514 299 1563 339 in

75 369 129 397 ea
158 368 374 398 summam
402 355 673 409 potestatem
702 351 917 405 haberet,
949 352 1023 392 cui
1054 352 1102 392 in
1133 353 1367 409 doctrina,
1411 354 1484 396 cui
1515 356 1564 395 in

73 413 245 454 virtute
284 414 417 464 atque
447 408 728 450 humanitate
758 407 1056 464 percipienda
1083 408 1327 462 plurimum
1357 425 1385 453 a
1411 411 1563 466 pueri-

73 469 139 510 tia
167 466 309 510 studii
338 466 499 506 fuisset
527 469 573 506 et
601 466 835 520 temporis.
894 464 1049 515 Quare
1080 478 1201 518 cura,
1228 471 1279 507 ut
1308 467 1389 508 hic
1404 480 1562 520 annus,
1575 466 1629 507 30

73 525 151 580 qui
191 523 249 564 ad
292 523 494 563 laborem
532 526 659 563 tuum
689 521 900 575 accessit,
950 520 1074 562 idem
1118 521 1177 562 ad
1207 523 1399 564 salutem
1427 523 1564 566 Asiae

73 582 340 634 prorogatus
372 592 469 620 esse
497 577 736 620 videatur:
766 578 980 634 quoniam
1010 575 1139 631 [que]
1171 578 1219 618 in
1248 583 1294 621 te
1324 580 1564 621 retinendo

72 636 160 677 suit
189 636 300 676 Asia
329 634 537 687 felicior,
579 647 713 689 quam
742 648 824 675 nos
853 635 902 674 in
932 633 1223 686 deducendo,
1275 635 1470 690 perfice,
1514 641 1566 677 ut

71 692 253 733 laetitia
276 692 540 745 provinciae
570 690 847 732 desiderium
884 693 1088 731 nostrum
1121 691 1330 732 leniatur.
1362 692 1563 745 Etenim,

70 749 108 789 si
131 750 178 788 in
201 748 516 802 promerendo,
546 751 595 787 ut
617 747 705 788 tibi
725 748 840 788 tanti
862 745 1059 788 honores
1084 745 1374 801 haberentur,
1405 750 1564 803 quanti

71 804 195 845 haud
246 804 343 845 scio
384 818 441 845 an
480 803 675 854 nemini,
729 803 859 844 fuisti
911 804 1110 844 omnium
1157 803 1563 857 diligentissimus:

70 861 217 901 multo
258 861 477 901 maiorem
517 860 566 900 in
609 859 683 900 his
713 858 960 901 honoribus
990 858 1173 901 tuendis
1204 860 1424 902 adhibere
1454 861 1562 901 dili-

69 918 269 971 gentiam
299 917 450 958 debes.
518 915 747 970 Equidem
786 915 842 957 de
882 916 973 957 isto
1003 929 1168 970 genere
1198 915 1423 958 honorum
1452 917 1562 972 quid
1576 925 1622 965 31

67 974 298 1025 sentirem,
326 972 490 1027 scripsi
519 972 578 1013 ad
608 976 652 1014 te
683 976 798 1013 ante.
867 972 1056 1026 Semper
1084 985 1161 1013 eos
1190 974 1361 1027 putavi,
1393 973 1431 1014 si
1462 974 1562 1015 vul-

69 1042 200 1083 gares
232 1034 394 1082 essent,
423 1029 568 1072 viles:
599 1030 639 1069 si
669 1029 888 1083 temporis
914 1041 1050 1070 causa
1067 1030 1467 1082 constituerentur,
1499 1030 1563 1070 le-

67 1256 155 1278 vom
179 1244 337 1289 vorigen
363 1243 459 1277 docti
483 1254 526 1278 ac
550 1244 736 1288 sapientes
768 1242 930 1278 homines
962 1242 1048 1276 sich
1083 1255 1151 1288 gar
1181 1243 1293 1279 nicht
1326 1244 1563 1278 unterschei-

69 1293 151 1335 det3
181 1294 316 1326 Cicero
339 1293 431 1325 aber
458 1303 573 1337 Sagen
600 1293 696 1326 will:
731 1291 761 1324 si
787 1298 851 1325 aut
876 1292 1096 1338 philosophi
1121 1294 1357 1339 imperarent
1392 1300 1457 1327 aut
1490 1293 1563 1327 im-

67 1348 243 1386 perantes
269 1340 652 1386 philosopharentur.
680 1360 722 1366 -—
750 1340 817 1374 isti
839 1341 1067 1384 provinciae,
1092 1341 1215 1374 Asiae.
1244 1360 1287 1367 —
1317 1345 1351 1374 et
1373 1342 1561 1386 temporis.

70 1390 198 1423 hamb.
224 1391 313 1434 s'ugt
337 1388 441 1422 noch
467 1389 689 1422 collocatum
716 1388 854 1431 hin2u3
883 1389 969 1422 eine
995 1389 1271 1423 entbehrliche
1298 1390 1446 1425 Glosse.

163 1453 222 1487 30.
248 1455 477 1495 prorogatus
511 1451 596 1484 dem
627 1451 799 1484 Cieeron.
828 1450 1198 1496 Sprachgebrauche
1230 1455 1387 1497 gemfiss.
1438 1454 1562 1487 XVozu

69 1500 149 1534 also
186 1501 258 1533 mit
290 1500 447 1533 Ernesti
477 1504 707 1544 propagatus
740 1499 984 1533 verbessern?
1037 1501 1111 1533 Zur
1144 1499 1268 1534 sache
1303 1500 1421 1547 vergl.
1463 1503 1560 1536 oben

69 1550 103 1592 §.
131 1551 164 1584 2.
191 1567 238 1573 —-
263 1548 505 1592 quoniamque.
556 1549 616 1580 Sic
644 1548 690 1580 de
716 1548 876 1594 Malasp.
906 1549 1006 1582 coni.
1034 1549 1167 1583 Lamb.
1194 1548 1350 1584 Schiitz.
1393 1550 1562 1594 quoniam

69 1598 149 1631 Md.
176 1598 232 1631 Iu.
262 1597 360 1630 Vict.
390 1599 429 1635 1,
463 1598 497 1631 2.
524 1597 631 1630 Man.
668 1597 756 1629 Ern.
791 1601 824 1630 et
862 1597 1032 1640 quoniam
1069 1599 1170 1632 Crat.
1205 1598 1407 1634 ORELLI.
1444 1618 1488 1624 —-
1521 1601 1561 1633 in

67 1645 287 1686 deducendo,
315 1645 442 1683 darin,
467 1644 570 1677 Dich
597 1655 669 1678 von
696 1645 784 1678 dort
810 1645 909 1678 nach
934 1647 1035 1679 Rom
1059 1646 1199 1679 zuriick
1226 1658 1272 1680 zu
1297 1647 1480 1691 bringen;
1518 1648 1559 1682 in

69 1695 261 1734 enitendo,
288 1705 335 1726 ne
363 1694 432 1727 tibi
457 1693 656 1739 provincia
681 1700 961 1738 prorogaretur.
1005 1695 1142 1730 Lamb.
1168 1694 1244 1727 will
1270 1695 1485 1729 reducendo.
1513 1715 1561 1722 —-

68 1741 216 1776 laelz'tici
250 1757 299 1773 z
326 1742 447 1776 durch
471 1753 606 1776 unsere
633 1742 887 1775 Theilnahme
913 1755 961 1775 an
986 1742 1115 1777 Asiens
1142 1743 1290 1777 Freude
1315 1744 1411 1777 'uber
1436 1744 1560 1778 Deine

68 1793 275 1836 Regii-ung.
313 1812 356 1817 —
396 1791 436 1824 in
458 1791 722 1834 promerendo,
750 1795 848 1824 vt...
874 1790 1027 1835 haben,
1063 1792 1125 1825 die
1158 1803 1198 1825 so
1236 1803 1390 1836 grossen
1416 1794 1562 1827 Ehren-

69 1841 343 1884 bezeigungen‚
380 1839 433 1872 als
460 1851 546 1872 man
572 1839 716 1872 meines
741 1839 908 1873 &Vissens
942 1840 1019 1873 wol
1056 1840 1156 1873 noch
1190 1841 1347 1874 Keinem
1381 1842 1562 1876 erwiesen

69 1889 155 1930 hat,
181 1901 224 1922 zu
250 1889 467 1930 verdienen,
494 1888 547 1929 (S.
576 1888 674 1921 oben
709 1887 743 1931 ᾗ.
773 1889 831 1929 26,
859 1888 935 1922 und
967 1890 1082 1934 vergl.
1116 1889 1216 1934 Lips.
1252 1891 1373 1924 Elect.
1402 1894 1441 1932 1,
1486 1892 1561 1933 14.)

68 1950 98 1972 z.
124 1938 167 1972 B.
193 1937 372 1980 Statuen,
407 1937 590 1982 Kapellen
617 1937 689 1969 mit
716 1935 783 1969 der
808 1937 1011 1971 Inschrift:
1047 1938 1189 1972 Pietati
1217 1939 1258 1974 Q.
1284 1939 1476 1981 ‘Ciceronis
1502 1941 1561 1973 vel

70 1987 296 2020 Clementiae
324 1986 364 2022 Q.
393 1984 436 2019 C.
476 1985 547 2018 Die
573 1983 850 2019 knechtischen
878 1986 1074 2020 Griechen
1101 1986 1300 2020 widmeten
1325 1987 1432 2021 nicht
1458 1988 1560 2021 bloss

69 2036 136 2068 der
162 2036 329 2070 Roma,
371 2034 536 2067 sondern
569 2045 678 2078 sogar
721 2033 789 2066 den
820 2033 1067 2069 Stattllaltern
1094 2036 1243 2075 Altam,
1288 2036 1447 2082 Tempel
1479 2037 1559 2070 und

66 2085 255 2127 Festtage.
304 2082 354 2116 So
380 2082 490 2115 Asien
518 2083 604 2116 dem
630 2083 838 2116 proconsul
863 2085 908 2130 Q.
936 2084 1088 2118 Mucius
1113 2084 1291 2117 Scaevola
1318 2084 1382 2118 das
1409 2085 1559 2119 Iahres-

48 2133 141 2165 -fest
166 2132 316 2169 Mucia,
352 2129 416 2163 das
448 2133 536 2164 Fest
562 2131 754 2164 Luculleia
789 2131 876 2166 dem
900 2133 1093 2168 Lucullus.
1143 2132 1180 2166 S.
1214 2133 1448 2181 Mongault's
1480 2135 1557 2168 Ab·

69 2180 266 2228 handlung
292 2191 353 2212 sur
380 2180 432 2212 les
458 2179 654 2213 honneurs
680 2180 802 2213 divins
828 2181 963 2215 rendus
997 2194 1066 2215 aux
1093 2193 1350 2227 gouverneurs
1377 2182 1441 2215 des
1469 2195 1557 2229 pro-

67 2230 196 2276 vinces
221 2230 274 2262 im
299 2231 334 2264 l.
363 2229 514 2264 Volum.
542 2228 609 2262 der
621 2229 830 2263 Memoires
856 2230 902 2263 de
928 2231 1155 2266 l’Academie
1174 2230 1237 2264 des
1254 2231 1377 2264 Belles
1394 2232 1555 2265 Lettres.

71 2296 112 2301 -
138 2279 243 2312 Uber
276 2277 335 2309 die
366 2277 516 2310 Formel
551 2279 678 2323 quanti
711 2277 810 2311 haud
836 2279 913 2312 scio
947 2289 992 2312 (m
1025 2279 1162 2313 nemini
1192 2279 1274 2313 scil.
1309 2280 1431 2313 habiti
1459 2281 1560 2321 sint„

68 2327 177 2371 vex-gl.
209 2324 364 2360 Ramsh.
402 2326 434 2370 ἕ.
463 2326 543 2366 174,
571 2327 604 2368 2,
630 2327 678 2360 Ν.
704 2327 738 2361 3.
767 2327 918 2360 Grotef.
947 2328 979 2371 ἕ.
1006 2330 1089 2363 345.
1119 2329 1255 2374 Zumpt
1281 2328 1314 2372 ἕ
1340 2330 1411 2363 354
1427 2340 1460 2361 u.
1477 2331 1557 2364 721.

69 2376 255 2409 Excursus
284 2376 331 2408 II.
358 2386 403 2408 zu
433 2375 511 2407 Cic.
538 2375 686 2408 Laelius
712 2387 743 2408 v.
774 2375 983 2409 Gernhard.
1010 2395 1052 2400 ——
1079 2376 1118 2410 in
1143 2375 1201 2410 his
1234 2375 1434 2410 honoribus
1459 2380 1558 2409 luen-

70 2423 143 2463 dis,
184 2424 254 2457 Dir
287 2423 388 2456 diese
422 2423 818 2467 Ehrenbezeigungen
853 2436 896 2458 zu
931 2424 1138 2458 bewahren
1181 2425 1218 2459 d.
1253 2426 1277 2458 i.
1312 2425 1415 2458 Dich
1450 2424 1558 2458 ihrer

70 2472 212 2516 wiirdig
237 2484 280 2505 zu
306 2470 487 2505 erhalten.
516 2471 553 2514 ᾗ.
579 2473 624 2506 31
652 2472 689 2504 z'n
714 2472 763 2504 iis
787 2471 821 2505 Ιι.
850 2475 966 2507 tueml.
1006 2472 1070 2507 Sic
1097 2473 1246 2518 scripsi.
1274 2472 1312 2505 ‘in
1338 2472 1394 2504 his
1424 2471 1504 2506 hon.
1531 2478 1557 2508 t.

72 2519 167 2552 cdd.
196 2521 330 2554 Graev.
358 2521 446 2553 Ern.
473 2520 583 2565 prob.
611 2520 806 2564 WVopkens
839 2533 875 2566 p.
907 2523 993 2558 359.
1028 2523 1067 2555 in
1101 2523 1150 2556 iis
1175 2521 1311 2554 tuendis
1335 2522 1486 2554 Manat.
1518 2522 1555 2554 in

70 2567 127 2601 lais
153 2568 293 2601 tuendis
319 2569 362 2601 de
390 2569 482 2614 Hag.
511 2581 609 2614 susp.
636 2570 760 2614 (prob.
787 2570 951 2614 Ernest.)
978 2570 1132 2604 Schiitz.
1158 2570 1302 2603 Bentiv.
1357 2569 1555 2603 ORELLI.

165 2618 222 2650 31.
268 2616 453 2659 Equidem.
511 2616 574 2651 Sic
607 2618 689 2652 Md.
724 2618 846 2652 Oxou.
877 2621 920 2659 3,
960 2620 1064 2652 Man.
1103 2619 1201 2651 Vici.
1238 2619 1271 2651 2.
1334 2617 1382 2650 Et
1415 2619 1555 2663 quidem

70 2665 173 2697 Crat.
205 2665 302 2698 Vict.
326 2667 367 2704 2,
395 2666 525 2698 Lamb.
553 2667 642 2699 Ern.
669 2666 822 2699 Schi'xtz.
876 2686 918 2690 ——
946 2672 1039 2701 (mle.
1069 2665 1202 2699 Lamb.
1229 2670 1348 2698 antea.
1396 2685 1438 2690 -
1468 2672 1553 2700 tem-

68 2713 171 2754 poris
196 2723 315 2754 caus.,
354 2713 453 2746 bloss
478 2714 546 2747 der
570 2715 852 2747 Zeitumsth'nde
877 2727 1006 2759 wegen
1035 2715 1069 2747 d.
1100 2715 1123 2747 i.
1157 2726 1221 2747 aus
1253 2713 1550 2753 Schmeichelci,

71 2772 117 2792 zu
146 2761 211 2794 der
239 2762 317 2795 Zcit
349 2761 621 2806 dargebracht,
657 2775 713 2796 wo
752 2764 811 2796 Du
847 2764 1073 2797 Statthnltcr
1096 2764 1190 2805 bist3
1231 2774 1257 2794 s.
1294 2763 1388 2795 oben
1423 2764 1455 2806 ἓ,
1495 2767 1536 2798 15
