1742 3006
195 78 285 129 194
450 78 511 122 M.
545 79 601 123 T.
624 52 626 55 ’
646 76 986 124 c1cERoms
1035 78 1410 123 EPISTOLAE.

190 193 385 236 Rosciae
415 191 529 246 legi,
560 191 693 232 etiam
723 189 1043 233 frumentariae
1071 190 1398 233 minitabantur.
1457 191 1572 234 Sane
1601 207 1671 236 res

190 254 290 292 ,erat
318 250 584 306 perturbata.
651 245 872 301 Equidem
900 247 1166 301 malueram,
1215 247 1333 302 quod
1385 252 1482 289 erat
1528 261 1670 292 susce-

225 310 317 347 tum
345 305 400 345 ab
431 304 535 356 illis,
567 301 744 344 silentio
771 305 983 345 transire:
1013 301 1094 344 sed
1120 317 1299 355 vereor,
1329 316 1383 344 ne
1410 318 1500 346 non
1528 304 1668 348 liceat.

193 321 297 403 iilam
325 360 474 402 serunt.
510 358 733 411 homines,
776 359 894 414 quod
932 359 1108 402 videtur
1135 373 1232 401 esse
1256 363 1403 402 tamen
1432 360 1671 402 ferendum.

193 417 281 460 Sed
309 420 378 470 est
405 417 494 458 iam
522 428 610 457 una
635 428 723 458 vox
751 415 973 466 omnium,
1011 415 1153 470 magis
1183 415 1286 457 odio
1312 415 1515 471 firmata,
1544 430 1674 472 quam

194 472 431 528 praesidio.
487 470 655 514 Noster
690 475 838 513 autem
876 471 1061 514 Publius
1096 471 1207 513 mihi
1236 472 1490 524 minitatur,
1527 472 1675 514 inimi-

163 533 167 537 '
193 542 271 570 cus
300 534 390 580 est;
418 528 644 584 impendet
671 528 919 583 negotium,
950 527 1010 569 ad
1036 528 1154 583 quod
1176 529 1416 570 tuscilicet
1436 529 1674 571 advolabis.

193 584 367 627 Videor
393 584 504 626 mihi
531 588 730 626 nostrum
758 584 881 625 illum
902 585 1178 627 consularem
1197 586 1440 627 exercitum
1462 587 1675 628 bonorum

193 642 412 695 omnium,
442 641 575 683 etiam
595 640 704 682 satis
724 641 956 695 bonorum,
987 640 1150 682 habere
1167 639 1486 685 firmissimum.
1541 642 1677 684 Pom-

193 747 340 781 inimici
367 752 475 781 erant
503 749 638 782 Caesar
665 754 702 782 et
726 747 924 793 Pompeius
951 759 1158 795 eorumque
1184 748 1355 782 asseclae.
1382 767 1426 774 —
1459 747 1578 783 hostes
1601 759 1678 782 om-

193 796 317 838 nibus,
345 796 520 830 universo
547 796 698 842 populo.
724 815 768 821 —
805 796 958 830 Rosciae
990 796 1072 839 legi
1104 803 1176 831 cet.
1202 796 1470 830 minitabantur
1502 809 1540 831 se
1566 798 1675 830 abro-

193 850 345 890 gaturos
374 855 450 878 non
485 845 599 879 modo
632 846 809 879 Rosciam
841 844 987 890 legem,
1022 856 1115 890 quae
1149 845 1233 878 XIV
1273 844 1419 878 ordines
1454 845 1493 878 in
1524 844 1677 878 theatro

195 893 382 938 equitibus
417 893 519 936 (687)
552 892 732 935 dedisset,
772 892 836 927 sed
877 894 992 926 etiam
1027 892 1339 934 frumentariam,
1381 892 1428 926 ad
1464 893 1677 927 universum

196 941 379 986 populum
406 952 498 985 quae
523 942 754 986 pertinebat,
791 953 812 974 a
837 941 878 973 C.
907 942 1130 986 Sempronio
1164 941 1342 975 Graccho
1376 941 1510 983 latam,
1545 941 1678 974 deinde

198 1000 220 1022 a
245 990 301 1023 M.
331 989 495 1023 Octavio
520 990 762 1035 abrogatam,
789 996 920 1034 postea
945 990 1029 1034 lege
1057 990 1181 1024 Cassia
1206 991 1310 1031 (ann.
1339 990 1425 1029 681)
1452 990 1676 1027 restitutam,

197 1047 333 1083 nempe
357 1044 401 1071 ut
425 1037 564 1083 populo
589 1038 727 1083 singuli
752 1037 937 1071 frumenti
964 1038 1080 1071 modii
1114 1039 1330 1072 semissibus
1362 1043 1401 1071 et
1426 1039 1624 1076 trientibus
1649 1039 1675 1070 i.

199 1096 231 1118 e.
257 1086 486 1120 sextantibus
518 1087 776 1120 venderentur.
809 1086 1007 1120 MANUT.
1055 1087 1162 1120 Nach
1195 1087 1334 1120 diesem
1365 1098 1400 1119 v.
1429 1088 1566 1121 Consul
1591 1087 1679 1122 Gas-

200 1134 274 1167 sius
299 1145 336 1167 u.
364 1136 421 1170 M.
449 1135 651 1168 Terentius
677 1136 797 1168 Varro
824 1136 1042 1178 gegebenen
1062 1136 1220 1169 Gesetze
1247 1135 1354 1168 sollte
1379 1134 1483 1167 iedcr
1506 1135 1678 1180 gemeine

198 1183 346 1226 Biirger
369 1183 406 1215 in
432 1184 533 1216 Rom
557 1194 623 1217 aus
648 1183 720 1215 den
745 1183 1010 1216 Kornhausern
1037 1183 1102 1217 der
1119 1183 1303 1229 Republik
1326 1182 1565 1217 monathlich
1589 1183 1682 1216 funs

198 1230 347 1264 modios
380 1231 459 1271 (ein
492 1231 639 1265 modius
666 1243 715 1262 z
740 1229 758 1274 -ὲ
789 1231 852 1265 des
886 1232 1080 1266 Attischen
1112 1232 1331 1266 Medinmos
1372 1231 1464 1264 oder
1489 1245 1539 1263 z:
1564 1229 1585 1276 ὲ
1611 1231 1680 1264 der

200 1279 311 1311 Rom.
337 1277 549 1325 Amphora,
584 1279 741 1312 enthielt
777 1280 821 1314 16
852 1280 1060 1324 Sextarios,
1101 1281 1177 1313 also
1211 1279 1280 1326 202}
1305 1279 1508 1313 R'dmische
1540 1278 1679 1320 Psund,

201 1327 247 1360 15
272 1326 395 1359 Pfund
422 1328 466 1362 12
491 1328 594 1361 Loth
620 1339 701 1361 uns.
728 1327 935 1370 Gewichts)
963 1328 999 1360 d.
1017 1328 1042 1361 i.
1063 1327 1154 1374 122&
1172 1328 1375 1362 R'omische
1389 1326 1680 1360 Psundweizen

202 1385 235 1407 u.
264 1375 398 1408 Gerste
423 1386 469 1408 zu
496 1375 583 1409 dem
607 1376 872 1420 festgesetzten
907 1375 1032 1413 Preise
1069 1388 1144 1409 von
1179 1378 1201 1410 Δ
1233 1375 1438 1410 Sestertien
1471 1375 1536 1408 fiir
1571 1376 1678 1408 einen

199 1423 352 1457 Modius
377 1424 531 1457 Weizen
555 1436 591 1457 u.
618 1424 641 1459 2
668 1425 730 1457 fur
756 1424 815 1456 ein
840 1424 1008 1469 gleiches
1023 1425 1149 1458 Maass
1169 1425 1302 1458 Gerste
1326 1424 1565 1469 empfangcn.
1592 1423 1681 1456 Clo-

200 1471 281 1505 dius
306 1471 360 1504 aIs
385 1472 529 1505 Tribun
557 1472 629 1516 gab
655 1472 719 1505 das
753 1473 908 1514 Gesetz,
945 1473 1026 1505 dass
1060 1474 1121 1506 die
1157 1484 1286 1506 armen
1319 1473 1466 1517 Biirger
1497 1472 1560 1506 fiir
1585 1471 1679 1505 diess

201 1519 381 1562 Getreide
406 1531 474 1565 gar
509 1519 645 1554 Nichts
679 1521 858 1554 bezahlen
891 1521 1036 1554 sollten.
1073 1540 1115 1546 --
1159 1522 1251 1564 quod
1286 1525 1366 1554 erat
1397 1524 1603 1563 susceptum
1636 1520 1680 1553 ab

200 1567 294 1611 illis,
321 1569 511 1604 aGaesare
528 1575 566 1602 et
579 1569 768 1615 Pompeio.
782 1590 821 1596 -
835 1569 1538 1603 malueram:maluissem.-silentio
1559 1572 1681 1601 trans·

199 1615 271 1658 ire,
292 1617 398 1651 Man.
415 1617 548 1650 Lamb.
566 1617 753 1662 richtiger
772 1617 937 1650 transiri.
969 1618 1100 1650 Cicero
1119 1624 1214 1662 sagt,
1239 1628 1279 1650 er
1298 1618 1402 1650 hatte
1418 1627 1455 1649 es
1477 1616 1598 1649 lieber
1617 1627 1680 1660 ge-

200 1664 322 1707 sehen,
341 1675 445 1697 wenn
464 1665 528 1698 das
543 1665 643 1698 Volk
660 1665 874 1709 Dasienige,
901 1676 972 1698 was
995 1667 1105 1698 Casar
1123 1676 1157 1699 u.
1176 1665 1377 1710 Pompeius
1397 1671 1681 1697 unternommen

199 1711 344 1753 hatten,
363 1712 403 1745 in
419 1713 525 1746 stille
547 1724 583 1746 u.
603 1713 752 1746 Geduld
774 1716 937 1757 ertriige.
977 1715 1010 1747 S.
1033 1713 1105 1745 den
1115 1714 1259 1758 Anfang
1269 1713 1396 1748 des·'I7.
1413 1713 1545 1746 Briefs.
1586 1714 1681 1746 Ietzt

200 1759 374 1794 fiirchtet
397 1772 438 1793 er
461 1761 551 1794 aber
575 1772 703 1805 wegcn
730 1760 791 1793 des
819 1763 950 1795 Hasses
976 1762 1041 1794 der
1060 1762 1180 1795 Leute
1200 1763 1309 1795 einen
1328 1761 1573 1806 allgemeinen
1589 1761 1678 1794 Aus·
1719 1764 1735 1784 >¹

202 1807 331 1850 stand,
368 1808 456 1842 dem
488 1820 525 1842 es
550 1809 687 1842 iedoch
713 1821 757 1842 an
781 1809 967 1853 kraftiger
980 1811 1276 1855 Unterstiitzung
1304 1808 1524 1855 (pracsidio)
1548 1808 1679 1842 fehlen

202 1854 397 1890 diirfte.·-
423 1867 468 1890 ne
492 1857 718 1890 nonzdass
744 1858 863 1891 nicht.
889 1858 923 1891 S.
947 1859 1102 1892 Ramsli.
1129 1861 1161 1903 ᾗ.
1191 1860 1272 1901 193,
1300 1860 1336 1891 4.
1365 1858 1514 1891 Grotef.
1539 1859 1567 1901 §.
1594 1858 1675 1892 402.

297 1922 330 1960 4,
356 1921 508 1957 Publius
534 1923 695 1957 Clodius.
726 1942 766 1949 -—-
795 1924 996 1958 minitatur.
1046 1925 1107 1959 Sic
1141 1925 1257 1960 Codd.
1283 1925 1367 1959 Asc.
1396 1926 1425 1959 1.
1452 1925 1554 1958 Crat.
1581 1925 1676 1958 Vict.

203 1972 235 2003 1.
262 1970 297 2004 2.
322 1971 453 2007 Lamb.
486 1973 567 2005 Bos.
605 1973 741 2006 Graev.
770 1993 782 1997 -
825 1973 951 2006 omisit
986 1973 1156 2006 inimicus
1190 1978 1242 2007 ese
1279 1974 1396 2007 Oxou.
1437 1974 1458 2008 2
1498 1973 1678 2016 (Balliol.)

200 2019 387 2062 probante
415 2020 587 2055 Graevio.
638 2020 710 2054 Sed
736 2022 800 2055 Cd.
828 2021 875 2059 is,
910 2021 979 2053 etsi
1006 2022 1147 2055 assecla
1181 2022 1369 2064 Medicei,
1400 2022 1596 2066 aliquoties
1619 2029 1676 2055 ta—

201 2077 287 2100 men
315 2068 409 2100 solet
435 2074 565 2101 contra
593 2069 692 2102 illius
715 2071 980 2102 auctoritatem
1007 2075 1150 2102 temere
1177 2069 1350 2103 omittere
1378 2070 1578 2113 quaedam,
1602 2070 1676 2103 vel-

202 2114 256 2146 uti
283 2115 353 2159 Ep.
383 2116 440 2158 20,
466 2117 502 2153 3,
530 2128 563 2149 υ.
590 2116 629 2149 in
656 2128 705 2150 re.
734 2137 747 2141 -
786 2118 1021 2159 inimicatur,
1057 2118 1226 2151 inimicus
1263 2123 1314 2152 cst
1348 2118 1403 2151 ed.
1440 2119 1537 2156 lens.
1579 2120 1674 2151 Hinc

200 2163 347 2197 Ernest.
375 2164 477 2198 coni.
504 2164 738 2208 inimicatur;
774 2166 968 2210 impendet,
996 2177 1103 2210 quam
1129 2167 1213 2200 Seli.
1242 2167 1396 2211 recepit.
1445 2167 1516 2199 Sed
1543 2178 1577 2200 v.
1604 2167 1675 2200 z'ni-

201 2209 359 2243 micatur
384 2212 462 2243 sive
487 2214 635 2258 accepit
661 2214 806 2258 passive
832 2225 899 2259 pro
920 2213 969 2253 fit
1000 2214 1167 2247 inimicus
1199 2215 1291 2254 sive,
1326 2222 1367 2248 ut
1392 2215 1439 2247 sit
1476 2215 1676 2260 deponens,
1707 2207 1712 2215 ³

199 2268 269 2302 pro
295 2258 377 2300 agit
404 2259 600 2299 inimicum,
626 2262 729 2296 nulla
756 2270 857 2295 certa
885 2269 940 2294 est
965 2263 1184 2304 auctoritas,
1220 2275 1308 2296 nam
1334 2263 1429 2308 apud
1455 2263 1498 2308 Q.
1526 2264 1604 2296 Cic.
1633 2263 1676 2296 de

199 2306 308 2350 petit.
336 2317 435 2339 cons.
463 2318 495 2339 c.
526 2310 581 2342 12.
610 2311 754 2344 nonnisi
780 2322 799 2343 e
822 2311 930 2357 gloss.
957 2310 1154 2355 aliquando
1181 2312 1389 2356 legebatur.
1437 2313 1505 2353 Et,
1543 2318 1583 2344 ut
1620 2311 1676 2344 vel

199 2354 358 2387 maxime
385 2355 432 2387 sit
456 2356 657 2399 Latinum,
696 2359 791 2392 nihil
818 2371 862 2392 eo
899 2360 1102 2399 lucramur,
1141 2371 1253 2405 quum
1286 2360 1323 2392 in
1360 2359 1515 2392 eandem
1548 2370 1673 2404 repre-

201 2400 422 2436 hensionem
449 2404 642 2446 incurrat,
671 2414 779 2451 atque
803 2408 945 2451 vulgata
983 2419 1025 2440 ex
1058 2409 1146 2441 ΕΠ),
1182 2408 1330 2453 quidem
1365 2407 1552 2451 opinione.
1604 2407 1674 2441 Sed

199 2450 367 2484 inimicus
392 2455 445 2484 est
468 2451 504 2484 11.
531 2453 554 2485 1.
583 2453 790 2498 significat:
823 2462 977 2501 „aperte
1003 2466 1099 2488 nunc
1119 2457 1321 2489 inimicum
1348 2456 1466 2500 agit.¹‘
1518 2456 1672 2489 Prorsus

199 2505 324 2532 autem
361 2499 415 2532 sic
451 2500 521 2545 Ep.
548 2501 606 2542 21,
641 2503 681 2535 6:
725 2503 875 2537 Clodius
905 2504 1072 2537 inimicus
1105 2508 1158 2537 est
1188 2505 1302 2538 nobis.
1350 2510 1437 2537 cett.
1473 2503 1668 2537 ORELLI.

199 2546 250 2578 Zu
275 2547 485 2580 inimicatur
511 2549 579 2593 vgl.
607 2550 737 2583 Horat.
767 2553 888 2585 Carm.
916 2552 982 2592 IV,
1011 2553 1067 2594 15,
1095 2554 1148 2587 20.
1178 2571 1219 2576 ——
1247 2553 1379 2586 consul.
1408 2562 1524 2586 arere.
1550 2551 1584 2585 S.
1613 2563 1668 2597 ep.

197 2594 301 2646 X.¹V'
330 2597 384 2629 10.
418 2596 545 2638 XXIV,
580 2597 613 2631 4.
648 2598 779 2642 XXVI,
814 2602 854 2634 ὃς
915 2610 1064 2643 qnorum
1096 2612 1165 2641 ego
1200 2611 1375 2634 concursu
1402 2607 1471 2634 cet.
1499 2600 1610 2641 XXV,
1637 2602 1669 2635 2.

194 2651 272 2673 stne
296 2643 430 2676 nostris
456 2645 581 2688 copiis.
608 2645 703 2685 XXI,
719 2648 750 2682 6.
777 2649 951 2681 bonorum
972 2648 1126 2681 omnium
1152 2649 1392 2682 coniunctione
1417 2654 1449 2682 ct
1475 2652 1568 2680 auct.
1585 2658 1668 2680 con-

192 2690 334 2722 sulatus
359 2692 439 2724 mei.
468 2700 539 2725 cet.
567 2693 743 2737 XLVIII,
770 2697 802 2731 6.
829 2697 949 2729 studia
975 2696 1129 2729 ovnm'am
1155 2697 1328 2733 ordinum,
1382 2696 1459 2742 vgl.
1487 2695 1601 2738 XLII,
1630 2697 1663 2730 2.

192 2738 324 2772 tenebo
350 2741 508 2774 exercitu
535 2742 708 2778 Caesaris.
736 2755 791 2789 ep,
820 2745 901 2783 LII,
933 2745 989 2779 16:
1025 2746 1157 2779 Nostra
1194 2746 1345 2789 antiqua
1382 2755 1510 2779 manus
1545 2744 1664 2777 bono-
