1742 3006
167 65 253 113 lSO
446 64 508 105 M.
541 63 597 105 T.
631 56 973 102 CICERONIS
1021 55 1388 100 EPISTOLAE.
1421 104 1426 106 ,

454 182 770 226 EPISTOLA
799 181 952 223 XLII.
1021 180 1131 230 (Att.
1162 179 1221 221 ΙΙ.
1255 179 1341 246 ψ.)

249 264 330 296 Ser.
362 262 399 293 in
429 256 631 291 Formiano
656 256 765 290 initio
791 255 928 289 mensis
954 253 1049 287 Maii
1074 252 1116 286 Α.
1138 254 1183 289 U.
1210 251 1289 288 695.
1341 252 1388 294 (a.
1414 252 1456 287 C.
1484 252 1557 294 59.)

167 329 225 361 De
257 328 341 371 lege
374 324 518 368 agraria
553 334 574 356 a
608 324 762 359 Caesare
793 321 1033 367 promulgata
1067 330 1110 352 ac
1145 319 1191 352 de
1224 318 1394 364 Pompeii
1419 319 1460 352 in
1485 330 1525 351 en
1552 330 1638 363 pro--

169 375 285 409 banda
313 372 482 405 consilio.
514 373 602 408 1-2.
653 371 700 403 de
725 381 789 404 suo
816 369 869 424 ad'
887 368 1011 449 stludig
1036 367 1173 404 reditu.
1199 368 1230 402 3.
1284 367 1330 399 de
1356 367 1485 412 Quinti
1511 368 1639 401 fratris

793 423 911 462 episto
930 428 963 452 a.
1016 440 1024 449 .

678 482 865 520 CICERO
890 480 1075 516 ATTICO
1100 482 1135 515 S.

281 549 479 592 Coenato
506 547 623 588 mihi
653 551 699 587 et
728 546 818 586 iarn
848 544 1110 585 dormitanti
1139 541 1257 596 prid.
1282 542 1384 584 Kal.
1407 541 1515 584 Mai.
1546 543 1638 599 epi-

172 605 291 648 stola
327 609 396 646 est
432 604 517 644 illa
546 602 749 653 reddita,
796 601 843 641 in
873 613 961 654 qua
989 599 1045 640 de
1074 611 1182 652 agro
1211 598 1436 653 Campano
1465 600 1640 640 scribis.

173 661 297 712 Quid
345 659 557 714 quaeris?
613 658 816 698 Primum
868 656 935 696 ita
976 668 1046 696 me
1085 653 1293 708 pupugit,
1350 658 1399 699 ut
1441 668 1639 695 somnum

170 717 286 758 mihi
316 715 547 764 ademerit,
579 712 657 754 sed
688 711 737 752 id
767 711 1043 766 cogitatione
1071 709 1229 763 magiS,
1259 720 1391 761 quam
1417 711 1639 751 molestia.

172 771 403 826 Cogitanti
433 773 577 811 autem
606 767 719 809 haec
748 767 841 808 fere
869 765 1199 808 succurrebant.
1254 762 1459 804 Primum
1488 778 1547 806 ex
1576 779 1644 816 e0,

172 827 293 882 quod
321 825 627 881 superioribus
657 823 802 864 literis
832 824 1092 877 scripseras,
1124 833 1183 861 ex
1213 818 1432 860 familiari
1455 823 1498 860 te
1519 821 1643 861 illius

173 882 380 933 audisse,
433 881 658 936 prolatum
694 879 753 919 iri
783 878 983 932 aliquid,
1033 875 1153 931 quod
1191 889 1319 916 nemo
1356 876 1644 930 improbaret,

174 939 316 979 maius
346 936 520 991 aliquid
549 937 810 983 timueram,
840 933 929 975 hoc
956 931 1070 973 mihi
1100 931 1322 972 eiusmodi
1351 944 1440 971 non
1460 931 1641 973 videba-

173 998 261 1034 tur.
322 992 524 1043 Deinde,
554 997 602 1031 ut
630 1004 699 1031 me
729 994 906 1045 egomet
935 988 1166 1039 consoler,
1196 987 1338 1028 omnis
1368 988 1657 1041 exspectatio*

174 1048 434 1103 largitionis
477 1046 682 1100 agrariae
722 1059 769 1085 1n
813 1058 967 1099 agrum
1008 1044 1281 1096 Campanum
1328 1043 1509 1084 videtur
1547 1056 1643 1083 esse

174 1105 403 1145 derivata:
434 1103 512 1155 qui
541 1114 662 1155 ager,
691 1106 741 1141 ut
770 1100 885 1141 dena
913 1101 1070 1155 iugera
1098 1100 1203 1150 sint,
1231 1111 1320 1138 non
1350 1099 1540 1153 amplius
1564 1098 1643 1139 ho-

173 1160 341 1200 minum
382 1159 576 1213 quinque
614 1156 764 1197 millia
801 1159 950 1210 potest
988 1153 1229 1195 sustinere:
1287 1154 1463 1208 reliqua
1502 1154 1644 1194 omnis

175 1214 414 1255 multitudo
444 1214 498 1253 ab
528 1212 623 1253 illis
653 1211 944 1262 abalienetur,
976 1223 1155 1251 necesse
1179 1213 1259 1251 est.
1317 1209 1575 1260 Praeterea,
1604 1210 1643 1249 si

177 1270 272 1311 ulla
300 1282 370 1309 res
400 1272 482 1320 est,
512 1280 625 1322 quae
655 1268 870 1308 bonorum
900 1267 1097 1316 animos,
1126 1278 1236 1319 quos
1266 1265 1355 1305 iam
1384 1265 1518 1307 video
1547 1277 1644 1305 esse

176 1328 436 1374 commotos,
466 1323 773 1365 vehementius
803 1321 946 1376 possit
976 1320 1239 1371 incendere,
1268 1319 1382 1362 haec
1411 1324 1532 1361 certe
1562 1324 1644 1370 est,

177 1385 221 1421 et
250 1394 302 1421 eo
331 1379 498 1433 magis,
543 1377 663 1433 quod
692 1377 909 1433 portoriis
938 1376 1100 1418 Italiae
1129 1376 1343 1428 sublatis,
1374 1388 1484 1430 agro
1513 1375 1642 1416 Cam-

272 1507 302 1539 1.
347 1504 525 1543 Coenam,
571 1503 623 1537 als
658 1502 724 1536 ich
757 1513 802 1536 zu
835 1501 964 1534 Abend
996 1511 1170 1548 gegesseu
1198 1500 1316 1534 hatte.
1341 1520 1385 1526 —
1432 1499 1531 1543 prid.
1559 1499 1645 1533 Kal.

179 1552 285 1595 Mai„
311 1564 396 1586 vom
421 1552 558 1585 letzten
582 1551 697 1596 April.
726 1568 767 1574 —
794 1550 836 1583 de
858 1560 956 1591 agro
984 1549 1104 1592 Camp.
1131 1549 1233 1594 plebi
1259 1550 1338 1594 lege
1362 1548 1455 1582 Iulia
1479 1548 1645 1581 dividen-

177 1601 240 1636 do.
268 1599 479 1635 GORRAD.
514 1618 557 1624 -
596 1599 690 1634 Quid
723 1597 892 1641 quaeris?
943 1597 1048 1631 Ohue
1072 1599 1189 1641 Frage
1214 1608 1251 1630 u.
1278 1607 1303 1630 s.
1333 1609 1376 1629 W.
1397 1614 1440 1620 -—
1472 1595 1644 1636 Primum,

176 1648 257 1682 Md.
292 1660 312 1681 a
338 1648 445 1693 prim.
472 1659 574 1684 man.
601 1647 708 1679 Amb.
741 1648 794 1680 17.
830 1644 973 1677 Victor.
1003 1647 1035 1678 1.
1066 1644 1200 1678 Primo.
1226 1663 1269 1668 -
1310 1643 1486 1688 Pupugit,
1515 1654 1550 1676 es
1579 1644 1645 1676 be-

179 1695 383 1740 unruhigte
407 1694 531 1734 mich3
564 1693 787 1731 bssdlich,
825 1692 912 1726 weil
942 1702 1106 1734 pungere
1136 1703 1208 1725 von
1241 1692 1414 1725 Insecten
1438 1691 1645 1735 gebraucht

178 1743 293 1781 wir-d,
334 1743 395 1776 die
433 1742 550 1775 durch
575 1742 685 1774 ihren
711 1739 820 1773 Stich
845 1740 992 1784 qualen.
1021 1759 1064 1764 —
1097 1739 1338 1782 cogitatione,
1374 1740 1457 1773 weil
1481 1739 1545 1773 ich
1572 1740 1645 1772 mir

178 1801 217 1823 es
251 1791 359 1823 nicht
392 1801 457 1823 aus
490 1790 558 1822 den
586 1788 792 1823 Gedanken
817 1788 994 1830 schlagen
1019 1788 1171 1821 konnte.
1198 1806 1242 1812 -
1274 1799 1448 1829 sucwrr„
1473 1788 1509 1821 in
1536 1799 1642 1821 men—

180 1845 258 1871 tem
289 1838 497 1871 veniebant.
526 1855 567 1863 --
595 1847 638 1869 ex
656 1836 785 1879 famil.
815 1860 822 1867 .
850 1861 858 1869 .
885 1835 1004 1877 illius,
1035 1836 1210 1869 Caesaris.
1235 1854 1281 1860 -
1305 1834 1395 1869 mihi
1421 1836 1464 1868 ei.
1499 1835 1581 1868 Asc.
1611 1838 1641 1871 1.

178 1886 279 1919 crat.
315 1886 438 1919 eiusm.
470 1896 516 1921 m,
566 1885 701 1925 „Diess
728 1883 872 1917 scheint
897 1884 969 1917 mir
1000 1884 1106 1917 nicht
1138 1883 1205 1916 der
1236 1884 1304 1917 Art
1339 1895 1381 1917 zu
1413 1884 1514 1925 sein,
1566 1883 1646 1916 dass

178 1934 310 1967 Nichts
336 1933 496 1978 dagegen
523 1931 786 1966 einzuwenden
813 1932 949 1964 waref‘
995 1932 1067 1965 Ein
1094 1931 1284 1971 Gedanke,
1311 1932 1472 1965 welcher
1497 1932 1567 1964 den
1583 1931 1644 1965 ci-

180 1993 267 2014 cero
294 1981 504 2025 beruhigte.
530 1999 573 2005 —
622 1980 661 2013 in
686 1990 771 2021 agr.
801 1978 925 2022 Camp.
953 1979 1137 2021 derivata,
1165 1980 1230 2012 auf
1253 1979 1321 2012 den
1349 1977 1643 2025 Campanischen

178 2030 301 2062 Acker
332 2027 581 2068 beschrssinkt,
621 2029 681 2060 ein
716 2039 800 2060 vom
824 2026 996 2059 Ableiten
1022 2027 1084 2060 des
1109 2028 1296 2069 lVassers,
1332 2027 1399 2060 der
1424 2029 1552 2062 Flusse
1577 2037 1641 2072 ge—

180 2076 443 2111 br'a'uchliches
469 2076 644 2110 Verbum.
671 2093 714 2099 —
739 2079 777 2108 ut
805 2075 894 2108 dena
918 2073 1050 2116 iugera
1074 2075 1159 2118 sint,
1186 2087 1280 2120 quae
1306 2075 1461 2121 singulis
1487 2075 1641 2116 dentur3

178 2135 464 2206 la'nffienlffnztmeg'
488 2123 707 2207 ltllassdiedexr
730 2123 841 2203 '13oess
867 2133 932 2156 aus
958 2123 1051 2177 zehn
1066 2124 1292 2205 Iauc·h32rttetn
1310 2124 1492 2206 bgsoegoe't
1521 2123 1643 2205 llli'irlz-

195 2184 228 2206 ιε
324 2183 342 2204 a
382 2184 401 2204 e
464 2184 484 2205 u
516 2184 555 2206 us
608 2184 641 2205 ie
705 2182 745 2204 er
778 2182 890 2204 lelun
948 2181 987 2203 so
1020 2181 1076 2203 em
1110 2182 1184 2204 erle
1236 2183 1284 2206 e.
1363 2198 1370 2206 .
1435 2183 1502 2207 ra.
1570 2197 1578 2205 .
1605 2183 1642 2204 m

178 2220 277 2254 Rull.
309 2231 341 2253 c.
368 2220 425 2255 29.
476 2221 545 2253 Ein
578 2219 753 2264 iugerum
796 2229 875 2252 war
894 2181 980 2252 g2-10
1003 2181 1104 2251 Fussg
1120 2220 1228 2268 lang,
1265 2221 1332 2255 120
1357 2214 1467 2262 br'eit‚
1493 2219 1567 2253 also
1595 2233 1641 2250 z:

179 2267 475 2310 28,800[]Fuss.
534 2267 634 2301 Zehn
676 2267 804 2312 iugera
839 2265 999 2310 folglich
1031 2279 1078 2297 :-
1111 2268 1157 2302 60
1188 2268 1354 2301 Aeckern
1395 2265 1641 2301 sachsischen

178 2317 350 2349 Maasses.
379 2332 421 2339 --
448 2315 636 2354 sustinere,
664 2315 774 2356 alere,
802 2320 1069 2348 sustentare.—
1091 2315 1261 2357 alienari,
1286 2315 1430 2349 abhold
1453 2314 1642 2360 gemacht,

179 2365 449 2407 missvergniigt
483 2363 651 2396 werden.
709 2363 796 2397 Und
828 2361 928 2395 doch
962 2361 1091 2395 suhrte
1122 2363 1237 2395 Cssar
1273 2363 1370 2395 nach
1397 2364 1532 2398 Vellei.
1567 2363 1640 2395 und

180 2413 276 2445 Suet.
303 2411 431 2452 2o,000
456 2410 571 2443 Mann
599 2410 713 2443 dahin
741 2411 806 2451 ab3
833 2411 936 2443 hatte
961 2409 1051 2442 aber
1075 2410 1145 2442 den
1174 2422 1259 2455 ager
1280 2410 1409 2443 Stellas
1434 2410 1532 2445 noch
1558 2411 1640 2443 hin-

179 2459 382 2504 zugefiigt,
429 2457 496 2491 der
526 2457 626 2490 nach
660 2459 789 2490 Festus
824 2459 860 2491 in
896 2458 1071 2491 Etrurien
1106 2457 1167 2491 bei
1194 2460 1342 2503 Capena
1374 2459 1463 2491 oder
1489 2457 1549 2492 bei
1574 2458 1639 2491 der

177 2508 382 2539 zerstb'rten
417 2505 522 2538 stadt
554 2504 670 2539 Stella
696 2505 730 2536 in
761 2506 986 2551 Campanien
1010 2505 1082 2549 lag.
1111 2524 1154 2529 —
1205 2506 1301 2547 iam,
1335 2507 1465 2540 Lamb.
1493 2506 1639 2539 iamiam

178 2558 344 2586 commot.
377 2571 419 2576 —
465 2557 562 2597 port.
596 2552 682 2589 Ital,
710 2552 821 2595 sabb,
864 2555 907 2587 da
941 2553 1001 2585 die
1025 2553 1125 2586 Zb'lle
1151 2553 1269 2587 durch
1293 2564 1389 2598 ganz
1417 2554 1547 2587 Italion
1574 2556 1637 2587 be—

175 2602 266 2634 reits
299 2600 535 2645 abgeschafft
566 2600 666 2641 sind,
715 2600 883 2635 namlich
916 2601 1072 2633 mittelst
1105 2601 1170 2633 der
1211 2602 1266 2634 lex
1293 2603 1456 2637 Caecilia
1483 2602 1527 2634 de
1554 2601 1637 2634 lure

176 2649 327 2688 Italiae,
369 2649 512 2682 welche
549 2648 614 2681 der
637 2648 767 2681 Prator
793 2647 833 2689 Q.
862 2648 1044 2683 Caecilius
1069 2649 1241 2682 Metellus
1267 2650 1391 2694 Nepos
1417 2657 1527 2684 unter
1552 2650 1635 2681 dem

174 2697 373 2739 Consulate
400 2696 462 2729 dos
487 2697 527 2731 L.
556 2696 730 2730 Afranius
757 2696 830 2729 und
858 2695 897 2738 Q.
925 2695 1100 2731 Metellus
1128 2698 1233 2730 Celer
1267 2698 1318 2731 im
1345 2699 1374 2734 Ι.
1401 2700 1468 2734 691
1496 2697 1633 2731 durch-
