1742 3006
538 91 856 136 EPISTOLA
886 92 1146 136 CLXXVI.
1486 94 1577 140 577

105 217 179 246 sus
210 203 438 245 incidisse.
509 202 633 244 Illud
664 205 832 246 utinam
873 219 927 247 ne
957 218 1061 248 vere
1090 205 1346 258 scriberem,
1376 219 1426 247 ea
1456 210 1497 248 te
1530 221 1576 248 re

105 260 288 315 publica
317 271 486 311 carere,
516 259 562 299 in
593 273 680 315 qua
708 260 927 302 neminem
956 263 1217 316 prudentem
1251 261 1476 303 hominem
1507 276 1576 304 res

104 316 200 356 ulla
236 315 445 356 delectet.
516 314 587 355 De
626 319 703 357 tuo
749 320 893 357 autem
923 317 1036 370 filio,
1078 331 1251 369 vereor,
1289 331 1359 371 ne,
1389 316 1428 358 si
1457 317 1574 358 nihil

104 371 161 412 ad
190 375 235 412 te
264 369 539 425 scripserim,
568 371 766 413 debitum
796 372 892 414 eius
921 371 1079 414 virtuti
1098 372 1257 414 videar
1275 373 1577 415 testimonium

102 440 192 467 non
222 425 424 467 dedisset
463 426 533 466 sin
565 431 710 468 autem
751 428 914 480 omnia,
953 442 1065 483 quae
1104 429 1264 482 sentio,
1303 430 1576 483 perscripse-

104 482 203 534 rim,
251 493 306 523 ne
356 480 566 522 refricem
616 482 727 524 meis
778 483 925 525 literis
964 483 1238 525 desiderium
1285 498 1336 524 ac
1375 484 1577 526 dolorem

102 543 237 579 tuum.
296 536 388 579 Sed
426 542 571 578 tamen
611 539 956 592 prudentissime
995 539 1150 592 facies,
1193 539 1231 580 si
1271 540 1397 581 illius
1436 541 1577 594 pieta-

103 597 206 645 tem,
234 593 462 645 virtutem,
492 593 771 648 industriam,
801 595 1050 650 ubicunque
1081 596 1186 647 eris,
1224 598 1343 636 tuam
1373 608 1483 648 esse,
1513 598 1575 636 te—

101 661 202 690 cum
232 662 328 690 esse
358 649 523 690 duces:
554 662 637 690 nec
667 652 784 691 enim
813 650 959 692 minus
990 655 1143 692 nostra
1170 655 1287 702 sunt,
1331 663 1442 705 quae
1482 650 1576 690 ani-

59 706 73 710 ”
102 718 173 745 mo
203 704 558 759 complectimur,
597 718 728 758 quam
769 719 881 761 quac
920 706 1065 748 oculis
1104 706 1340 747 intuemur.
1410 706 1574 756 Quam-

101 761 254 801 obrem
292 766 337 801 et
374 760 501 801 illius
541 761 711 801 eximia
761 762 905 803 virtus
953 775 1234 816 summusque
1288 762 1333 801 in
1371 766 1413 802 te
1454 775 1577 802 amor

102 828 287 870 magnae
326 815 411 856 tibi
450 816 752 858 consolationi
793 817 926 858 debet
966 831 1089 866 esse;
1139 823 1183 858 et
1223 830 1302 858 nos
1335 816 1576 871 ceterique,

102 872 179 926 qui
209 876 254 912 te
284 884 372 911 non
401 885 460 912 ex
489 870 684 924 fortuna,
713 872 791 913 sed
822 887 881 913 ex
910 872 1076 914 virtute
1106 877 1182 913 tua
1210 872 1443 927 pendimus
1465 886 1575 913 sem-

102 940 268 981 perque
314 927 580 980 pendemus:
629 931 675 968 et
721 928 946 969 maximae
1000 929 1137 968 animi
1183 928 1249 968 tui
1287 927 1576 978 conscientia,

100 996 236 1037 quum
275 981 359 1023 tibi
398 982 515 1023 nihil
555 981 715 1024 merito
754 983 977 1024 accidisse
1008 982 1233 1037 reputabis
1271 988 1315 1023 et
1352 983 1470 1023 illud
1499 983 1575 1023 ad-

101 1133 188 1165 nen,
214 1121 490 1164 widersahren,
518 1123 618 1156 wird
645 1122 715 1157 mit
741 1122 826 1157 dem
853 1123 964 1157 Dativ
991 1123 1059 1156 der
1085 1124 1223 1157 Person
1250 1123 1470 1165 construirt‚
1503 1124 1577 1158 wie

103 1170 163 1204 bei
189 1169 271 1204 Liv.
299 1171 350 1212 II,
377 1171 444 1205 27:
472 1170 575 1213 Quod
601 1170 664 1203 ubi
691 1171 751 1203 cui
777 1171 898 1204 militi
925 1171 1134 1213 incideret;
1162 1172 1262 1208 Caes,
1281 1172 1320 1204 B.
1333 1171 1411 1204 Civ.
1431 1172 1575 1214 111,13r

101 1225 225 1253 tantus
260 1225 387 1252 terror
418 1218 553 1252 incidit
587 1218 788 1261 exercitui,
830 1219 985 1253 Terent.
1021 1219 1152 1253 Heaut.
1192 1219 1241 1258 11,
1277 1219 1312 1259 4,
1339 1220 1404 1253 15:
1442 1219 1577 1252 incidit

101 1267 220 1300 amori
250 1266 465 1308 calamitas3
493 1266 566 1299 das.
594 1266 710 1299 Andr.
738 1267 786 1307 11,
807 1268 840 1307 2,
862 1268 926 1302 21:
953 1266 1051 1299 mihi
1076 1266 1211 1301 incidit
1237 1266 1413 1310 suspicio,
1439 1266 1566 1313 virgil

101 1315 240 1361 Georg.
266 1315 317 1354 ΙΙ,
344 1316 431 1349 107:
470 1314 634 1362 navigiis
668 1314 804 1348 incidit
830 1314 966 1347 Eurus.
1030 1315 1099 1348 Die
1132 1313 1446 1362 gewb'hnlichere
1480 1314 1577 1347 Con-

100 1363 287 1397 struction
312 1362 361 1395 ist
388 1361 522 1395 iedoch
548 1361 705 1395 incidere
730 1364 767 1396 in
792 1362 951 1406 aliquid,
976 1362 1013 1395 in
1038 1362 1216 1406 aliquem.
1262 1381 1308 1386 —-
1351 1362 1488 1395 utinam
1522 1372 1577 1402 ne,

101 1413 240 1444 utinam
265 1421 333 1444 non
359 1420 391 1443 c.
420 1411 516 1444 coni.
540 1423 567 1444 s.
595 1411 737 1455 Zumpt
762 1410 789 1453 §.
802 1411 883 1446 571.
909 1429 955 1435 —
982 1410 1140 1449 delectet,
1167 1411 1265 1445 Crat.
1293 1410 1476 1443 delectare
1491 1419 1577 1453 pos·

101 1459 158 1492 sit.
185 1457 328 1492 Glosse.

196 1506 228 1540 4.
283 1505 338 1538 De
364 1531 371 1538 .
399 1504 525 1546 .filio.
577 1505 708 1540 Cicero
735 1512 818 1553 sagt
843 1504 923 1538 ihm
958 1518 1005 1539 zu
1027 1505 1167 1540 seinem
1195 1505 1328 1539 Troste
1355 1504 1434 1538 viel
1462 1504 1578 1538 Gutes

101 1564 190 1588 vom
217 1552 354 1587 Solme.
381 1571 428 1577 —
455 1564 524 1587 non
549 1554 701 1588 dedisse.
728 1553 791 1588 Sic
820 1553 945 1587 Lamb.
971 1554 1065 1587 Ern.
1093 1553 1180 1588 Sch.
1200 1553 1255 1586 ed.
1275 1564 1324 1586 m.
1352 1563 1420 1586 ηοη
1446 1553 1580 1596 cepisse

103 1602 174 1636 Md.
200 1607 399 1649 corrupte3
426 1601 524 1635 Crat.
552 1602 647 1636 Vict.
679 1605 710 1636 l.
738 1604 772 1637 2.
807 1601 941 1635 Graev.
967 1601 1101 1635 Bened.
1128 1600 1369 1634 testimonium
1395 1611 1580 1634 recusasse

103 1650 323 1697 [warh-Lag.
369 1649 564 1683 ORELLl.
616 1649 795 1684 Scheller
824 1649 1065 1683 vermuthete
1097 1649 1324 1692 intercepisse
1355 1654 1399 1682 st.
1427 1659 1495 1681 non
1521 1659 1578 1681 ce-

99 1698 208 1742 pisse.
234 1716 276 1721 —
312 1702 442 1739 metuo,
470 1708 512 1730 ne
538 1698 717 1740 resri‘cem
741 1704 839 1743 trop.
868 1711 917 1728 z
942 1696 1008 1730 ich
1034 1696 1186 1731 mochte
1213 1696 1356 1730 wieder
1381 1706 1579 1737 erneuern,

101 1744 342 1787 anfrischen;
370 1745 444 1779 wie
470 1745 638 1790 Philipp.
665 1746 734 1779 ΙΙΙ.
762 1748 801 1780 7:
839 1745 1061 1779 memoriam
1090 1744 1345 1790 pulcherrimi
1371 1743 1473 1777 facti.
1523 1744 1581 1776 Im

102 1792 361 1841 eigentlichen
393 1792 509 1827 Sinne
541 1807 590 1824 z
622 1793 771 1827 wieder
794 1792 1039 1835 aufkratzen5
1064 1799 1163 1837 trop.
1188 1791 1332 1826 wieder
1356 1791 1582 1830 aufreissen5

101 1841 148 1875 ad
171 1841 286 1874 Attio.
313 1841 358 1881 V,
388 1842 431 1875 15
457 1854 489 1872 u.
516 1841 599 1881 XII,
629 1843 673 1877 18
699 1841 846 1874 vulnus.
870 1841 1007 1885 Agrar.
1035 1840 1106 1882 111,
1133 1842 1155 1875 2
1182 1840 1412 1874 cicatricem.
1446 1857 1493 1863 —-
1528 1843 1579 1872 te-

102 1900 182 1922 cum
208 1899 294 1923 esse.
323 1889 544 1936 Mart-Lag.
573 1887 661 1922 Sch.
690 1889 784 1925 Liin.
813 1893 928 1922 tecum
954 1899 1042 1929 esse,
1079 1892 1175 1921 tuam
1201 1898 1277 1921 esse
1304 1898 1322 1921 e
1349 1887 1579 1931 corruptelis

102 1938 239 1981 Neap.:
276 1942 373 1970 tuam
407 1940 517 1969 tecum
543 1946 620 1970 esse
651 1937 702 1977 d..
742 1942 780 1970 et
812 1937 896 1970 Asc.
926 1938 958 1970 1.
1001 1936 1123 1970 Crat.:
1156 1940 1254 1968 tuam
1292 1945 1367 1968 esse
1401 1939 1513 1968 tecum
1548 1935 1580 1967 d.

104 1984 303 2018 ORELLI.
354 1983 497 2017 Schiitz
529 1986 617 2032 fiigt
653 1983 793 2017 hinzu:
829 1984 883 2018 sic
917 1988 1031 2017 tecum
1056 1983 1180 2028 aptius
1208 1983 1375 2016 refertur
1405 1982 1450 2015 ad
1478 1989 1582 2016 ante-

104 2031 238 2066 cedens
264 2031 475 2076 ubicunque,
502 2039 538 2066 et
562 2036 663 2066 tuam
688 2032 734 2066 ad
759 2043 917 2077 sequens
944 2036 1082 2065 nostra.
1112 2050 1155 2055 —
1181 2030 1302 2064 animo
1329 2031 1470 2073 compl„
1497 2028 1579 2062 sich

103 2081 156 2113 im
184 2079 311 2114 Geiste
337 2079 558 2114 vorstellen.
610 2079 658 2114 So
685 2080 731 2114 de
758 2079 857 2114 Orat.
886 2079 916 2121 1,
942 2081 975 2114 5.
1002 2079 1048 2112 de
1063 2078 1208 2112 Senect.
1235 2089 1266 2112 c.
1295 2079 1327 2113 5.
1356 2077 1581 2125 cogitatione

104 2127 246 2173 compl.
273 2127 374 2162 Orat.
403 2139 435 2161 c.
461 2128 494 2163 2.
521 2127 672 2162 Tuscul.
699 2129 729 2172 I,
757 2129 811 2164 22.
849 2126 1014 2161 absolute
1042 2126 1203 2174 figuram
1231 2125 1347 2159 animi
1373 2125 1435 2159 bei
1462 2124 1579 2158 Tacit.

104 2175 361 2265 Agr's‘f'ffigr
390 2222 457 2256 mn·
482 2233 576 2257 cons.
604 2223 636 2256 d.
663 2233 749 2257 esse.
800 2223 836 2257 s.
860 2222 1013 2256 namsi..
1045 2221 1072 2264 ᾗ.
1101 2222 1183 2260 120,
1212 2224 1242 2256 1.
1271 2221 1414 2255 erotes.
1441 2220 1469 2262 ξ.
1501 2220 1581 2255 253.

106 2272 248 2317 Zumpt
273 2270 300 2312 ἕ.
317 2272 398 2306 422.
425 2289 472 2295 —
498 2276 533 2305 et
558 2282 623 2305 nos
648 2272 832 2316 ceterique
856 2271 938 2304 scil.
966 2281 1123 2318 magnae
1150 2269 1220 2303 tibi
1246 2268 1492 2304 consolationi
1519 2267 1582 2300 de-

105 2320 233 2353 bemus
259 2329 348 2353 esse.
376 2337 419 2343 —
447 2320 510 2363 qui
536 2345 544 2353 .
564 2345 572 2352 .
595 2344 604 2354 .
628 2320 817 2363 pendimus
842 2329 871 2352 s.
899 2329 950 2362 p„
977 2318 1048 2352 den
1074 2318 1149 2352 wir
1179 2317 1288 2351 nicht
1314 2316 1411 2350 nach
1439 2315 1582 2348 seinem

105 2367 259 2402 Gliicke
284 2366 375 2400 oder
399 2365 616 2405 Uno-liicke‚
645 2367 808 2402 sondern
834 2365 930 2399 nach
956 2367 1082 2400 seiner
1100 2365 1258 2412 Tugend
1284 2365 1319 2397 d.
1336 2365 1358 2397 i.
1388 2362 1484 2396 nach
1511 2362 1583 2396 sei·

106 2426 179 2450 nen
215 2413 363 2448 Thaten
403 2396 484 2448 und
514 2415 762 2449 Verdiensten
805 2413 1065 2456 beurtheilen,
1109 2413 1285 2448 sch'a'tzen
1330 2411 1405 2444 und
1447 2411 1583 2443 immor

106 2463 283 2497 schatzen
308 2462 477 2496 werden.
530 2464 638 2497 Denn
665 2464 742 2497 Cic.
772 2463 816 2496 de
843 2463 963 2495 Amic.
1000 2473 1030 2498 c.
1061 2465 1102 2496 17
1141 2472 1177 2494 sa
1211 2467 1242 2494 t:
1282 2460 1434 2494 Amicus
1459 2464 1584 2492 certus

107 2512 146 2544 in
173 2522 214 2544 re
241 2510 387 2544 incerta
412 2511 592 2545 cernitur.
644 2529 687 2535 —
740 2516 772 2544 et
809 2510 1045 2556 (Mart.-Lag.
1072 2509 1160 2543 sch.
1183 2474 1280 2541 ἰϋη.
1309 2510 1372 2549 at)
1407 2506 1586 2539 maximae

107 2558 188 2592 scil.
218 2558 468 2592 consolationi
495 2558 603 2594 debet
629 2570 717 2593 esse.
757 2559 819 2593 Sic
846 2558 1064 2604 Mart—Lag.
1085 2555 1172 2591 sch.
1199 2556 1350 2589 masiano
1376 2554 1470 2589 Cett.
1499 2564 1583 2586 cum

107 2605 179 2639 Md.
209 2625 250 2631 —
278 2617 380 2650 quum
406 2618 453 2635 2:
479 2618 603 2646 wann,
633 2619 660 2641 s.
687 2606 836 2641 Ramsh.
863 2605 890 2647 ς’.
923 2606 1001 2644 189,
1029 2606 1096 2638 111.
1134 2604 1281 2637 Grotef.
1311 2603 1338 2645 ξ.
1366 2604 1446 2637 421.
1476 2601 1582 2634 Anm.

107 2656 143 2693 l,
169 2655 203 2689 2.
231 2655 374 2698 Zumpt
400 2654 427 2695 ἕ.
455 2655 534 2689 579.
562 2673 608 2679 -
632 2656 777 2694 merito,
804 2653 874 2687 mit
901 2652 1036 2693 Recht,
1062 2651 1185 2685 durch
1212 2651 1330 2685 Deiue
1357 2649 1511 2683 Schuld.
1544 2666 1583 2676 „-

109 2705 145 2734 et
181 2702 276 2735 illud
309 2701 494 2743 adiunges.
546 2701 609 2736 Sic
642 2703 716 2736 Md.
752 2702 850 2736 Crat.
878 2701 975 2735 vict.
1006 2703 1037 2735 1.
1067 2702 1097 2736 2.
1135 2704 1166 2732 et
1193 2710 1297 2743 quum
1331 2698 1423 2731 illud
1457 2695 1584 2729 hamb.

110 2749 206 2783 coni.
242 2751 274 2782 si
308 2753 342 2782 et
374 2750 398 2781 i.
433 2749 570 2783 Graev.
608 2751 703 2784 Ern.
739 2752 796 2782 «ιη’
832 2754 864 2781 ct
901 2751 922 2780 τ’.
958 2748 1192 2790 &iarn-lag.
1229 2747 1323 2780 coni.
1367 2745 1452 2777 seh.
1491 2745 1583 2776 Liin.

177 2828 236 2855 Cic.
257 2828 359 2855 Briere
379 2837 407 2854 v.
430 2828 553 2855 Billerb.
595 2831 615 2853 ¹.
1132 2801 1190 2840 37
