1742 3006
505 72 824 118 EPISTOLA
863 75 1028 118 xxx.
1426 80 1514 128 147

33 202 195 244 magna
224 189 314 230 iam
342 200 402 229 ex
430 189 558 242 parte
587 184 851 241 perfecisti?
907 186 1010 229 Non
1042 189 1162 230 enim
1189 189 1410 233 desistunt
1438 207 1515 235 no-

33 247 103 287 bis
133 258 266 300 agere
296 243 499 300 quotidie
529 243 700 296 gratias
730 240 1074 285 honestissimae
1116 250 1162 286 et
1189 248 1413 289 maximae
1443 262 1514 290 so-

35 302 248 343 cietates:
287 299 407 356 quod
436 297 619 352 quidem
647 296 763 338 mihi
791 297 969 340 idcirco
999 300 1239 344 iucundius
1269 309 1361 356 est,
1392 305 1515 359 quod

31 357 154 399 idem
182 356 357 398 faciunt
386 354 564 395 Graeci.
624 352 838 395 Difficile
867 358 935 395 est
964 357 1126 407 autem,
1156 359 1365 414 ea,'quae
1395 373 1517 401 com-

33 413 205 465 modis,
240 412 441 453 utilitate
482 413 526 450 et
555 423 696 464 prope
723 413 883 452 natura
911 409 1094 451 diversa
1124 417 1241 464 sunt,
1273 416 1512 457 voluntate

33 470 315 522 coniungere.
372 466 435 507 At
464 478 518 507 ea
546 465 745 520 quidem,
776 479 889 520 quae
919 477 1052 520 supra
1081 467 1253 521 scripta
1282 475 1398 523 sunt,
1427 485 1516 513 non

33 529 83 566 ut
121 528 166 565 te
206 523 516 574 instituerem,
566 521 732 575 scripsi
760 543 817 550 -
844 534 989 576 neque
1021 521 1141 562 enim
1169 524 1410 577 prudentia
1439 521 1517 568 tu'a

32 580 290 634 cuiusquam
319 581 560 632 praecepta
601 576 833 618 desiderat
859 599 914 606 —
958 577 1039 618 sed
1075 591 1147 618 me
1190 579 1238 619 in
1275 582 1515 625 scribendo

33 634 401 677 commemoratio
431 637 536 674 tuae
565 633 748 674 virtutis
779 633 1054 674 delectavit:
1084 647 1348 689 quamquam
1377 638 1424 678 in
1441 637 1514 679 his

33 692 184 732 literis
213 690 394 745 longior
423 688 506 741 fui,
537 702 670 744 quam
700 693 776 731 aut
804 688 972 732 vellem
1001 692 1079 730 aut
1108 703 1242 744 quam
1271 705 1341 733 me
1361 695 1516 748 putavi

33 746 145 788 fore.

141 815 282 857 XIII.
347 814 495 854 Unum
523 815 612 864 est,
642 813 762 868 quod
791 814 875 855 tibi
905 828 989 869 ego
1017 815 1279 869 praecipere
1319 830 1407 858 non
1438 818 1514 859 de-
1526 823 1580 864 37

33 873 200 924 sinam,
244 883 389 924 neque
430 873 477 910 te
506 869 656 924 patiar
694 892 749 898 —
779 874 993 924 quantum
1024 872 1112 912 erit
1141 872 1189 911 in
1220 885 1290 912 me
1328 894 1383 901 —-
1413 886 1515 915 cum

34 928 303 982 exceptione
334 925 521 967 laudari.
582 923 748 965 Omnes
778 927 912 979 enim,
942 926 1021 980 qui
1051 927 1188 967 istinc
1216 927 1417 979 veniunt,
1447 929 1514 969 ita

35 984 91 1024 de
120 989 199 1025 tua
227 983 412 1034 virtute,
440 981 720 1035 integritate,
749 980 1031 1023 humanitate
1061 988 1434 1035 commemorant,
1463 989 1513 1025 ut

33 1041 82 1079 in
130 1039 221 1080 tuis
272 1037 453 1078 summis
502 1036 709 1078 laudibus
754 1038 988 1092 excipiant
1035 1051 1167 1079 unam
1218 1039 1510 1080 iracundiam.

34 1094 170 1144 Quod
194 1094 356 1135 vitium
385 1106 520 1148 quum
548 1092 594 1133 in
623 1091 712 1133 hac
741 1094 921 1147 privata
949 1094 1302 1149 quotidianaque
1331 1096 1429 1136 vita
1447 1096 1512 1136 le-

32 1151 102 1191 vis
132 1163 228 1192 esse
257 1150 397 1190 animi
426 1152 557 1202 atque
587 1147 759 1189 infirmi
787 1150 992 1202 videtur,
1033 1154 1128 1190 tum
1154 1164 1263 1192 vero
1294 1150 1414 1191 nihil
1445 1156 1513 1192 est

31 1210 125 1247 tam
154 1204 381 1257 deforme,
412 1218 543 1259 quam
572 1204 630 1245 ad
659 1218 878 1246 summum
906 1206 1144 1259 imperium
1174 1207 1310 1247 etiam
1340 1208 1514 1248 acerbi-

32 1266 171 1303 tatem
209 1265 395 1303 naturae
439 1261 696 1314 adiungere.
776 1261 928 1310 Quare
966 1261 1086 1302 illud
1126 1276 1216 1302 non
1254 1264 1513 1317 suscipiam,

33 1323 104 1370 ut,
154 1331 267 1372 quae
298 1317 354 1357 de
383 1317 622 1357 iracundia
650 1316 744 1356 dici
774 1317 923 1358 solent
952 1330 979 1358 a
1008 1317 1286 1358 doctissimis
1315 1317 1512 1359 homini-

34 1375 141 1423 bus,
190 1386 244 1415 ea
271 1386 389 1413 nunc
418 1373 504 1412 tibi
534 1385 779 1425 exponam,
825 1386 959 1427 quum
988 1376 1035 1413 et
1063 1373 1197 1414 nimis
1227 1374 1384 1428 longus
1416 1387 1512 1415 esse

37 1429 179 1470 nolim
218 1433 263 1469 et
300 1441 359 1468 ex
398 1428 640 1468 multorum
670 1427 854 1480 scriptis
895 1441 948 1469 ea.
987 1427 1125 1469 facile
1163 1430 1308 1483 possis
1347 1443 1513 1484 cogno-

35 1498 182 1526 scere:
211 1484 344 1536 illud,
375 1483 494 1538 quod
519 1487 587 1524 est
612 1483 831 1537 epistolae
853 1484 1098 1538 proprium,
1131 1489 1181 1525 ut
1210 1486 1264 1537 is,
1294 1485 1351 1525 ad
1382 1499 1514 1540 quem

36 1541 276 1592 scribitur,
321 1540 377 1580 de
405 1539 463 1579 iis
494 1540 639 1591 rebus,
669 1552 777 1592 quas
807 1540 1011 1593 ignorat,
1042 1540 1214 1581 certior
1241 1541 1346 1592 fiat,
1385 1554 1514 1595 prae-

36 1594 376 1638 termittendum
406 1607 502 1635 esse
531 1607 619 1634 non
648 1598 768 1648 puto.
828 1595 906 1635 Sic
935 1594 992 1635 ad
1019 1609 1100 1636 nos
1132 1609 1283 1637 omnes
1312 1595 1408 1637 fere
1439 1597 1580 1651 ἀεῖ-38

35 1652 200 1704 ferunt,
229 1650 364 1703 nihil,
394 1664 528 1704 quum
558 1651 675 1691 absit
703 1650 963 1701 iracundia,
993 1654 1038 1691 te
1067 1651 1171 1691 fieri
1199 1664 1329 1705 posse
1359 1653 1514 1692 iucun-

38 1709 163 1750 dius:
201 1707 304 1758 sed,
353 1720 486 1760 quum
522 1710 568 1746 te
614 1705 805 1746 alicuius
845 1707 1113 1761 improbitas
1152 1707 1515 1761 perversitasque

37 1763 354 1814 commoverit,
403 1762 470 1802 sic
510 1764 555 1802 te
593 1761 741 1802 animo
771 1762 986 1813 incitari,
1031 1766 1082 1802 ut
1111 1763 1165 1802 ab
1196 1763 1398 1803 omnibus
1438 1769 1517 1804 tua

38 1820 321 1861 desideretur
349 1816 617 1859 humanitas.
677 1816 846 1871 Quare,
876 1818 1087 1872 quoniam
1108 1819 1155 1858 in
1179 1831 1276 1859 eam
1294 1819 1516 1860 rationem

39 1938 144 1972 Orat.
170 1949 227 1982 pr.
254 1937 383 1971 Plane.
412 1947 442 1969 c.
473 1937 527 1970 13.
561 1935 635 1980 Ep.
665 1935 712 1969 ad
737 1936 886 1972 Divers.
914 1936 1020 1976 XIII,
1045 1937 1068 1971 9
1094 1936 1178 1977 (237
1196 1936 1353 1978 d.A).—
1380 1947 1421 1970 ea
1445 1949 1515 1982 pro

40 1997 110 2020 eos.
160 1986 195 2018 S.
221 1986 377 2019 Ramsh.
403 1987 431 2028 §.
458 1985 540 2023 203,
568 1985 599 2023 Ι,
626 1995 660 2024 a,
687 1984 722 2018 5.
751 2003 796 2008 ——
824 1985 991 2018 commod.
1042 1984 1163 2017 durch
1191 1986 1402 2025 Interesse,
1448 1996 1515 2019 na-

40 2040 133 2074 tura,
159 2033 360 2075 Sinnesart‚
386 2032 785 2066 Nationalcharakter.
815 2051 854 2056 —
893 2034 1025 2066 volunt.
1055 2032 1147 2065 coni.
1175 2044 1218 2065 zu
1245 2035 1369 2065 ciuem
1389 2034 1514 2066 wech-

40 2082 252 2127 selseitigen
280 2088 392 2126 guten
419 2080 555 2113 Willen
581 2092 626 2114 zu
653 2080 876 2125 vereinigen‚
903 2081 1136 2113 bestimmen.
1162 2100 1207 2105 —
1235 2081 1343 2113 desid.
1372 2095 1421 2112 z
1447 2084 1514 2114 ηὸ-

38 2131 120 2176 thig
150 2129 287 2163 haben.
316 2149 360 2154 -
385 2133 447 2162 ant
474 2139 586 2173 quam.
634 2129 890 2162 Posteriorem
915 2140 996 2161 voc.
1025 2129 1135 2164 omis.
1164 2129 1268 2164 Crat.
1296 2129 1429 2162 Lamb-

133 2179 240 2216 XIII.
286 2179 343 2213 37.
386 2177 457 2209 erit
492 2178 529 2209 ιή
555 2187 616 2210 me.
666 2177 726 2209 Sic
753 2177 837 2213 Md.
864 2177 961 2210 Vict.
992 2179 1022 2210 1.
1051 2178 1084 2210 2.
1111 2176 1146 2208 in
1171 2187 1222 2209 me
1247 2177 1319 2209 erit
1347 2179 1441 2212 Cett.
1469 2196 1512 2201 —

40 2228 95 2261 ita
122 2252 129 2259 .
156 2253 165 2263 .
196 2253 202 2259 .
232 2235 401 2260 commem.
428 2239 478 2255 Ξ
502 2225 556 2257 ita
581 2225 735 2258 laudant
761 2232 865 2258 tuam
891 2225 1070 2258 virtutem
1097 2230 1168 2257 cet.
1195 2243 1241 2249 —
1280 2225 1374 2261 irae.
1401 2225 1512 2259 lach-

41 2286 142 2309 zorn.
166 2294 212 2300 -
238 2275 338 2317 levis,
366 2272 681 2315 unbedachtsam3
709 2272 860 2315 infirmi,
895 2273 960 2318 qui
987 2273 1045 2306 sui
1070 2284 1145 2306 non
1173 2283 1324 2318 compos
1352 2275 1418 2315 sit,
1449 2274 1511 2318 qui

41 2335 78 2357 se
110 2334 243 2369 regere
276 2329 314 2356 et
348 2321 544 2355 continere
569 2322 726 2355 nesciat.
765 2340 809 2346 -
854 2322 1008 2361 videtur,
1044 2321 1112 2355 Ox.
1139 2322 1172 2356 3.
1200 2323 1232 2356 2.
1258 2322 1438 2355 videatur.
1467 2340 1510 2345 -—

41 2372 159 2406 acerb²
192 2376 267 2406 nat.
310 2371 428 2404 herbe
462 2369 664 2403 Sinnesart.
692 2389 736 2394 —
780 2381 802 2403 a
835 2369 926 2403 doct.
961 2368 1108 2411 homin„
1151 2369 1196 2401 ab
1231 2369 1436 2402 Aristotele
1470 2370 1511 2401 in

39 2419 209 2463 Ethicis3
252 2432 273 2453 a
303 2420 460 2453 Platone
493 2419 533 2451 in
566 2419 725 2452 Philebo
761 2424 798 2450 et
830 2419 879 2451 IV
917 2418 962 2450 de
987 2428 1069 2463 rep,
1097 2416 1303 2451 MANUT.
1340 2435 1382 2441 —
1421 2428 1513 2449 nunc

41 2467 120 2500 tibi.
178 2469 238 2501 Sic
270 2468 352 2502 Md.
385 2467 483 2501 Vict.
525 2468 558 2501 1.
588 2468 621 2502 2.
656 2467 723 2500 tibi
748 2476 838 2499 nunc
864 2466 961 2500 Cett.
994 2485 1038 2490 —
1073 2465 1175 2498 illud.
1205 2465 1318 2498 delev.
1346 2465 1443 2498 illud
1468 2465 1511 2498 de

41 2517 134 2550 Ern.
161 2516 260 2549 coni.
283 2515 440 2552 Schiitz.
497 2515 619 2549 Allein
653 2527 690 2547 es
717 2513 820 2547 steht
845 2514 987 2558 kraftig
1011 2513 1095 2546 dem
1121 2519 1286 2546 ersteren
1312 2512 1408 2544 illud
1431 2520 1511 2545 ent-

44 2574 172 2608 gegen.
200 2582 242 2588 —-
271 2574 323 2607 ep.
346 2574 476 2608 propr.
527 2563 608 2608 Vgl.
635 2563 683 2595 ad
707 2562 835 2596 Famil.
863 2564 910 2604 11,
936 2563 959 2597 4
987 2563 1089 2605 (174)
1114 2562 1166 2594 im
1191 2561 1281 2593 Ans.
1309 2579 1354 2583 —
1381 2561 1422 2593 de
1447 2562 1509 2601 iis,

43 2612 149 2645 Vict.
178 2614 209 2645 1.
234 2609 302 2646 his.
332 2612 481 2654 ignoret
506 2612 594 2645 Ern.
621 2623 717 2655 susp,

138 2661 193 2695 38.
232 2658 324 2699 steri
349 2673 397 2690 z
423 2671 513 2701 esse,
547 2660 619 2693 wie
651 2659 850 2705 γίγνεσθαι
875 2672 923 2690 z:
949 2654 1052 2694 εἷνιιι,
1104 2676 1145 2681 -
1198 2666 1412 2689 commorere
1445 2657 1512 2690 ali-

45 2719 165 2753 quem,
191 2709 325 2740 Einem
351 2707 411 2740 die
437 2708 549 2741 Galle
573 2719 663 2752 rege
688 2707 870 2750 machera,
907 2707 1024 2739 animo
1051 2705 1148 2739 incit.
1185 2704 1221 2736 in
1248 2703 1420 2749 heftigen
1445 2704 1511 2738 Af-

44 2758 141 2797 fect‚
178 2756 216 2789 in
243 2757 350 2789 Hitze
376 2756 569 2799 gei-athen.
595 2774 640 2781 —-
674 2756 784 2789 desid.
812 2755 988 2791 vexmisst
1021 2751 1182 2785 werden.
1217 2770 1262 2776 —
1313 2753 1413 2785 ratio
1448 2753 1510 2785 rit.

972 2820 1075 2864 10*
