1742 3006
208 103 295 151 146
443 101 503 144 Μ.
537 102 592 143 T.
624 95 964 140 olcERole
995 95 1375 139 EPISTOLAE.
1418 84 1421 94 '
1721 84 1733 162 g-

206 219 241 259 ii
270 214 525 272 aspernari,
554 212 631 266 qui
662 223 742 265 per
769 223 816 251 se
846 209 1039 264 pendere
1070 209 1264 263 vectigal
1296 222 1385 249 non
1413 213 1676 261 potuerunt3
1727 210 1729 217 ’

143 275 346 328 &lneque
387 271 422 310 ii
461 280 694 319 recusare,
741 267 818 320 qui
858 265 1211 320 postulaverunt.
1290 265 1435 305 Simul
1476 268 1523 306 et
1557 266 1674 307 illud

207 331 317 372 Asia
346 324 542 379 cogitet,
571 323 744 364 nullam
773 335 799 362 a
827 335 874 362 se
905 333 1046 374 neque
1074 321 1185 361 belli
1216 321 1394 362 externi
1423 333 1567 375 neque
1596 321 1674 362 do-

207 383 491 426 mesticarum
528 377 859 420 discordiarum
916 376 1219 417 calamitatem
1258 375 1484 418 afuturam
1521 375 1676 429 fuisse,

205 442 246 481 si
275 438 362 478 hoc
391 436 582 490 imperio
611 448 698 475 non
728 436 969 474 teneretur.
1028 432 1083 472 Id
1111 437 1260 473 autem
1289 432 1527 486 imperium
1542 446 1677 487 quum
1741 444 1742 481 Τ

202 492 392 537 retineri
421 493 517 532 siue
545 489 845 544 vectigalibus
875 488 1001 528 nullo
1030 488 1162 529 modo
1192 489 1359 542 possit,
1409 500 1551 542 aequo
1580 489 1676 529 ani·
1738 486 1742 538 ,ἐ

204 564 276 591 mo
316 551 443 604 parte
487 548 642 601 aliqua
680 557 858 586 suorum
887 543 1112 584 fructuum
1142 556 1297 598 pacem
1326 545 1414 585 sibi
1444 544 1676 599 sempiter-
1739 574 1742 619 4

205 619 305 647 nam
334 603 528 644 redimat
555 605 688 655 atque
718 601 873 642 otium.

140 660 194 703 35
313 658 427 701 XII.
486 657 664 707 Quodsi
701 669 838 710 genus
879 655 1026 709 ipsum
1065 657 1112 695 et
1140 667 1301 696 nomen
1331 656 1560 710 publicani
1591 669 1678 696 non

207 716 360 769 iniquo
401 714 548 754 animo
588 712 893 761 sustinebunt,
946 712 1154 763 poterunt
1192 711 1248 751 iis
1279 712 1471 752 consilio
1500 715 1546 752 et
1574 725 1677 766 pru-

206 771 360 812 dentia
395 773 473 810 tua
512 768 690 822 reliqua
716 767 865 809 videri
894 766 1091 808 mitiora.
1152 765 1349 807 Possunt
1378 767 1426 807 in
1454 768 1677 821 pactioni-

206 829 284 868 bus
314 824 535 867 faciendis
565 837 651 865 non
682 824 827 876 legem
856 825 1059 876 spectare
1089 822 1366 873 censoriam,
1420 822 1499 863 sed
1528 824 1678 876 potius

206 881 570 923 commoditatem
599 877 873 920 conficiendi
902 878 1074 931 negotii
1115 882 1160 918 et
1190 878 1501 918 liberationem
1540 878 1679 919 mole·
1708 900 1714 905 ,

205 939 334 980 stiae.
392 936 532 977 Potes
562 936 696 976 etiam
727 939 773 975 tu
803 934 850 974 id
880 932 1054 984 facere,
1092 933 1212 986 quod
1243 937 1288 974 et
1317 932 1468 974 fecisti
1500 934 1678 988 egregie

206 998 252 1035 et
280 993 410 1045 facis,
441 996 490 1032 ut
519 1003 861 1040 commemores,
891 992 1056 1042 quanta
1084 990 1145 1029 sit
1173 990 1219 1029 in
1250 989 1499 1044 publicanis
1529 990 1677 1044 digni-

207 1055 301 1102 tas,
331 1052 544 1103 quantum
573 1059 653 1087 nos
684 1046 756 1086 illi
788 1045 937 1086 ordini
969 1044 1231 1096 debeamus,
1261 1048 1310 1086 ut
1339 1052 1511 1086 remoto
1541 1046 1677 1100 impe-

206 1106 275 1145 rio
316 1117 369 1145 ac
407 1104 455 1145 vi
494 1102 729 1156 potestatis
769 1106 814 1141 et
852 1100 1040 1140 fascium
1069 1101 1329 1154 publicanos
1361 1114 1460 1141 cum
1491 1101 1678 1142 Graecis

174 1186 185 1190 ⁷-
206 1162 354 1215 gratia
383 1163 429 1200 et
457 1158 728 1198 auctoritate
759 1157 1015 1210 coniungas.
1094 1156 1185 1196 Sed
1214 1160 1260 1196 et
1289 1157 1343 1197 ab
1372 1157 1454 1208 iis,
1495 1157 1551 1198 de
1580 1158 1676 1211 qui-

206 1218 283 1256 bus
313 1215 479 1269 optime
509 1217 558 1253 tu
587 1214 773 1253 meritus
804 1226 849 1253 es
881 1218 926 1252 et
956 1212 1034 1265 qui
1065 1212 1150 1251 tibi
1181 1213 1330 1252 omnia
1357 1212 1545 1264 debent,
1587 1212 1675 1254 hoc

206 1275 347 1325 petas,
377 1273 425 1310 ut
455 1268 678 1309 facilitate
709 1281 788 1308 sua
812 1280 892 1308 nos
922 1280 1018 1307 eam
1047 1267 1436 1320 necessitudinem,
1466 1281 1578 1321 quae
1611 1275 1678 1308 est

207 1327 335 1366 nobis
377 1338 476 1365 cum
517 1323 791 1377 publicanis,
841 1323 1042 1362 obtinere
1071 1327 1115 1362 et
1144 1336 1410 1363 conservare
1440 1324 1675 1376 patiantur.

143 1386 198 1428 36
212 1381 302 1423 Sed
341 1379 451 1435 quid
481 1392 563 1432 ego
594 1382 637 1418 te
668 1377 781 1419 haec
809 1377 991 1429 hortor,
1030 1390 1141 1431 quae
1172 1381 1220 1418 tu
1249 1391 1336 1419 non
1366 1378 1498 1419 modo
1529 1378 1677 1420 facere

209 1440 333 1492 potes
373 1439 450 1476 tua
489 1439 646 1488 sponte
685 1435 781 1474 sine
821 1434 1083 1487 cuiusquam
1112 1435 1385 1489 praeceptis,
1436 1434 1513 1475 sed
1542 1436 1678 1476 etiam
1727 1465 1730 1473 .

208 1567 322 1601 etiam
348 1578 460 1611 quum
486 1564 597 1598 liberi
625 1571 758 1598 essent.
787 1584 826 1589 -—
853 1575 923 1608 per
948 1575 986 1597 se
1011 1565 1038 1597 i.
1068 1576 1099 1597 e.
1128 1565 1209 1597 sine
1234 1565 1454 1609 publicanis.
1485 1585 1526 1590 -—
1552 1571 1675 1609 postu-

209 1617 385 1656 laverunt,
411 1625 473 1646 um
498 1623 629 1645 unsere
656 1612 880 1645 Publicaner
905 1611 1164 1656 nachgesucht
1191 1613 1326 1646 haben.

304 1663 363 1697 34.
418 1660 511 1694 Asia
538 1672 604 1705 pro
632 1660 774 1693 Asiani.
834 1660 1035 1694 continens
1061 1671 1130 1704 pro
1158 1661 1362 1693 Contento.
1394 1680 1434 1685 -
1486 1663 1573 1695 dom.
1603 1664 1674 1696 ‹lis-

209 1711 309 1746 σοι-(1,
359 1709 420 1742 Sic
447 1708 527 1742 Md.
559 1708 651 1740 Vict.
680 1710 712 1742 1.
741 1709 773 1743 2.
799 1707 884 1740 disc.
912 1708 1005 1741 dom.
1035 1709 1131 1741 Gett.
1191 1708 1387 1743 ORELLI.

304 1759 387 1791 XII.
439 1757 496 1791 35.
546 1766 666 1788 nomen
699 1756 905 1798 publicani,
946 1755 1014 1788 den
1039 1757 1184 1790 Namen
1211 1757 1274 1789 des
1299 1758 1602 1803 Staatsp'cichters.
1633 1777 1671 1784 --

208 1806 430 1838 sustinebunt
457 1804 589 1837 Asiani.
620 1822 659 1828 —
689 1804 801 1845 Iegem
830 1829 838 1837 .
858 1828 866 1836 .
896 1804 1108 1842 censoriam,
1136 1804 1201 1836 das
1227 1805 1459 1839 Instrument
1484 1807 1577 1839 iiber
1603 1807 1672 1839 den

210 1865 283 1887 von
310 1854 380 1886 den
405 1851 706 1897 iedesmahligen
722 1854 907 1885 Censorem
933 1852 984 1884 im
1000 1853 1140 1885 Namen
1167 1853 1233 1886 der
1258 1853 1675 1888 staatsschatzkammer
1719 1855 1725 1896 ι]

209 1902 280 1935 mit
313 1901 414 1934 einer
441 1898 692 1933 Gesellschaft
724 1912 792 1932 von
819 1901 1062 1933 Publicanern
1094 1901 1428 1945 abgeschlossenen
1463 1903 1675 1947 Zolljmclnt,

216 1950 332 1982 worin
362 1947 505 1982 sowohl
532 1948 594 1980 das
620 1947 758 1980 Obiect
783 1947 834 1980 als
862 1948 920 1981 die
947 1948 1213 1993 Bedingnngen
1242 1949 1437 1982 desselben
1464 1961 1498 1984 ιι.
1526 1951 1585 1983 die
1610 1954 1675 1984 Art

212 1998 279 2030 der
305 1997 508 2040 Erliebung
535 2007 651 2040 genau
678 1996 866 2028 bestimmt
894 2007 1024 2029 waren.
1080 1997 1188 2029 Sum:
1239 1998 1323 2038 „Da
1349 1998 1409 2030 die
1435 1999 1674 2044 Staatspiich-

213 2053 270 2079 ter
296 2046 354 2078 die
381 2046 438 2078 lex
467 2045 631 2077 censoria
659 2043 809 2087 biniger
835 2055 949 2088 gegen
978 2044 1037 2076 die
1055 2045 1205 2077 Asiaten
1233 2046 1285 2078 als
1310 2057 1425 2090 gegen
1454 2047 1533 2079 sich
1560 2048 1673 2081 sclbst

212 2094 401 2138 abgefasst
428 2092 564 2132 finden,
591 2093 636 2124 da
664 2092 716 2125 sie
743 2104 786 2125 zu
813 2093 941 2124 theuer
966 2093 1162 2137 gepae-litet
1190 2092 1329 2135 habcn3
1355 2105 1395 2127 so
1421 2094 1563 2127 k'cinnen
1592 2096 1673 2128 sicli

213 2142 271 2173 die
306 2141 454 2173 Asiaten
490 2141 558 2174 mit
598 2140 666 2172 den
702 2139 1008 2184 Staatspa'chtern
1041 2141 1204 2174 dax-iiber
1239 2142 1436 2175 besonders
1478 2150 1673 2188 verti-agen

212 2190 422 2233 (pactiones
449 2188 608 2231 facere),
647 2189 744 2221 ohne
771 2187 851 2219 sich
879 2200 926 2220 au
953 2189 1021 2221 den
1049 2190 1287 2222 Buchstaben
1316 2190 1376 2222 des
1403 2191 1680 2225 Censorischenf

210 2239 455 2271 Instruments
489 2249 531 2269 zu
564 2248 681 2280 gen-*111
709 2248 753 2269 zu
780 2236 916 2269 hulten.
969 2237 1043 2270 Anf
1075 2237 1175 2270 diese
1207 2238 1275 2271 Art
1299 2239 1447 2271 konnen
1473 2240 1673 2273 manchon

214 2286 261 2319 lei
288 2284 548 2319 nucksichten
585 2296 648 2317 zur
684 2284 980 2331 Erleichtei·ung
1015 2285 1078 2317 des
1106 2285 1309 2319 Geschiists
1335 2298 1555 2330 genommen
1582 2299 1676 2320 wer-

212 2333 307 2373 den,
358 2332 538 2365 wodurch
566 2332 646 2365 sich
673 2332 794 2365 dieser
820 2333 963 2365 Handel
990 2333 1139 2366 cndlich
1167 2334 1335 2378 beilegen
1363 2335 1485 2377 liesse,
1530 2347 1568 2368 so
1595 2335 1676 2367 dass

212 2382 271 2414 die
297 2382 385 2414 Last
411 2379 484 2413 und
512 2380 618 2423 Plage
652 2380 715 2413 des
749 2381 889 2423 ewigen
916 2381 1075 2424 leagens
1102 2381 1178 2414 und
1202 2381 1389 2416 Mahnens
1416 2383 1582 2416 abseiten
1609 2384 1676 2416 der

210 2429 435 2462 Publicaner
461 2428 520 2461 bei
548 2428 663 2460 ihnen
691 2429 873 2461 aufliiirte.
903 2448 944 2452 ——-
977 2429 1012 2461 in
1037 2430 1255 2471 publicanis,
1283 2429 1377 2462 denn
1405 2431 1456 2463 sie
1483 2431 1562 2464 sind
1590 2442 1674 2464 vom
1710 2453 1712 2458 »

210 2476 482 2510 Ritterstande.
509 2494 552 2499 -
579 2480 711 2508 remoto
738 2501 745 2510 .
777 2500 784 2508 .
817 2476 1017 2517 ,fascium
1038 2476 1139 2509 olme
1163 2474 1517 2512 Dazwischenkunst
1535 2480 1674 2512 Deincr

209 2525 449 2570 Amtsgewalt
474 2523 547 2556 und
581 2523 681 2556 ohne
715 2523 784 2557 den
812 2524 1011 2558 Gebrauch
1037 2526 1288 2569 gewaltsamer
1315 2527 1602 2572 Zwangsmittel.
1630 2545 1671 2551 -

209 2574 278 2605 sed
304 2599 309 2605 .
341 2598 347 2606 .
375 2573 417 2605 de
442 2573 585 2616 quibus,
628 2571 759 2604 Lamb.
788 2572 861 2604 Sed
884 2573 928 2605 ab
955 2573 1014 2613 iis,
1042 2577 1073 2604 cl
1100 2574 1141 2606 (Ie
1165 2574 1302 2617 quibus.
1354 2593 1398 2599 —
1447 2579 1569 2619 petas,
1616 2576 1673 2607 Du

210 2622 341 2653 kannst
369 2621 578 2664 verlaugen.
611 2639 650 2645 --
684 2630 837 2662 necess„
867 2620 929 2653 das
956 2621 1285 2666 notltgcdrungene
1311 2623 1673 2656 sreundschastliche

212 2666 455 2701 Vei-hiiltniss.

302 2717 359 2751 36.
389 2716 518 2749 hortor
544 2715 611 2749 mit
640 2714 729 2747 zwvi
759 2716 925 2748 Accusat.
975 2716 1006 2749 S.
1034 2717 1184 2752 Ram-ch.
1212 2720 1238 2762 §-
1269 2720 1348 2755 131.
1377 2720 1421 2753 Ν.
1449 2720 1478 2754 2.
1527 2719 1670 2753 Grotef.

207 2768 233 2808 ξ,
262 2766 343 2799 217.
453 2765 536 2796 sine.
591 2763 722 2797 Lamb.
752 2767 785 2794 (Ἰ
813 2764 901 2797 sinn
934 2784 972 2788 -—
1010 2768 1203 2799 sociantes
1229 2767 1525 2811 publicanorum.
1591 2767 1668 2798 Vid.
