1742 3006
148 102 242 152 564
428 103 489 146 M.
521 103 576 146 T.
610 101 953 147 CICERONIS
984 100 1355 147 EPISTOLAE.

153 214 478 258 intennisisses.
538 214 766 257 Indicavit
803 213 918 256 mihi
947 214 1094 257 Pansa
1132 228 1254 258 meus
1281 214 1553 271 Epicureum
1596 219 1640 257 te

153 286 249 314 esse
277 271 458 312 sactum.
517 270 560 312 Ο
591 275 738 312 castra
767 271 1022 325 praeclara!
1066 270 1179 326 quid
1218 276 1267 312 tu
1297 271 1497 317 fecisses,
1525 271 1566 313 si
1594 276 1641 313 te

154 328 414 374 Tarentum,
461 329 507 368 et
553 340 640 368 non
688 326 1050 369 Samarobrivam
1096 327 1342 370 misissem?
1397 326 1495 369 Iam
1545 330 1640 368 tum

153 383 267 424 mihi
296 395 383 423 non
411 382 631 437 placebas,
660 395 795 437 quum
824 382 944 423 idem
976 381 1259 435 [ithuebare,
1289 383 1409 437 quod
1439 381 1470 434 †
1501 382 1641 424 Zeius

115 437 393 489 2samiliaris
420 451 560 480 meus.
633 438 725 481 Sed
756 451 950 492 quonam
978 437 1112 479 modo
1142 438 1214 479 ius
1243 438 1381 479 civile
1411 437 1639 484 defendes,

152 507 287 549 quum
316 493 463 534 omnia
501 497 578 534 tua
617 506 750 535 causa
789 493 946 540 facias,
994 507 1082 534 non
1121 493 1315 536 civium?
1373 493 1463 535 Ubi
1502 506 1640 549 porro

155 551 236 590 illa
273 549 362 591 erit
401 548 596 590 formula
636 548 844 596 fiduciae,
885 562 946 591 UT
983 563 1119 591 INTER
1161 563 1303 591 nonos
1340 563 1463 591 BENE
1501 563 1641 591 AGIER

151 605 378 647 OPORTET?
437 603 550 655 Quis
581 604 699 646 enim
732 609 813 652 cst,
853 604 933 660 qui
963 604 1075 646 facit
1105 605 1224 647 nihil
1255 605 1345 647 nisi
1375 618 1454 647 sua
1483 605 1641 646 causa?

150 761 178 803 §.
207 762 290 796 396.
317 760 428 794 Anm.
459 778 500 784 —
530 759 663 793 Pansa.
716 759 851 794 Dieser
887 759 926 793 C.
955 758 1085 792 Vibius
1122 760 1238 793 Pansa
1270 759 1486 794 beklcidete
1524 759 1638 794 nach-

150 809 222 842 her
244 809 296 842 im
322 809 351 843 1.
378 809 449 844 711
474 807 545 841 mit
571 807 719 842 Hirtius
746 808 810 840 das
837 807 1029 842 Consulat.
1089 805 1146 840 Im
1184 807 1211 841 Ι.
1249 810 1315 843 701
1351 807 1451 842 hielt
1482 820 1524 842 er
1557 808 1638 841 sich

151 857 251 891 heim
278 856 390 891 C'asar
415 857 456 889 in
490 855 644 890 Gallien
679 858 755 896 auf,
781 856 840 888 bei
867 855 952 888 dem
978 866 1022 889 er
1042 855 1127 889 Viel
1153 855 1387 889 vermochte.
1417 877 1456 882 —
1486 855 1586 900 Epic.
1609 861 1640 889 te·

153 916 228 938 esse
245 905 408 948 sactum,
436 903 503 938 der
530 904 606 937 also
631 903 692 938 die
719 903 1057 937 Gem'zichlichkeit
1084 902 1183 939 liebe
1209 904 1286 936 und
1313 904 1366 937 als
1378 903 1641 951 Abtriinniger

152 954 226 987 den
251 952 386 988 Cicero
412 951 561 987 scheue.
604 969 651 976 —-
694 962 715 984 ο
749 956 875 985 castra
912 951 1135 994 praeclara!
1185 953 1242 985 Du
1274 951 1359 986 hast
1394 950 1495 986 Dich
1529 958 1641 985 unter

154 1002 239 1035 eine
265 999 484 1034 riihmlichc
508 1000 637 1033 Fahne
665 999 855 1047 begeben!
907 1000 1017 1032 Denn
1044 1003 1167 1032 castra
1193 999 1242 1033 ist
1269 999 1442 1043 tropisch
1462 1013 1509 1031 z
1531 994 1640 1033 scho-

154 1050 228 1082 lam
256 1061 282 1082 s.
313 1054 464 1082 sectam.
507 1046 556 1081 So
584 1048 714 1081 Horat.
743 1046 809 1080 Od.
836 1046 906 1089 ΙΙΙ,
936 1048 991 1086 16,
1018 1047 1072 1081 22.
1115 1046 1193 1080 Cic.
1221 1047 1278 1081 ad.
1306 1047 1454 1081 Divers.
1483 1048 1548 1091 lx,
1573 1048 1641 1089 203

155 1098 194 1130 in
220 1095 381 1142 Epicuri
406 1101 526 1129 castra
559 1105 626 1128 nos
663 1094 908 1128 coniecimus.
951 1093 1036 1140 Vgl.
1070 1092 1116 1127 de
1150 1094 1300 1129 Finibb.
1338 1095 1367 1137 Ι,
1395 1096 1440 1131 18
1472 1095 1526 1128 im
1552 1094 1640 1129 Ans.

156 1164 194 1170 -—
226 1145 431 1185 Tarentum,
468 1142 561 1176 ietzt
595 1142 760 1176 Tar-anto
792 1142 833 1175 in
870 1140 1082 1175 Calabrien.
1121 1142 1251 1176 Horat.
1289 1142 1408 1177 Serm.
1442 1144 1493 1185 11,
1519 1144 1556 1187 4,
1580 1145 1640 1182 36,

152 1193 216 1226 ubi
255 1192 358 1226 leves
391 1190 598 1224 Catillones
633 1190 833 1235 epicureae
869 1196 992 1224 sectae
1030 1189 1191 1233 deridet,
1231 1192 1339 1224 molle
1373 1190 1641 1235 nequitiaeque

152 1240 320 1275 deditum
347 1238 556 1272 Tarentum
582 1237 763 1283 appellat.
802 1237 914 1271 Sinn:
943 1236 1016 1271 wie
1041 1237 1212 1271 wiirdest
1238 1239 1297 1272 Du
1323 1239 1363 1271 in
1389 1238 1532 1272 Tarent
1556 1250 1637 1272 aus-

182 1287 382 1322 eschweift
406 1286 544 1320 haben!
580 1305 627 1310 —
667 1290 702 1319 ct
727 1296 807 1319 non.
849 1284 886 1319 S.
921 1283 1074 1320 Ramsh.
1109 1285 1137 1327 ἕ.
1167 1287 1247 1327 179,
1274 1287 1315 1328 B,
1342 1298 1375 1326 a,
1402 1288 1435 1321 5.
1475 1287 1516 1326 B,
1545 1286 1578 1326 b,
1604 1287 1640 1330 2,

152 1301 198 1371 gl.
226 1335 371 1370 Grotef.
399 1334 427 1376 ἕ,
453 1335 535 1369 339.
562 1333 683 1367 delev.
711 1333 802 1367 Sch.
829 1333 922 1366 Liin.
949 1337 992 1366 et.
1027 1352 1071 1358 —
1105 1333 1320 1367 Samarobr.
1357 1334 1416 1367 ins
1443 1333 1637 1382 Kriegsla-

153 1395 236 1432 ger,
261 1393 322 1418 wo
350 1381 547 1416 Abh’airtun
608 1381 685 1415 und
711 1381 918 1415 Thatkrast
949 1380 1052 1428 gilt„
1085 1393 1111 1414 s.
1144 1394 1191 1414 zu
1227 1393 1285 1427 ep.
1321 1382 1502 1424 CLXVII,
1529 1384 1562 1417 3.
1595 1400 1636 1406 -—

152 1431 391 1476 Unjtuebare,
432 1430 472 1463 in
512 1428 560 1464 Sc
593 1435 656 1463 utz
698 1429 870 1472 nahmst,
918 1428 1117 1463 det-selben
1161 1430 1339 1476 Meinung
1376 1435 1529 1465 warest.
1584 1431 1638 1464 De

154 1479 282 1514 hamb.
308 1489 407 1523 susp.
436 1478 528 1511 Liin.
554 1477 647 1511 idem
673 1478 836 1511 tuebare.
872 1476 998 1511 Recte.
1034 1477 1230 1515 ORELLI.
1268 1496 1310 1503 —
1347 1478 1372 1519 †
1398 1478 1523 1513 Zeius.
1574 1477 1638 1511 Sic

154 1532 335 1572 corrupte
361 1525 434 1560 Md.
461 1526 558 1560 vict.
585 1527 618 1563 2.
656 1526 750 1570 quod
775 1530 807 1559 et
836 1525 952 1559 Titius
990 1524 1089 1559 Crat.
1118 1526 1213 1559 Vict.
1239 1527 1272 1561 2.
1305 1525 1398 1559 Ern.
1426 1525 1514 1560 Sch.
1548 1527 1657 1570 quosl-

155 1581 187 1610 εἰ
211 1576 317 1610 Seius
342 1574 471 1608 Lamb.
498 1573 636 1607 Graev.
664 1574 820 1607 Liinem.
864 1573 959 1618 quod
980 1573 1086 1606 Scins
1111 1575 1230 1621 Beng.
1265 1574 1362 1618 quod
1385 1578 1418 1607 e!
1445 1574 1546 1607 Titus
1571 1575 1638 1607 Be«

155 1623 243 1660 ned.
277 1621 473 1656 ORELLI.
523 1621 713 1656 Corradus
751 1621 994 1656 vermuthete
1036 1621 1184 1663 Catius,
1231 1621 1294 1656 ein
1335 1621 1544 1667 Epikurer.
1601 1621 1637 1654 S.

153 1672 291 1706 Horaz.
335 1671 461 1715 anges.
495 1669 613 1704 Stelle
652 1681 683 1708 v,
727 1672 781 1712 1.;
822 1669 881 1703 bei
918 1669 1022 1702 Titus
1059 1669 1205 1704 konnte
1241 1681 1327 1702 man
1364 1669 1448 1703 sich
1489 1669 1637 1703 Attikus

155 1719 330 1760 denken3
356 1718 448 1751 aber
471 1728 582 1751 wozu
606 1717 705 1751 dann
731 1728 828 1751 meus
846 1717 1092 1760 familiaris?
1129 1719 1310 1765 Dagegen
1343 1719 1389 1751 M.
1423 1717 1529 1751 Seius
1560 1717 1637 1752 wol

155 1768 217 1801 das
252 1765 432 1814 Richtige
457 1765 520 1805 ist,
557 1766 624 1799 der
660 1766 722 1799 ein
754 1767 978 1799 Vertrauter
1012 1765 1075 1799 des
1112 1766 1246 1800 Cicero
1279 1765 1355 1798 und
1385 1765 1538 1799 Attikus
1573 1777 1636 1798 zu-

153 1813 283 1864 glcich
308 1825 399 1847 war.
448 1812 484 1846 S.
512 1812 558 1846 ad
582 1813 718 1847 Famil.
745 1814 808 1856 IX,
836 1816 856 1848 7
883 1815 935 1855 (v.
964 1824 992 1846 s.
1019 1812 1148 1847 Sohne
1173 1814 1237 1855 XI,
1265 1815 1312 1855 7).
1345 1813 1391 1846 ad
1415 1813 1529 1848 Attio.
1555 1813 1637 1854 xll,

156 1866 210 1898 ll.
244 1862 289 1896 de
325 1860 457 1895 office.
493 1861 545 1902 ΙΙ,
583 1863 635 1895 17.
681 1862 784 1895 Orat.
822 1861 946 1895 Plane.
973 1862 1007 1895 5.
1047 1861 1143 1895 Plin.
1176 1862 1253 1903 XV,
1282 1864 1313 1897 1.
1364 1861 1440 1894 Ein
1476 1860 1638 1894 anderer

152 1910 261 1945 Seius
293 1909 395 1944 wird
431 1908 477 1941 ad
510 1909 621 1943 Attio.
665 1910 708 1952 V,
747 1910 799 1943 13.
841 1908 895 1941 als
937 1908 1095 1943 libertus
1131 1909 1222 1943 oder
1259 1915 1483 1954 procurator
1518 1908 1637 1943 Attici

154 1964 330 1993 o-enannt.

153 1988 176 2007 ὃ
249 2008 284 2042 2.
337 2009 398 2039 tua
425 2015 549 2046 causo,
582 2004 718 2040 Dcines
745 2005 1000 2052 Ver-gniig-ens
1034 2015 1183 2051 weg-en,
1210 2005 1289 2039 also
1316 2017 1379 2039 aus
1406 2005 1637 2054 Eigennutz.

147 2055 294 2097 facias,
322 2053 398 2087 wie
424 2052 599 2086 nacbher
624 2065 739 2097 quum
766 2054 879 2094 scias;
908 2052 993 2087 seb.
1027 2054 1165 2094 facies.
1197 2071 1238 2076 -—
1264 2054 1439 2096 formula
1456 2053 1635 2096 fiduciae,

154 2103 217 2136 die
242 2101 583 2136 Gontractssormel
616 2101 674 2133 bei
700 2100 995 2149 Verpffindung,
1035 2101 1319 2149 Vei-{iusserung
1353 2101 1429 2135 und
1464 2101 1633 2136 Verkau-

154 2152 263 2197 sung,
287 2149 349 2183 die
374 2149 446 2183 mit
471 2148 542 2182 der
565 2148 789 2196 Bedingung
814 2148 1025 2194 verkniipst
1057 2160 1150 2190 war,
1184 2149 1264 2183 dass
1303 2150 1364 2184 die
1390 2149 1635 2195 verpfzindetc

157 2198 250 2233 oder
275 2198 512 2231 ver‘ausserte
538 2195 660 2230 Sache
695 2196 809 2230 sollte
841 2196 988 2230 wieder
1021 2196 1340 2244 zuriickgegcben
1375 2198 1544 2232 werden.
1595 2196 1633 2230 S.

155 2247 219 2280 Or.
247 2245 398 2279 Caecin.
424 2246 458 2280 3.
485 2245 592 2278 Rosc.
629 2245 770 2278 Comm.
797 2246 830 2279 6.
864 2246 948 2278 Nat.
988 2244 1100 2278 Deor.
1129 2245 1199 2285 111,
1225 2248 1281 2282 30.
1317 2246 1363 2281 de
1399 2244 1532 2280 Officc.
1565 2245 1634 2286 111,

158 2295 202 2328 15
228 2305 261 2326 u.
292 2295 347 2327 17.
377 2310 417 2317 -—-
451 2292 521 2326 UT
541 2292 700 2327 INTER
726 2292 890 2326 BONOS
916 2299 985 2326 ete.
1030 2291 1092 2326 Sic
1127 2293 1197 2325 Md.
1234 2293 1330 2327 Vict.
1367 2296 1400 2331 1.
1423 2295 1456 2328 2.
1497 2293 1631 2327 Graev.

156 2342 249 2375 Ern.
277 2339 412 2374 Bened.
440 2339 559 2373 delev.
584 2345 622 2373 ut
650 2340 751 2375 Crat.
779 2340 850 2374 del.
894 2344 932 2372 ut
960 2346 996 2373 et
1029 2345 1172 2383 oportet
1212 2340 1384 2383 Wetzel,
1417 2340 1506 2374 Sch.
1538 2341 1631 2374 Liin.

157 2401 242 2423 cum
270 2387 453 2435 Heusing.
478 2386 524 2420 ad
550 2388 659 2430 Offic-
687 2390 722 2426 3,
751 2391 806 2423 17.
841 2387 903 2420 ubi
930 2399 995 2422 nos
1031 2387 1130 2422 vide.
1166 2388 1361 2423 oRELLI.
1410 2389 1454 2423 In
1496 2388 1542 2422 iis
1574 2400 1630 2422 ar—

156 2436 281 2471 bitriis
307 2448 334 2470 s.
364 2435 529 2477 iudiciis,
570 2435 609 2468 in
645 2436 779 2479 quibus
816 2436 928 2468 iudex
964 2442 1156 2480 tamquam
1190 2436 1332 2471 arbiter
1364 2448 1409 2470 ex
1441 2446 1557 2480 aequo
1597 2442 1633 2470 et

156 2486 251 2520 bono
277 2483 574 2517 controversiam
601 2482 802 2517 dirimebat
840 2484 1021 2526 litemque
1056 2485 1304 2529 componebat
1345 2491 1382 2518 et
1417 2495 1510 2528 quae
1545 2484 1632 2517 inde

156 2534 269 2566 bonae
289 2530 380 2572 fidei
405 2531 546 2564 iudicia
571 2530 804 2571 dicebantur,
832 2542 981 2575 semper
1005 2531 1207 2565 addebatur
1234 2533 1303 2567 EX
1330 2532 1453 2566 FIDE
1479 2531 1630 2572 BONA,

155 2580 253 2614 nach
279 2579 400 2614 Recht
432 2579 508 2611 und
539 2579 763 2632 Billigkeit;
806 2579 914 2612 Alles
948 2579 1162 2625 goti-eulich
1195 2580 1271 2613 und
1299 2580 1398 2614 ohne
1432 2579 1630 2613 Gefa'hrte.

157 2628 256 2662 Hinc
282 2629 351 2661 ista
377 2625 543 2660 formula
570 2638 613 2660 cx
642 2633 902 2673 iureunaturae
929 2626 1035 2660 ducta
1055 2627 1417 2670 (Cautionsformel),
1445 2639 1515 2672 qua
1541 2638 1630 2661 con-

155 2675 354 2709 trahentes
385 2675 455 2708 sibi
482 2675 673 2708 cavebant.
725 2675 826 2709 Uber
857 2675 918 2708 die
950 2675 1063 2708 Ideen
1098 2675 1167 2708 der
1206 2675 1403 2721 Epikurer
1449 2686 1520 2708 von
1563 2675 1631 2708 der

156 2724 271 2756 Iustiz
296 2735 321 2756 s.
349 2723 395 2755 de
420 2722 564 2755 Finibb.
589 2723 620 2765 1,
649 2723 701 2756 16.
757 2741 798 2748 —
854 2723 943 2757 Quis
976 2723 1071 2755 enim
1095 2728 1160 2763 est,
1194 2723 1292 2756 donn
1319 2736 1397 2758 was
1422 2724 1488 2757 sux-
1513 2723 1630 2755 Einer

154 2772 202 2806 ist
228 2772 317 2813 Der,
344 2770 512 2806 welcher
538 2783 571 2803 u.
599 2783 625 2804 s.
654 2782 700 2803 w.
738 2775 790 2802 es!
828 2770 935 2804 bonus
971 2772 1063 2803 Mau.
1100 2771 1267 2806 Wetzel.
1304 2771 1389 2805 Sch.
1430 2772 1525 2804 11iin.
1555 2770 1629 2803 Ah-
