1742 3006
182 101 277 151 556
461 105 528 148 Μ.
559 105 617 148 Τ.
647 103 989 150 CICERONIS
1019 103 1392 149 EPISTOLAE.

182 215 376 259 Lentulo
404 220 559 259 nostro
590 218 663 273 egi
681 232 771 281 per
809 217 965 260 literas
1004 222 1082 259 tuo
1122 216 1299 260 nomine
1339 218 1510 272 gratias
1549 219 1655 261 dili-

183 274 351 327 genter
408 272 496 314 Sed
527 278 575 315 tu
603 273 739 316 velim
777 273 954 315 desinas
991 273 1081 314 iam
1119 273 1283 315 nostris
1323 274 1470 316 literis
1510 275 1577 317 uti
1613 280 1658 317 et

183 341 262 369 nos
291 328 534 382 aliquando
563 329 733 371 revisas
761 334 805 370 et
843 329 908 371 ibi
947 328 1080 370 malis
1119 342 1229 381 esse,
1268 328 1346 370 ubi
1383 330 1537 386 aliquo
1576 345 1656 372 nu—

183 396 304 424 mero
333 383 411 436 sis,
452 397 585 448 quam
613 385 735 434 istic,
773 385 850 425 ubi
880 385 1004 426 solus
1033 396 1190 447 sapere
1220 385 1412 426 videare.
1491 386 1655 436 Quam-
1712 386 1714 389 ’

183 452 314 492 quam
344 439 421 494 qui
450 440 588 482 istinc
616 455 733 482 nunc
761 440 959 492 veniunt,
999 439 1163 495 partim
1202 444 1246 481 te
1284 428 1524 495 superbum
1563 455 1657 483 esse

183 494 352 548 dicunt,
400 497 522 550 quod
568 496 684 537 nihil
734 497 1025 550 respondeas.
1073 495 1236 549 partim
1273 497 1656 549 contumeliosum,

181 551 303 613 quod
330 552 448 593 male
478 553 760 606 respondeas.
812 552 901 593 Sed
929 551 1019 592 iam
1047 551 1178 606 cupio
1216 556 1362 594 tecum
1400 566 1551 594 coram
1589 552 1654 593 io-

181 605 290 647 cari.
349 606 504 656 Quare
533 608 622 659 sac,
654 613 705 650 ut
733 620 865 662 quam
894 607 1085 670 primum
1113 607 1267 649 venias
1296 621 1439 662 neque
1467 608 1512 649 in
1534 609 1653 662 Apu

181 661 288 702 liam
317 665 438 704 tuam
466 663 667 727 accedas,
702 668 760 704 -ut
787 663 1008 718 possimus
1037 663 1210 704 salvum
1238 663 1413 705 venisse
1442 664 1651 719 gaudere

182 716 297 758 Nam
325 718 409 759 illo
449 719 490 760 si
519 719 712 774 veneris,
749 722 972 774 tamquam
999 718 1163 760 Ulixes
1202 731 1445 773 cognosces
1480 723 1658 762 tamum

181 773 413 816 neminem.

179 931 354 966 lichkeit.
380 950 423 956 —
460 932 623 974 Lentulo,
649 932 807 967 Ciliciae
833 933 1049 978 proconsuli
1083 932 1139 968 ab.
1167 944 1252 966 ann.
1280 934 1479 969 698—700.
1547 932 1655 966 Vale-

180 979 260 1014 rius
289 980 391 1013 enim
416 980 529 1014 etiam
555 981 623 1014 sub
656 981 735 1014 eius
774 991 990 1015 successore
1014 981 1140 1026 Appio
1173 981 1214 1014 in
1247 981 1381 1015 Cilicia
1415 987 1507 1015 erat.
1550 980 1657 1015 SCII

179 1019 282 1061 Uber
306 1028 492 1062 Lentulus
518 1041 545 1063 5.
573 1040 630 1074 ep.
657 1031 714 1064 92.
742 1030 800 1064 93.
825 1030 883 1064 94.
910 1030 968 1064 95.
991 1030 1048 1064 96.
1077 1030 1154 1063 100.
1185 1030 1263 1063 101.
1293 1031 1371 1063 113
1389 1030 1587 1064 125 148.

178 1075 245 1117 egi
269 1102 277 1110 .
306 1077 512 1118 ‚gratia-35
544 1077 621 1111 also
646 1083 786 1111 musste
812 1077 984 1110 Valerius
1009 1088 1056 1109 an
1082 1076 1218 1110 Cicero
1244 1076 1495 1124 geschrieben
1520 1076 1656 1131 haben,

178 1124 262 1157 dass
289 1124 393 1158 seine
427 1124 692 1178 Einpfehlung
726 1125 785 1158 bei
810 1124 995 1157 Lentulus
1030 1135 1106 1157 von
1139 1123 1341 1168 Wirkung
1380 1135 1556 1172 gewesen
1589 1125 1654 1163 sei

179 1190 222 1196 --
249 1182 314 1205 nos
341 1197 350 1206 .
377 1197 385 1204 .
414 1172 552 1206 recisas
577 1172 731 1206 Romam
758 1171 920 1206 rediens.
949 1189 992 1197 —
1028 1172 1152 1216 aliquo
1178 1182 1325 1206 numero
1360 1186 1409 1192 —-
1442 1173 1563 1206 Einer
1586 1183 1658 1206 von

178 1220 325 1262 Viden,
361 1220 401 1252 in
435 1219 584 1266 einiger
615 1219 809 1267 Achtung.
857 1240 899 1246 -
948 1218 1058 1253 istinc
1093 1229 1196 1252 nunc.
1237 1219 1311 1253 Sic.
1345 1220 1463 1266 Neap.
1504 1220 1587 1253 Asc.
1624 1223 1656 1254 l

179 1267 281 1302 Crat.
318 1267 475 1304 Vict.1‚
516 1267 644 1301 Lamb.
679 1268 746 1301 isti
777 1277 867 1301 nunc
903 1267 976 1301 Md.
1019 1274 1209 1312 Colruple.
1243 1267 1363 1301 istinc.
1405 1279 1483 1302 ven.
1519 1268 1657 1302 Graev.

179 1316 272 1352 Ern.
298 1315 435 1349 Bened.
462 1317 568 1349 Mart.
573 1316 682 1362 -Lagn
709 1314 797 1350 sch.
825 1316 921 1348 Liin.
948 1315 1046 1348 istim
1071 1325 1162 1348 nunc
1186 1325 1217 1347 v.
1253 1316 1348 1349 Vict.
1375 1317 1409 1351 2.
1434 1314 1564 1350 isthinc
1589 1315 1658 1349 leuc

177 1375 209 1397 υ.
236 1363 324 1397 Gul.
351 1375 450 1409 susp.
479 1363 676 1397 ORELLI.
715 1382 761 1388 —
793 1363 1020 1397 nihil.De1·
1045 1369 1135 1411 gnte
1159 1365 1271 1397 Mann
1295 1370 1436 1398 wusste
1460 1363 1569 1398 wohl
1605 1365 1660 1397 ost

178 1412 314 1446 Nichts
340 1423 388 1445 zu
412 1418 638 1446 antworten.
688 1430 730 1436 —
782 1412 879 1445 male
912 1413 1144 1454 respondeas.
1177 1411 1253 1445 del.
1280 1412 1502 1456 vespondeas
1529 1413 1636 1445 Mart.
1644 1430 1658 1436 —

178 1460 269 1507 Lag.
296 1460 394 1494 coni.
420 1460 510 1494 Sch.
536 1460 631 1493 Liin.
668 1458 864 1493 ORELLI.
929 1460 1002 1493 Das
1027 1459 1245 1504 Wortspiel
1277 1459 1346 1494 mit
1379 1460 1464 1494 dem
1490 1459 1657 1504 Doppel-

177 1508 285 1542 sinne
311 1508 376 1542 des
399 1508 536 1544 Worts
563 1508 780 1551 respondere
821 1508 870 1541 ist
903 1506 1023 1541 sehon
1048 1507 1088 1539 in
1119 1506 1206 1541 dem
1232 1507 1504 1542 scherzhasten
1528 1508 1658 1541 Briese

178 1568 225 1589 an
250 1555 466 1598 Trebatius,
491 1556 576 1590 dem
607 1557 685 1591 147.
713 1555 741 1598 §.
768 1557 818 1596 2.,
843 1554 1157 1603 vorgekommen.
1191 1573 1234 1579 —
1271 1556 1579 1597 conlumelz'osum,
1604 1555 1657 1588 ei-

178 1616 250 1638 nen
284 1606 409 1647 Mann,
456 1605 523 1638 dei
553 1603 703 1637 Andere
736 1579 930 1649 schin'ahe,
970 1614 1054 1636 zum
1088 1604 1223 1637 Besten
1258 1603 1365 1645 habe,
1409 1603 1656 1646 beschimpse.

178 1653 265 1700 Vgl.
292 1651 460 1697 Philipp.
488 1652 559 1694 111,
588 1663 621 1685 c.
647 1653 680 1686 6.
713 1672 754 1677 -
791 1644 897 1685 Uber
920 1651 1008 1693 fac,
1036 1655 1073 1684 ut
1105 1662 1134 1685 s.
1161 1651 1315 1685 Ramsh.
1342 1651 1371 1694 §.
1391 1653 1481 1694 16,7
1507 1653 1540 1687 2.
1567 1652 1654 1685 Not

181 1699 450 1743 1.Grotef.§.
479 1702 561 1741 186,
597 1699 705 1732 Αῐιιῃ.
732 1701 764 1734 2.
810 1709 916 1742 quam
944 1709 1116 1742 premam,
1153 1698 1189 1732 ie
1223 1698 1329 1741 cher,
1366 1699 1401 1732 ie
1434 1699 1567 1733 lieber.
1615 1717 1655 1722 —

178 1746 351 1791 Apuliam
378 1752 488 1789 tuam,
524 1746 659 1782 woher
693 1757 735 1780 ex·
769 1747 949 1794 gebiirtig
983 1758 1065 1782 wal
1099 1746 1176 1779 und
1212 1747 1292 1780 wol
1323 1747 1415 1781 eben
1441 1746 1549 1780 nicht
1574 1757 1657 1780 vor—

178 1795 339 1829 nehmer
363 1796 569 1829 Herkunft.
617 1813 660 1819 -
712 1795 849 1828 salvum
879 1794 1019 1828 venisse
1059 1794 1160 1828 Crat.
1195 1794 1324 1828 Lamb.
1363 1799 1397 1828 ie
1428 1796 1569 1828 salvum
1600 1804 1657 1827 ve-

176 1843 287 1884 nisse,
312 1843 404 1877 iiber
432 1844 551 1877 Deine
578 1841 803 1889 gliickliche
827 1841 1013 1876 Ankunft.
1041 1861 1086 1867 -
1112 1843 1296 1876 neminem.
1344 1843 1465 1885 „Was
1492 1842 1656 1878 wolltest
1718 1855 1726 1869 x

179 1893 239 1925 Du
264 1892 349 1925 dort
374 1891 548 1933 machon,
575 1891 619 1923 da
645 1892 703 1925 Du
728 1890 925 1923 unterdess
952 1901 991 1924 so
1016 1889 1202 1924 vornehm
1228 1890 1435 1936 geworden
1463 1890 1548 1932 bist,
1577 1890 1656 1923 dass

180 1941 251 1982 Du,
276 1940 350 1973 wie
377 1939 534 1984 Ulysscs
561 1938 620 1971 bei
647 1938 772 1972 seinex·
798 1937 1216 1977 Riickkel11‚Keinen
1249 1948 1324 1971 von
1361 1937 1433 1972 den
1468 1938 1655 1985 Deinigen

179 1987 324 2022 wieder·
349 1998 391 2021 ei
393 1987 545 2021 konnen
570 1986 705 2020 wirst.
695 1987 740 2006 ’Μ
790 1985 865 2018 Αιι5
892 1984 1038 2018 Selicrz
1074 1985 1187 2033 biing
1171 1991 1204 2018 rt
1231 1985 1363 2019 Cicero
1401 1987 1473 2020 den
1500 1986 1614 2030 Ulyss
1619 1997 1656 2018 es

177 2035 340 2069 unrecht
365 2047 424 2077 an,
462 2035 531 2068 dei
559 2034 709 2068 selbst
738 2044 818 2066 von
854 2032 925 2065 den
960 2032 1139 2079 Sdnigen
1163 2017 1291 2066 Onicht
1325 2034 1487 2068 eikannt
1525 2033 1657 2068 wuide
1726 2047 1735 2078 μ

177 2083 234 2122 (S.
262 2082 609 2125 H0111er50dyss.).
661 2083 751 2115 Dass
789 2091 831 2114 er
863 2080 951 2113 hier
984 2080 1095 2113 einen
1132 2081 1536 2121 GedLichtnisssehler,
1580 2081 1656 2115 wie
1721 2119 1726 2123 ,

179 2132 328 2165 Ἰιι5οιι1.
356 2131 460 2176 Disp.
487 2131 549 2169 lv,
578 2132 624 2165 22
650 2129 719 2162 mit
748 2129 854 2163 einer
879 2128 1021 2161 andri-n
1050 2129 1324 2163 Homclischen
1350 2129 1479 2171 stelle,
1516 2129 1654 2177 began-

179 2191 253 2226 gen
279 2179 403 2222 haue,
429 2178 516 2211 will
543 2177 649 2210 nicht
677 2177 783 2210 recht
812 2175 1066 2210 einleuchten.
1127 2177 1178 2210 Es
1205 2176 1300 2224 ging
1325 2176 1405 2211 ihm
1433 2177 1587 2212 freilich
1615 2187 1654 2209 so

181 2227 389 2261 unendlich
416 2227 502 2259 Vicl
528 2226 602 2258 alle
630 2225 732 2271 Tago
759 2224 881 2258 durch
908 2224 979 2258 den
1005 2225 1124 2270 Kopsj
1167 2225 1257 2259 aber
1295 2236 1338 2259 cr
1363 2225 1465 2259 hatto
1492 2226 1554 2258 das
1581 2224 1656 2258 Gess

180 2274 371 2310 d'zichtniss
398 2275 500 2309 eines
527 2273 711 2308 Iuristen!
