1742 3006
567 57 881 104 EPISTOLA
910 59 1091 105 LXIX.
1470 61 1564 110 263

81 170 201 220 ciu53
258 171 338 212 sed
374 170 507 212 valde
545 166 809 212 adversante
851 171 1039 225 Clodio,
1079 174 1162 228 ,qui
1191 173 1326 215 etiarn
1357 175 1561 227 privatus

81 226 235 268 eadem
274 240 405 272 manu
436 226 607 286 poterit
650 227 889 269 conciones
930 230 1182 282 concitare,
1231 229 1394 273 deinde
1423 231 1560 275 etiam

79 285 352 325 intercessor
380 282 622 339 parabitur.
692 283 819 325 Haec
847 282 963 326 mihi
991 285 1302 338 proficiscenti
1341 299 1427 334 non
1457 300 1560 340 pro-

82 340 379 393 ponebantur:
419 338 497 379 sed
527 351 659 393 saepe
689 339 841 380 triduo
871 353 1042 385 summa
1072 354 1172 382 cum
1201 342 1349 396 gloria
1376 341 1561 386 dicebar

17 397 19 412 ⁴
81 409 177 436 esse
207 395 443 437 rediturus.
503 393 626 452 Quid
670 398 717 435 tu
746 396 909 450 igitur?
968 396 1157 451 inquies.
1216 397 1364 447 Quid?
1420 399 1561 446 multa

16 476 21 482 -
81 453 394 502 convenerunt,
423 463 535 503 quae
564 454 757 492 mentem
787 452 1080 496 exturbarent
1108 466 1273 498 meam:
1304 453 1454 498 subita
1479 454 1559 500 vde-

16 558 17 563 *
82 506 220 548 sectio
249 506 472 560 Pompeii,
502 506 719 547 alienatio
749 508 998 560 consulum,
1030 509 1167 549 etiam
1197 513 1470 563 praetorum,
1500 511 1558 554 ti-

15 593 19 612 ,
80 576 178 604 mor
214 562 576 617 publicanorum,
615 576 751 605 arma.
849 563 1087 607 Lacrimae
1138 579 1339 607 meorum
1383 580 1453 606 me
1501 566 1559 608 ad

79 619 267 660 mortem
296 618 364 658 ire
394 617 740 673 prohibuerunt.-
780 620 898 673 quod
939 624 1060 661 certe
1102 623 1146 661 et
1186 621 1243 661 ad
1281 620 1561 663 honestatem

14 675 18 689 ⁴
80 678 125 714 et
153 674 210 715 atl
249 674 531 728 effugiendos
569 675 881 716 intolerabiles
921 676 1103 717 dolores
1134 676 1222 717 fuit
1263 678 1558 731 aptissimum.

12 762 17 791 5
78 729 168 770 Sed
209 729 266 771 de
304 729 392 772 hoc
432 731 594 784 scripsi
634 731 690 772 ad
731 736 775 772 te
814 732 861 772 in
903 745 956 772 ea
986 733 1201 787 epistola,
1248 747 1379 787 quam
1410 732 1560 775 Phae-

12 797 14 810 ¹
80 785 228 831 thonti
257 785 378 828 «ledi.
437 786 567 829 Nunc
598 790 669 839 tu,
700 789 911 842 quoniam
941 788 991 829 in·
1019 792 1191 830 tantum
1219 789 1387 830 luctum
1419 792 1463 830 et
1493 789 1559 831 la-

78 843 230 883 borem
260 842 465 883 detrusus
496 856 557 893 es,
588 844 634 883 in
665 847 878 897 quantum
907 858 1037 885 nemo
1067 857 1285 899 unquam:
1315 845 1355 884 si
1386 845 1559 886 releva—

78 912 125 939 re
154 900 280 953 potes
310 912 583 940 communem
613 912 764 939 casum
793 900 1108 941 misericordia
1139 901 1393 952 hominum,
1434 900 1561 942 scili‹

78 957 151 994 cet
180 954 447 995 incredibile
478 954 694 1009 quiddam
726 956 1003 1009 assequeris.-
1045 958 1115 997 sin
1145 957 1278 1011 plane
1310 955 1559 996 occidimus

77 1031 130 1037 -—
159 1024 229 1050 me
260 1010 491 1053 miserum!
523 1035 575 1041 —
605 1023 688 1065 ego
719 1011 921 1052 omnibus
951 1013 1063 1053 meis
1094 1012 1240 1054 exitio
1271 1011 1426 1064 fuero,
1457 1011 1555 1066 qui-

76 1066 156 1106 bus
196 1069 297 1107 ante
335 1066 548 1107 dedecori
586 1080 673 1108 non
713 1080 848 1109 eram.
935 1067 1026 1109 Sed
1066 1072 1139 1122 tu,
1192 1071 1242 1109 ut
1281 1070 1385 1109 ante
1426 1068 1483 1109 ad
1513 1071 1557 1108 te

75 1233 154 1261 εισι·
179 1225 344 1260 urbanus
369 1222 496 1258 Silano
524 1230 561 1257 et
586 1224 748 1258 Murena
775 1224 853 1257 Css.
891 1222 1024 1256 deinde
1048 1222 1224 1257 tribunus
1252 1222 1373 1269 plebis
1399 1224 1435 1257 P.
1461 1225 1559 1258 Len-

74 1275 154 1309 tulo
189 1273 392 1318 Spinthere
425 1280 462 1305 et
492 1273 660 1306 Caecilio
692 1273 849 1306 lWetello
883 1273 960 1306 Css.
1017 1271 1079 1305 Sic
1113 1272 1157 1306 de
1192 1268 1316 1316 Pigliii
1349 1271 1396 1305 ad
1422 1272 1462 1304 A.
1490 1274 1560 1309 696

74 1322 265 1357 sententia
295 1320 448 1355 Sch'ntz.
484 1320 636 1353 Curtius
670 1322 771 1353 Cett.
809 1339 852 1344 ——-
886 1321 931 1352 T.
963 1321 1101 1352 Annius
1128 1320 1245 1360 Milo,
1294 1320 1358 1353 fiir
1392 1319 1556 1354 welchen

77 1371 212 1405 Cicero
237 1368 406 1403 uachher
436 1368 498 1400 die
531 1368 716 1401 bekannte
750 1368 849 1401 Rede
885 1367 984 1408 hatte
1010 1368 1186 1400 abhalten
1220 1367 1365 1401 wellen.
1419 1389 1462 1394 -—
1512 1370 1556 1402 T.

76 1418 210 1453 Fadius·
241 1418 414 1450 tribunus
447 1416 568 1461 plebis
595 1416 828 1460 designatus,
869 1417 929 1449 cni
961 1416 1138 1449 Visellius
1170 1416 1260 1461 legis
1294 1416 1338 1449 de
1375 1415 1558 1451 Cicerone

74 1467 303 1501 restituendo
336 1465 540 1498 formulam.
566 1465 707 1498 scribit.
757 1465 792 1498 S.
821 1465 925 1509 epist.
954 1464 1086 1497 LXXX
1113 1475 1233 1510 gegen
1261 1465 1376 1498 Ende.
1418 1484 1459 1489 -
1511 1466 1544 1511 Q

74 1514 276 1555 Fabricius,
303 1513 400 1546 deun
426 1513 547 1546 dieser
572 1514 667 1546 wird
692 1513 729 1545 in
756 1512 823 1545 der
849 1514 953 1546 Rode
978 1524 1045 1558 pro
1071 1513 1201 1545 Sextio
1229 1524 1262 1547 c.
1288 1514 1335 1548 35
1361 1513 1414 1545 als
1440 1513 1557 1547 Einer

73 1564 141 1597 der
165 1562 356 1595 Tribunen
382 1561 572 1604 efflabat,
604 1561 666 1594 die
693 1560 758 1594 auf
783 1561 844 1593 die
870 1561 1167 1605 Riickberufung
1193 1561 1356 1596 Cicero’s
1382 1567 1558 1605 angetra-

75 1623 147 1656 gen
181 1610 321 1645 haben.
393 1609 535 1642 Sic-de
569 1611 713 1643 Mannt.
753 1609 916 1644 coniect.
952 1609 1084 1642 Lamb.
1120 1610 1225 1654 prob.
1258 1609 1392 1654 Pighio
1425 1610 1555 1645 Annal.

74 1663 110 1695 3.
145 1671 180 1703 p.
213 1659 305 1698 374,
331 1659 365 1692 2.
406 1657 503 1699 (cfr.
531 1658 737 1692 Sestianam
778 1658 809 1700 §.
843 1659 917 1699 75.)
950 1658 1141 1692 Gratidius
1181 1658 1282 1691 Cett.
1331 1669 1419 1691 cum
1465 1659 1559 1696 cdd,

76 1706 271 1743 ORELLI.
297 1725 342 1730 ——
365 1706 533 1748 priuatus
558 1706 594 1742 d.
622 1706 648 1739 i.
677 1704 776 1738 nach
802 1705 1124 1750 niedergelegtem
1151 1705 1370 1738 Tribunate.
1397 1725 1437 1731 -—
1475 1716 1559 1739 con—

74 1756 210 1798 citare,
249 1754 287 1788 in
319 1756 535 1803 Beivegnng
567 1761 714 1796 setzen,
749 1753 989 1799 aufbringen,
1025 1753 1265 1798 aufwiegeln.
1293 1771 1337 1778 —·
1373 1756 1558 1788 intercessi.

69 1803 289 1848 parabitur,
325 1802 423 1834 dann
449 1802 547 1836 wird
570 1814 657 1836 man
684 1802 767 1835 sich
792 1809 901 1835 unter
927 1802 998 1834 den
1026 1801 1187 1848 iibrigen
1214 1802 1410 1835 Tribunen
1438 1801 1555 1836 sehon

74 1852 184 1886 einen
211 1849 523 1896 widersprecher
547 1863 590 1885 zu
614 1850 848 1884 verschaffen
875 1851 1018 1883 wissen.

167 1903 201 1935 4.
239 1899 334 1935 Quid
357 1904 395 1932 tu
419 1898 562 1941 igitur?
593 1899 671 1933 und
695 1901 758 1933 Du
783 1899 930 1932 liessest
955 1898 1025 1931 Dir
1049 1899 1125 1932 Das
1158 1897 1265 1932 weiss
1300 1897 1486 1932 machen?
1515 1917 1557 1922 -

79 1947 170 1984 Quid
194 1954 342 1981 acturus
369 1939 494 1980 eram?
522 1967 565 1972 —
591 1948 825 1981 exturbarent
852 1948 896 1980 de
922 1947 1006 1980 sede
1032 1958 1108 1986 sua,
1135 1947 1275 1992 Dirige,
1303 1948 1363 1979 die
1388 1947 1461 1980 mir
1486 1946 1557 1980 den

78 1996 262 2029 Verstand
288 1996 531 2037 verriickten‚
557 1996 735 2038 nahmen,
761 1996 852 2030 oder
876 2009 923 2025 =
948 1996 1226 2036 conturbarent,
1269 1995 1337 2028 den
1373 1996 1559 2029 Vei-stand

77 2044 315 2088 vei-wirrten3
339 2055 411 2077 was
437 2044 590 2077 Ernesti
615 2044 842 2089 vorschlkigt.
894 2044 1001 2078 Ohne
1028 2044 1149 2078 Noth!
1200 2045 1307 2076 Denn
1342 2042 1402 2076 die
1435 2041 1559 2077 Verba

79 2093 291 2138 composita
322 2091 475 2126 werden
507 2093 577 2125 mit
611 2092 789 2126 einander
821 2093 1079 2129 verwechselt.
1137 2092 1213 2136 Vgl.
1247 2093 1366 2126 Plani.
1394 2093 1558 2126 Mostell.

79 2142 146 2183 lv,
166 2143 200 2183 3,
227 2141 292 2177 33:
321 2141 471 2176 exturb.
499 2141 646 2184 omnia5
672 2141 765 2175 Stat,
794 2140 915 2176 Theb.
943 2141 1026 2184 441,
1053 2140 1174 2174 noctis
1201 2140 1363 2175 silentia.
1391 2158 1436 2166 --
1463 2141 1557 2174 alie—

78 2189 181 2223 natio
209 2189 400 2231 consulum,
425 2189 572 2223 Pisonis
597 2197 636 2223 et
662 2189 826 2228 Gabinii,
853 2189 912 2222 die
938 2190 1078 2222 vorlier
1103 2188 1186 2221 sich
1210 2190 1397 2234 geneigter
1423 2189 1560 2222 bewie-

78 2249 155 2272 sen.
205 2238 239 2271 S.
265 2249 323 2282 cp.
350 2239 431 2270 LII.
481 2256 525 2263 -—
574 2249 699 2279 arma,
736 2237 862 2273 Clodii
887 2249 1019 2271 manus
1045 2243 1222 2271 armatae.
1281 2238 1343 2270 Sic
1369 2243 1475 2271 recte
1501 2237 1559 2269 di-

79 2285 270 2330 stinguunt
295 2286 426 2319 Lainb.
455 2285 545 2318 Lan.
573 2287 721 2320 Ernest.
749 2286 902 2320 Schiitz.
929 2286 1039 2319 etiam
1062 2289 1268 2329 praetorum
1294 2285 1412 2327 timor,
1438 2284 1557 2328 publi-

80 2344 250 2367 canorum
283 2345 386 2367 arma
414 2332 502 2366 Vict
552 2335 583 2368 1.
616 2336 649 2370 2.
686 2334 885 2373 ORELLI.
945 2335 1017 2367 Die
1049 2333 1332 2379 Staatspiichter
1371 2345 1491 2366 waren
1525 2332 1560 2365 ia

81 2388 170 2415 stets
195 2382 261 2415 auf
286 2382 449 2416 Cicero’s
475 2381 590 2425 Seite3
629 2383 723 2416 ictzt
751 2395 823 2416 nur
848 2395 895 2416 zu
922 2383 1036 2428 seige,
1086 2383 1121 2416 S.
1148 2393 1204 2427 ep.
1232 2383 1343 2423 XXX,
1370 2383 1402 2416 6.
1430 2382 1490 2418 35.
1518 2392 1555 2414 ιι.

82 2439 112 2464 s.
138 2431 169 2461 f·
217 2448 260 2456 —-
311 2431 360 2466 ad
389 2435 532 2464 mortem
563 2431 620 2464 ire
645 2445 693 2463 r:
719 2431 835 2465 morti
868 2432 1016 2465 obviam
1051 2431 1106 2464 ire
1138 2442 1204 2475 per
1237 2432 1314 2464 vim
1348 2429 1558 2463 resistendo

85 2477 283 2512 Clodianis.
331 2480 366 2513 S.
401 2491 458 2524 ep.
487 2480 620 2524 LXIII,
646 2482 680 2515 6.
708 2498 751 2504 --
779 2479 815 2512 in
842 2490 885 2513 ca
912 2480 1083 2524 epistola.
1110 2479 1278 2512 niimlicli
1305 2478 1443 2514 LXIII.
1471 2479 1559 2512 2.—

42 2527 44 2529 '
83 2523 230 2559 Phaeca.
279 2525 313 2559 S.
339 2539 395 2572 ep.
423 2527 517 2571 LXI,
544 2528 577 2562 2.
605 2547 647 2551 -
674 2528 710 2561 2⁸71
739 2533 912 2571 qnantum.
970 2528 1035 2561 Bei
1063 2528 1180 2561 Orelli
1208 2527 1304 2559 fehlt
1331 2526 1391 2559 die
1416 2527 1559 2570 Prh'po-

82 2572 206 2605 sition.
235 2591 277 2596 —
303 2574 335 2607 si
358 2575 491 2620 gehort
515 2587 560 2610 zu
586 2577 691 2611 Nunc
717 2580 754 2609 tu
781 2601 790 2610 .
818 2601 826 2610 .
854 2601 862 2610 .
890 2577 1055 2610 relevare
1080 2602 1087 2607 .
1116 2601 1124 2608 .
1153 2600 1160 2608 .
1188 2585 1405 2608 communem
1428 2585 1559 2615 casum,

82 2632 187 2652 wenn
219 2622 277 2654 Du
310 2633 376 2656 uns
410 2635 473 2657 aus
508 2625 594 2658 dem
629 2625 1031 2667 gemeinschaftlichen
1057 2624 1159 2658 Faue
1191 2622 1332 2656 wieder
1364 2623 1558 2656 aufholfen

82 2668 227 2750 Ῑίἃέῑῐὶδῑ.
279 2688 324 2694 ·--
373 2672 464 2716 quib.
494 2698 500 2704 .
529 2698 536 2704 .
566 2673 734 2707 dedecora·
759 2703 766 2710 .
796 2699 806 2711 .
833 2684 945 2710 eram,
995 2673 1029 2705 S.
1057 2671 1208 2706 Ramsh.
1235 2672 1265 2716 ᾖ.
1294 2673 1373 2714 120,
1399 2673 1432 2708 2.
1460 2672 1560 2705 Gro-

84 2724 120 2750 te
145 2741 151 2749 .
180 2720 211 2762 ἕ,
242 2718 324 2753 253.
