1742 3006
212 77 305 130 534
483 82 547 126 Μ.
578 83 633 126 Τ.
664 79 1000 124 CICERONIS
1041 80 1412 124 EPISTOLAE.

213 195 302 236 tius
339 197 405 245 te,
445 206 574 248 quam
610 192 794 244 scribis,
841 191 1012 234 videbo.
1081 191 1227 234 Credo
1268 192 1383 232 enim
1423 197 1467 233 te
1507 196 1683 247 putasse

215 257 314 292 tuas
343 249 544 290 mulieres
573 248 618 288 in
637 248 796 303 Apulia
823 261 943 290 esse:
980 247 1096 302 quod
1125 261 1256 302 quum
1285 261 1410 289 secus
1439 248 1549 301 erit,
1578 248 1683 303 quid

217 310 262 347 te
292 304 449 358 Apulia
476 302 702 346 moretur?
740 303 855 345 Nam
878 303 1091 344 Vestorio
1120 302 1254 344 dandi
1284 308 1383 344 sunt
1412 303 1506 343 dies
1537 309 1582 344 et
1610 304 1683 346 ille
1739 345 1742 352 .

217 360 402 403 Latinus
430 359 652 408 ἀττικισμός
679 373 732 401 ex
759 359 989 401 intervallo
1020 358 1317 413 regustandus.
1377 358 1495 408 Quin
1525 364 1570 399 tu
1598 359 1685 400 huc

217 415 396 457 advolas
425 420 470 457 et
508 415 662 456 invisis
690 416 811 456 illius
848 418 1023 455 nostrae
1066 415 1130 456 rei
1170 415 1367 468 publicae
1403 415 1683 469 germanam?

216 476 243 523 †
270 471 434 513 Putavi
461 471 518 512 de
545 471 731 512 nummis
760 474 859 511 ante
889 470 1068 511 comitia
1093 470 1290 511 tributim
1319 484 1403 511 uno
1443 471 1541 511 loco
1571 471 1685 511 divi-

217 527 279 568 sis
306 528 473 581 palam,
510 526 613 568 inde
642 526 887 568 absolutum
917 526 1163 566 Gabinium.
1231 525 1374 567 Detur
1403 539 1498 567 esse
1527 526 1686 566 valitu-

219 595 328 623 rum.
395 582 465 624 De
503 581 700 623 Messala
735 582 851 636 quod
890 582 1089 635 quaeris,
1133 581 1238 635 quid
1280 583 1466 622 scribam
1515 582 1685 623 nescio:

218 651 437 692 nunquam
467 651 548 692 ego
577 637 670 679 vidi
697 642 787 679 tam
815 650 944 692 pares
968 636 1242 679 candidatos.
1300 637 1516 680 Messalae
1535 637 1685 691 copias

217 695 346 735 nosti.
404 693 616 734 Scaurum
653 692 859 734 Triarius
899 706 1020 733 reum
1061 693 1176 733 fecit.
1244 690 1292 731 Si
1331 694 1530 747 quaeris,
1570 693 1714 734 nulla*

218 752 285 790 est
314 763 473 804 magno
503 761 635 803 opere
671 752 891 789 commota
930 747 1173 797 συμπάθεια.
1239 746 1327 788 Sed
1366 753 1512 789 tamen
1554 748 1687 789 habet

218 804 418 846 aedilitas
444 805 536 846 eius
563 804 823 846 memoriam
851 816 936 845 non
965 804 1205 857 ingratam3
1235 807 1279 843 et
1297 807 1363 844 est
1382 803 1549 857 pondus
1571 803 1686 859 apud

217 992 273 1020 est
296 985 377 1022 Lib.
402 987 438 1028 4,
467 988 524 1030 16,
552 989 606 1022 11.
654 990 697 1021 In
721 986 803 1020 Asc.
829 996 885 1031 pr.
912 991 968 1019 est
982 986 1142 1030 spatium
1158 997 1315 1019 vacuum
1331 992 1414 1031 post
1438 997 1472 1019 v.
1498 985 1687 1021 transmis-

217 1034 342 1068 sionis.
371 1035 567 1070 ORELLI.
593 1054 637 1060 —
664 1035 760 1069 Nam
790 1034 959 1068 Vestorio
986 1034 1019 1066 d.
1047 1038 1127 1067 sunt
1152 1035 1240 1068 dies.
1292 1033 1390 1067 Nam
1417 1034 1584 1068 Puteolis
1611 1046 1687 1068 me-

218 1082 293 1116 rito
319 1093 435 1128 pones
470 1083 612 1129 aliquot
650 1083 728 1116 dies
757 1082 797 1115 in
834 1080 998 1114 Vestorii
1033 1082 1150 1115 nostri
1186 1082 1472 1124 consuetudine,
1507 1088 1550 1116 ut
1583 1082 1686 1117 illius

218 1130 465 1164 urbanitatem
492 1137 529 1165 et
554 1131 657 1175 quasi
682 1130 827 1164 Atticos
854 1129 948 1162 sales
974 1140 1018 1161 ex
1042 1130 1238 1164 intervallo
1271 1137 1450 1175 regustes.
1506 1131 1596 1164 Erat
1621 1142 1688 1164 au-

218 1183 297 1210 tem
322 1178 511 1211 Vestorius
537 1177 780 1223 Puteolanus3
821 1183 858 1210 et
889 1177 1038 1211 Puteoli
1070 1178 1108 1211 in
1141 1179 1223 1221 via,
1256 1189 1350 1223 quae
1384 1189 1426 1211 ex
1452 1178 1584 1223 Apulia
1609 1179 1686 1212 Ro-

216 1236 320 1259 mam
354 1225 441 1259 fert.
475 1226 674 1260 MANUT.
723 1225 826 1259 Uber
858 1225 898 1258 C.
925 1226 1119 1259 Vestorius
1145 1238 1172 1260 s.
1197 1237 1255 1271 ep.
1283 1226 1379 1268 CIX,
1404 1227 1436 1261 3.
1464 1237 1496 1258 u.
1523 1227 1686 1269 CXLIX,

216 1274 253 1310 4.
281 1291 325 1298 —
357 1283 569 1316 germanam
593 1273 632 1307 h.
665 1285 701 1307 e.
731 1273 829 1307 illius
861 1279 1012 1307 nostrae
1038 1274 1286 1319 reipublicae,
1320 1284 1411 1318 quae
1443 1286 1504 1307 me
1536 1276 1686 1309 consule

216 1326 320 1365 erat,
352 1332 569 1366 germanam
605 1333 795 1363 sororem,
829 1321 968 1354 dictam
1002 1322 1149 1356 scilicet
1180 1320 1365 1367 εἶρωντκῶς
1390 1333 1456 1367 pro
1481 1322 1686 1356 dissimilli-

215 1379 321 1402 mam.
347 1369 457 1404 SCH.
507 1370 682 1403 Wieland
700 1369 847 1403 bezieht
861 1369 915 1403 ill.
939 1373 1055 1404 nostr.
1082 1370 1138 1404 rei
1157 1370 1256 1414 publ.
1283 1371 1348 1404 auf
1371 1370 1433 1403 das
1458 1370 1560 1403 Ideal
1584 1371 1688 1404 einer

219 1417 503 1450 vollkommnen
537 1417 749 1463 Republik,
787 1429 859 1451 was
893 1419 1048 1452 Marcus
1082 1419 1121 1451 in
1164 1419 1291 1451 seinen
1331 1418 1513 1463 Dialogen
1550 1419 1596 1452 de
1632 1420 1687 1453 Re

217 1465 373 1511 publica
398 1466 610 1510 aufgestellt
634 1466 749 1500 hatte.
775 1483 822 1490 —
846 1466 870 1509 -ξ-
887 1465 1020 1499 Patavi
1043 1466 1086 1499 de
1111 1466 1270 1500 nummis.
1322 1466 1507 1511 Corrupta
1533 1466 1625 1501 haec
1652 1473 1688 1500 et

218 1524 320 1558 seqq.
351 1513 501 1548 exhibui
534 1525 618 1548 cum
649 1514 729 1549 Md.
761 1514 843 1547 Asc.
876 1525 933 1559 pr.
970 1514 1070 1552 vict.
1098 1516 1128 1548 1.
1155 1515 1188 1549 2.
1238 1515 1336 1548 Nam
1369 1526 1466 1559 quae
1491 1515 1609 1560 vulgo
1634 1515 1688 1549 le-

217 1567 361 1606 guntur
385 1563 484 1603 (Bos.
513 1562 646 1597 Graev.
670 1564 764 1599 Ern.
790 1560 880 1598 Scb.
906 1563 1038 1603 Liin.):
1076 1562 1132 1596 Ne
1164 1566 1269 1607 puta,
1302 1563 1398 1601 vide,
1424 1563 1576 1596 nummis
1601 1588 1609 1598 .
1637 1588 1645 1597 .

217 1609 366 1651 divisis,
398 1611 518 1652 palam
544 1611 626 1645 inde
650 1622 670 1643 e
695 1621 799 1644 mera
824 1616 906 1643 sunt
931 1611 1032 1643 Bosii
1059 1611 1156 1644 coni.
1182 1610 1299 1643 nihilo
1335 1611 1491 1643 meliore
1523 1610 1686 1644 lectione
1726 1615 1733 1623 '

219 1656 310 1690 Cdd.
331 1657 528 1693 ORELLI.
567 1659 655 1692 Sine
674 1658 889 1692 melioribus
907 1658 1098 1692 codicibus
1120 1657 1185 1692 hic
1204 1658 1320 1691 nullus
1337 1665 1390 1692 est
1414 1663 1540 1692 certae
1564 1670 1688 1693 emen-

217 1704 360 1737 dationi
385 1705 497 1740 locus.
554 1706 661 1740 Haud
695 1707 771 1741 scio
802 1713 928 1740 tamen
960 1717 1005 1742 au
1037 1707 1159 1740 verbis
1195 1717 1237 1740 ne
1264 1710 1353 1750 puta
1378 1731 1388 1742 .
1415 1731 1424 1740 .
1449 1730 1459 1741 .
1485 1707 1688 1741 absolutum
1732 1723 1739 1753 ζ

217 1751 409 1786 Gabinium
434 1765 546 1798 supra
578 1755 618 1788 in
643 1754 823 1800 epistolae
859 1754 1020 1796 CXLIX,
1046 1753 1075 1796 §.
1102 1756 1135 1790 9.
1162 1755 1369 1795 translatis,
1405 1755 1559 1797 lacuna,
1594 1766 1686 1800 quae

216 1799 271 1833 ibi
297 1806 374 1840 est,
402 1801 541 1846 expleri
565 1803 702 1848 possit,
729 1804 760 1836 si
783 1802 870 1836 istic
895 1803 947 1835 ita
973 1803 1097 1850 legas:
1137 1803 1243 1836 Nunc
1261 1806 1299 1835 ut
1323 1802 1526 1845 opinionem
1551 1801 1688 1837 habeas
1736 1799 1742 1842 f

215 1858 360 1889 rerum,
390 1859 432 1881 ne
454 1852 563 1891 puta,
598 1851 663 1883 sed
684 1850 786 1890 vide,
820 1850 970 1883 nummis
1004 1855 1087 1884 ante
1120 1850 1271 1883 comitia
1303 1851 1470 1883 tributim
1501 1861 1571 1884 uno
1605 1852 1686 1884 Ioco

216 1895 343 1928 divisis
367 1897 508 1940 palam,
541 1897 624 1931 inde
653 1898 856 1931 absolutum
890 1898 1089 1934 Gabinium.
1139 1897 1263 1932 Etiam
1290 1898 1427 1931 videtur
1450 1907 1526 1931 esse
1551 1899 1685 1932 valitu-
1735 1919 1737 1922 <

216 1953 290 1976 rus.
343 1943 540 1978 Ferendum
568 1948 630 1979 est.
682 1946 830 1980 Quaeris
856 1955 925 1987 ego
951 1956 1002 1977 me
1036 1949 1073 1978 ut
1098 1945 1274 1986 gesserim
1302 1953 1375 1979 etc.
1402 1945 1509 1979 SCH.
1561 1946 1687 1992 Georg

215 1991 277 2025 Fr.
303 1990 453 2027 Grotef.
478 1992 629 2037 schlagt
652 2005 736 2026 vor:
766 1992 916 2028 Videtur
941 2003 1016 2025 esse
1040 1993 1232 2026 valiturus.
1281 1993 1393 2035 Puta,
1419 1995 1572 2027 nummis
1596 2001 1686 2036 etc.,
1736 1990 1739 1994 ⁴

216 2050 289 2071 was
322 2050 363 2072 er
393 2041 488 2074 nach
524 2040 559 2084 ᾖ.
593 2042 625 2076 2.
652 2040 780 2074 hinter
807 2040 889 2075 eat.
924 2051 1046 2083 prae-v.
1081 2041 1244 2074 absoluto
1279 2048 1450 2074 versetzt.
1501 2042 1686 2076 Dahinter

214 2086 360 2130 folgten
384 2090 414 2132 §.
440 2089 462 2123 9
488 2089 544 2122 bis
570 2090 614 2123 13
639 2089 701 2122 des
729 2090 808 2124 149.
835 2088 978 2131 Briefs,
1013 2100 1134 2122 woran
1171 2088 1252 2123 sich
1288 2089 1353 2122 der
1379 2090 1458 2125 157.
1484 2090 1588 2123 Brief
1614 2101 1685 2124 von

215 2134 250 2178 5.
276 2136 309 2170 2.
335 2146 381 2168 an
407 2136 462 2170 bis
488 2148 536 2171 zu
560 2136 667 2171 Eride
691 2135 911 2171 anschlfisse.

311 2202 345 2237 2.
372 2206 446 2236 tam
468 2214 602 2247 poree,
636 2203 697 2237 die
736 2204 914 2238 einander
946 2214 987 2237 so
1019 2203 1132 2248 v‘ollig
1158 2203 1218 2237 die
1243 2204 1364 2250 Wage
1388 2203 1527 2239 hatten.
1556 2224 1599 2230 —
1626 2215 1684 2238 co-

213 2247 318 2292 pias,
346 2251 486 2285 Sta'rke.
522 2270 569 2276 -
601 2262 702 2286 reum
734 2253 779 2285 de
804 2253 958 2288 ambitu.
1008 2253 1101 2284 Nam
1136 2252 1180 2284 de
1213 2252 1424 2297 repetundis
1457 2254 1534 2286 iam
1559 2254 1683 2287 fuerat

215 2296 413 2331 absolutus.
442 2298 525 2333 Vid.
553 2311 611 2344 ep.
641 2301 785 2334 CXLIX
809 2307 846 2334 et
873 2300 965 2334 CLI.
991 2299 1191 2334 MANUT.
1217 2319 1261 2324 —
1287 2297 1577 2345 συμπάθεια,
1604 2302 1682 2334 ani·
1741 2293 1742 2297 Ἰ

213 2344 267 2378 mi
292 2353 416 2379 motus
443 2357 485 2379 cx
512 2349 861 2390 commiseratione;
886 2359 996 2381 nemo
1022 2348 1103 2381 fere
1128 2349 1320 2382 condoluit
1344 2350 1399 2383 M.
1418 2349 1550 2385 Aemil.
1568 2347 1684 2383 Scau·
1707 2382 1713 2386 ,

213 2403 298 2426 rum
325 2404 430 2427 reum
455 2396 611 2428 factum.
646 2396 757 2433 SCH.
790 2414 837 2421 ——
869 2396 1060 2436 aedilitas,
1101 2407 1213 2441 quam
1247 2408 1387 2430 summa
1424 2397 1683 2430 munificentia

215 2441 352 2487 gessit3
385 2442 428 2475 de
454 2454 526 2487 qua
552 2443 634 2476 vide
660 2445 753 2478 Plin.
780 2445 823 2477 H.
851 2444 900 2479 N.
927 2443 1093 2484 XXXVI,
1124 2445 1181 2483 15.
1208 2445 1289 2480 cic.
1316 2444 1362 2478 de
1389 2444 1521 2478 Officc.
1547 2445 1596 2486 11,
1627 2446 1680 2480 16.

213 2488 354 2522 Aedilis
379 2490 519 2523 curulis
551 2491 623 2525 fuit
647 2503 679 2526 a.
708 2493 750 2527 U.
777 2493 858 2527 696.
908 2492 1078 2526 Imitatus
1103 2499 1159 2525 est
1190 2493 1228 2525 P.
1255 2492 1401 2526 Lentuli
1433 2494 1680 2537 magnificen-

214 2537 306 2569 tiam
334 2539 549 2571 aedilitatis.
576 2558 620 2564 —·
647 2541 742 2583 apud
765 2540 927 2575 rusticos.
978 2540 1049 2572 Die
1075 2541 1192 2574 tribus
1214 2542 1376 2574 rusticae
1394 2542 1524 2574 hatten
1550 2541 1586 2573 in
1613 2541 1680 2572 den
1724 2550 1728 2560 ·

215 2584 388 2619 Con-litiis
415 2586 566 2619 tributis
591 2587 712 2620 durch
738 2587 798 2621 die
814 2587 992 2634 Anzahl
1019 2587 1079 2631 (31
1105 2599 1218 2633 gegen
1245 2590 1304 2632 4),
1331 2590 1370 2621 in
1396 2589 1465 2621 den
1491 2588 1680 2621 centuria-

213 2631 260 2664 tis
287 2632 407 2666 durch
435 2634 500 2667 das
531 2632 785 2680 Vermiigen
812 2636 876 2669 das
901 2636 1179 2679 Ubergexvicht.
1214 2637 1360 2670 WJEL.
1409 2638 1500 2670 Dass
1524 2637 1680 2670 Scaurus

215 2690 337 2723 wegen
371 2681 434 2714 des
467 2682 854 2717 ausserordentlichen
887 2684 1130 2725 Andenkens‚
1171 2686 1287 2718 worin
1326 2685 1404 2717 sein
1441 2686 1572 2725 vater,
1614 2683 1680 2716 der

213 2729 387 2773 princeps
415 2728 594 2774 Senatus,
631 2730 732 2765 noch
757 2732 888 2774 stand,
919 2732 992 2766 frei
1020 2733 1251 2776 gesprochen
1279 2733 1350 2774 sei,
1389 2732 1527 2766 orza'hlt
1552 2731 1678 2767 Valer-
