1742 3006
217 79 312 128 268
493 83 556 127 M.
589 84 644 126 Τ.
675 80 1014 126 CICERONIS
1053 80 1429 129 EPISTOLAE.

218 195 332 238 meis
360 193 609 251 perfectum
638 208 733 236 esse
763 195 926 249 potuit,
955 197 1006 236 ut
1035 194 1132 236 dies
1162 198 1208 237 et
1236 199 1416 250 noctes,
1445 196 1555 252 quid
1584 200 1696 243 mihi

216 252 475 294 faciendum
504 254 646 303 esset,
685 252 933 306 cogitares,
982 251 1030 291 id
1060 252 1138 293 abs
1164 255 1208 293 te
1238 265 1352 305 meo,
1382 267 1469 294 non
1500 257 1576 296 tuo
1603 268 1697 298 sce-

216 309 310 350 lere
341 307 701 361 praetermissum
730 311 810 349 est.
868 307 993 357 Quid
1022 307 1062 347 si
1091 320 1179 348 non
1209 308 1342 348 modo
1373 311 1435 360 tu,
1464 309 1544 350 sed
1574 312 1695 365 quis-

215 377 350 418 quam
392 362 576 415 fuisset,
623 364 700 418 qui
739 376 810 404 me
848 362 1059 417 Pompeii
1098 364 1243 404 minus
1274 364 1455 405 liberali
1485 378 1697 420 responso

214 417 505 474 perterritum
542 431 570 460 a
607 419 868 474 turpissimo
905 418 1098 459 consilio
1137 423 1396 473 revocaret,
1434 421 1555 475 quod
1584 435 1697 464 unus

213 480 264 516 tu
293 474 445 516 facere
472 474 670 516 maxime
700 473 914 529 potuisti:
965 478 1044 515 aut
1071 476 1379 516 occubuissem
1405 476 1592 518 honeste
1621 483 1698 520 aut

211 530 411 573 victores
440 529 579 572 hodie
607 532 871 573 viveremus.
931 528 1021 570 Hic
1049 530 1164 571 mihi
1191 531 1412 586 ignosces.
1469 532 1546 574 Me
1577 534 1696 575 enim

210 587 360 641 ipsum
388 587 531 628 multo
559 587 703 640 magis
732 599 920 634 accuso;
949 585 1113 627 deinde
1143 590 1202 639 te,
1231 588 1359 642 quasi
1387 601 1458 629 me
1478 589 1693 631 alterum:

210 647 260 684 et
299 643 433 685 simul
473 655 599 683 meae
638 643 797 697 culpae
835 641 1005 682 socium
1044 655 1234 697 quaero:
1294 656 1349 684 ac
1391 644 1430 685 si
1462 645 1694 697 restituor,

211 698 350 740 ctiam
378 699 525 739 minus
554 698 808 740 videbimur
837 697 1111 752 deliquisse3
1150 699 1227 739 abs
1257 700 1389 752 teque
1418 704 1557 754 certe,
1587 714 1695 755 quo-

209 755 332 797 niam
360 755 488 795 nullo
517 757 687 807 nostro,
716 758 794 795 tuo
824 752 965 808 ipsius
996 753 1215 796 beneficio
1243 753 1499 808 diligemur.
1558 755 1694 806 Quod

208 815 256 853 te
286 822 387 851 cum
418 809 619 851 Culeone
648 810 810 851 scribis
850 809 907 850 de
945 809 1189 864 privilegio
1230 810 1454 864 locutum,
1502 817 1571 852 est
1609 812 1693 852 ali-

208 866 346 921 quid3
376 865 456 907 sed
485 867 627 907 multo
658 870 726 907 est
754 865 914 907 melius
944 866 1167 920 abrogari.
1226 865 1276 907 Si
1306 866 1425 907 enim
1454 879 1581 921 nemo
1610 867 1694 908 im-

209 922 390 976 pediet,
440 921 549 976 quid
578 925 646 963 est
674 919 878 963 firmius?
928 921 999 961 sin
1029 922 1143 975 erit,
1191 922 1268 975 qui
1298 920 1412 963 ferri
1441 935 1530 963 non
1559 922 1694 975 sinat,

208 979 332 1019 idem
370 980 550 1019 senatus
591 978 795 1019 consulto
834 977 1097 1018 intercedet.
1173 977 1271 1019 Nec
1300 978 1539 1032 quicquam
1567 978 1695 1019 aliud

209 1096 243 1130 d.
260 1095 345 1130 Ans.
367 1096 458 1135 dies.
476 1097 606 1141 Parag.
629 1095 1049 1139 poluiezpotuerit.—-
1064 1097 1211 1136 scelere,
1239 1095 1355 1131 durch
1381 1095 1693 1131 unverzeihliche

208 1143 364 1182 Schuld,
397 1164 441 1169 —
476 1145 594 1178 minus
627 1143 780 1177 liberali
805 1154 995 1187 responso,
1022 1155 1158 1189 nempe
1191 1156 1231 1177 se
1257 1152 1389 1179 contra
1415 1146 1614 1180 Caesarem
1639 1144 1692 1179 nil

206 1193 335 1226 facere
366 1204 472 1238 posse
508 1204 579 1225 nec
607 1198 741 1225 contra
765 1192 956 1226 tribunum
982 1192 1102 1238 plebis
1135 1191 1213 1226 sine
1247 1195 1402 1227 consilio
1428 1194 1580 1239 publico
1607 1203 1691 1225 cer-

206 1247 306 1282 tare3
345 1248 384 1273 nt
418 1241 456 1274 in
490 1248 588 1276 orat.
621 1241 659 1274 in
691 1240 816 1273 Pison.
856 1251 888 1273 e.
922 1242 967 1275 31
1001 1246 1128 1274 narrat:
1161 1248 1198 1273 et
1230 1241 1276 1274 ad
1308 1242 1422 1275 Attio.
1451 1241 1495 1281 X,
1530 1242 1552 1275 4
1580 1241 1690 1283 (366).

205 1289 440 1323 ERNESTI.
467 1308 511 1314 —-
537 1288 753 1324 viveremur.
827 1289 964 1321 Cicero
996 1289 1082 1321 seint
1117 1299 1183 1321 aus
1219 1289 1305 1322 dem
1336 1289 1512 1335 Singuiar
1543 1289 1582 1321 in
1617 1288 1690 1321 den

205 1338 341 1379 Plural,
369 1338 453 1371 weil
479 1349 520 1370 er
545 1337 604 1370 die
626 1337 769 1370 andern
798 1336 1010 1381 Optimates
1034 1337 1104 1369 mit
1127 1336 1375 1371 einschliesst.
1443 1337 1491 1370 So
1525 1336 1690 1370 nachher

204 1387 384 1419 restituor
410 1411 417 1419 .
447 1410 456 1419 .
483 1411 492 1420 .
518 1386 734 1425 videbimur,
761 1395 817 1418 wo
843 1385 1017 1418 letzteres
1043 1384 1111 1417 den
1137 1384 1288 1418 Attikus
1314 1386 1386 1418 mit
1409 1385 1566 1423 betrifft.
1617 1384 1690 1417 Zur

203 1435 324 1468 Sache
350 1434 461 1478 vergl.
485 1444 543 1478 ep.
570 1434 653 1476 LII,
682 1435 739 1468 16.
764 1433 861 1474 LIX,
888 1433 924 1469 5.
952 1433 1032 1475 LX,
1058 1435 1080 1468 2
1106 1444 1166 1466 am
1191 1433 1307 1466 Ende.
1351 1434 1484 1474 LXIII,
1513 1435 1547 1469 6.
1571 1433 1689 1474 LXV,

203 1484 241 1519 2.
282 1504 324 1509 —
361 1483 544 1524 ignosces.
583 1482 645 1515 Sic
678 1481 762 1519 Md.
797 1481 931 1514 Lamb.
963 1482 1065 1514 Vict.
1102 1483 1134 1516 2.
1162 1482 1245 1515 130⁵.
1272 1482 1359 1527 Sqq.
1394 1482 1566 1524 ignoscas
1592 1483 1688 1514 leus.

202 1533 288 1565 Asc.
319 1533 351 1565 l.
380 1532 480 1565 Crat.
509 1530 606 1565 Vict.
635 1532 665 1564 1.
692 1531 837 1564 Manat,
863 1548 909 1554 —-
952 1529 1057 1574 quasi
1084 1540 1142 1562 me
1167 1530 1338 1569 alterum,
1371 1530 1423 1562 als
1448 1530 1548 1563 mein
1575 1528 1690 1561 ande—

202 1590 262 1612 res
289 1579 368 1613 Ich.
425 1581 472 1613 So
498 1590 568 1612 von
597 1585 714 1622 guten
739 1579 937 1611 Freunden
966 1578 1062 1610 alter
1087 1588 1155 1618 ego
1181 1577 1254 1610 und
1281 1578 1377 1610 alter
1401 1578 1493 1610 idem
1529 1577 1578 1610 ad
1602 1577 1687 1611 Div.

200 1627 286 1670 vn,
312 1629 335 1662 5
360 1628 483 1670 (¹33);
510 1629 554 1669 V,
580 1628 602 1662 8
631 1628 742 1669 (131).
794 1644 839 1650 —
888 1626 1014 1669 culpae
1038 1625 1182 1658 socium.
1255 1626 1341 1659 Wie
1367 1625 1525 1658 zierlich
1555 1625 1687 1658 Cicero

201 1677 265 1710 die
291 1676 408 1709 Pillen
436 1687 479 1708 zu
504 1674 709 1723 vergolden
738 1674 843 1714 weis,
886 1674 946 1706 die
972 1685 1011 1705 er
1036 1673 1176 1705 seinem
1202 1674 1374 1706 Preunde
1400 1685 1442 1706 zu
1467 1672 1685 1708 verschluk-

201 1725 277 1758 ken
305 1724 407 1768 gibt!
437 1744 478 1749 -—-
507 1723 676 1766 quoniam
701 1723 800 1755 nullo
828 1725 953 1755 nostro
979 1720 1172 1761 beneficio,
1199 1733 1263 1754 um
1289 1733 1328 1755 so
1356 1722 1483 1763 mehr,
1511 1722 1594 1755 weil
1618 1722 1684 1755 ich

199 1773 324 1806 Deine
350 1773 467 1806 Liebe
493 1771 600 1804 nicht
625 1770 771 1804 meinen
799 1769 1041 1802 verdiensten
1067 1781 1130 1802 um
1155 1769 1258 1802 Dich
1293 1769 1542 1803 zuschreiben
1569 1770 1684 1814 kann,

200 1821 255 1855 sie
281 1821 358 1854 also
384 1831 446 1853 nus
473 1819 596 1853 reiner
621 1820 872 1863 Herzensgi'ite
900 1818 957 1850 bei
982 1817 1053 1851 Dir
1078 1818 1299 1863 entspringt.

297 1883 332 1917 5.
367 1882 533 1916 Culeone.
582 1881 744 1926 Quintus
781 1879 980 1913 Terentius
1017 1879 1133 1914 Culeo
1164 1880 1225 1921 (S.
1260 1879 1305 1912 ad
1341 1879 1457 1913 Attio.
1495 1878 1601 1920 Vm,
1640 1881 1683 1915 12

202 1930 337 1975 [336.],
381 1930 439 1962 ein
473 1929 616 1963 Tribun
654 1929 771 1961 dieses
804 1928 908 1961 Iahrs
934 1927 1010 1960 und
1034 1926 1235 1972 Anhiinger
1262 1928 1324 1961 des
1351 1929 1560 1973 Pompeius.
1608 1929 1683 1961 Mit

200 1981 344 2012 diesem
370 1978 477 2012 hatte
505 1977 648 2011 Attikus
670 1977 765 2009 iiber
798 1976 861 2008 das
889 1975 1084 2008 Clodische
1113 1976 1246 2009 Gesetz
1272 1987 1390 2021 gegen
1421 1979 1575 2018 Cicero,
1618 1976 1681 2009 da-

199 2029 273 2062 mit
306 2040 345 2060 er
384 2038 420 2060 es
453 2026 538 2059 dem
579 2026 781 2070 Pompeius
813 2024 954 2057 wieder
987 2030 1117 2070 sagte,
1168 2025 1249 2057 sich
1288 2036 1327 2057 so
1366 2024 1680 2069 ausgesprochent

202 2078 321 2119 „Man
348 2075 468 2108 konne
494 2075 578 2107 dem
605 2075 738 2108 Cicero
765 2073 910 2112 helsen,
937 2083 1046 2104 wenn
1075 2074 1224 2117 gezeigt
1250 2073 1398 2113 wi'lrde‚
1424 2074 1524 2105 iones
1550 2073 1682 2105 Gesetz

201 2125 256 2158 sei
284 2124 411 2157 weiter
433 2123 565 2156 Nichts
592 2122 643 2155 als
670 2122 727 2154 ein
754 2120 1016 2165 privilegium,
1057 2120 1094 2155 d.
1119 2121 1142 2154 i.
1171 2122 1254 2154 eine
1279 2121 1529 2166 Verordnung
1563 2121 1681 2154 wider

203 2173 287 2205 eine
315 2173 489 2205 eiuzelne
516 2173 673 2209 Person,
712 2170 786 2203 und
818 2168 979 2213 solglich
1014 2169 1111 2201 nach
1137 2170 1208 2202 den
1237 2171 1349 2215 Legg.
1376 2170 1448 2202 XII
1472 2169 1679 2202 tabularum

202 2221 388 2266 ungi'iltig.
440 2222 474 2253 S.
512 2220 588 2253 Cic.
624 2220 669 2252 de
704 2220 816 2263 Legg.
853 2217 929 2258 111,
967 2218 1032 2257 19,
1061 2217 1120 2250 44.
1155 2230 1190 2251 u.
1225 2218 1302 2253 das.
1330 2218 1471 2252 Moser.
1506 2219 1678 2253 Creuzer.

202 2281 272 2315 pro
301 2270 409 2301 Dom.
431 2271 484 2302 17.
538 2270 635 2301 Statt
658 2267 812 2300 Culeone
837 2265 988 2308 schffigt
1012 2266 1199 2299 Corradus
1225 2266 1410 2300 Aculeone
1435 2277 1510 2308 vor,
1537 2265 1603 2298 der
1625 2266 1679 2298 als

204 2318 264 2350 ein
292 2316 634 2361 Rechtsgeleluter,
663 2318 793 2348 Vetter
820 2314 884 2347 des
910 2314 1041 2346 Cicero
1068 2324 1101 2348 u.
1126 2314 1274 2347 Freund
1299 2326 1369 2347 von
1388 2315 1501 2347 Casar
1519 2314 1681 2346 bekannt

202 2367 263 2400 ist.
291 2385 335 2390 —
362 2369 415 2398 est
442 2364 594 2407 aliquid,
623 2365 687 2396 das
714 2364 763 2396 ist
788 2363 921 2404 Etwas,
948 2362 1020 2394 will
1048 2363 1170 2395 Etwas
1196 2373 1331 2406 sagen,
1372 2363 1421 2395 ist
1447 2362 1556 2394 keine
1581 2360 1678 2394 Klei-

204 2414 363 2459 nigkeit.
414 2412 447 2446 S.
475 2412 520 2444 de
544 2411 689 2444 Senect.
715 2414 747 2446 3.
777 2410 887 2444 Ovid.
916 2411 1012 2443 Fast.
1041 2410 1103 2452 VI,
1129 2412 1184 2446 27.
1221 2411 1341 2443 dicere
1366 2410 1506 2452 aliquid
1528 2409 1677 2445 Tuscul.

204 2464 234 2505 1,
264 2465 321 2496 10.
373 2479 415 2484 —-
464 2460 648 2502 abrogari
674 2460 755 2503 lege
782 2460 877 2500 alia,
912 2469 1016 2490 wenn
1043 2470 1081 2491 es
1108 2471 1195 2492 vom
1225 2458 1339 2492 Volke
1366 2458 1478 2491 selbst
1503 2457 1679 2491 formiich

203 2510 440 2554 ausgehoben
469 2508 572 2542 wird.
601 2527 643 2531 —
683 2508 852 2550 impediet
880 2507 1111 2550 rogationem
1143 2508 1187 2540 de
1212 2506 1425 2551 abroganda
1454 2506 1573 2539 Clodii
1599 2506 1680 2549 lege

204 2560 240 2591 in
270 2559 501 2592 Ciceronem,
527 2575 570 2581 --
598 2555 687 2599 quid
711 2560 774 2589 est.
825 2555 887 2589 Sic
914 2555 1003 2588 Cdd.
1031 2555 1175 2588 decurt.
1193 2557 1367 2588 Tornaes.
1389 2555 1543 2589 Crusell.
1560 2555 1678 2589 Oxon.

207 2610 238 2641 l.
278 2618 393 2650 marg.
428 2607 530 2641 Crat.
565 2605 694 2637 Lamb.
732 2604 816 2637 Bos.
850 2605 938 2648 Sqq.
970 2603 1018 2636 sit
1052 2604 1134 2637 Md.
1168 2605 1287 2638 Oxou.
1322 2605 1354 2638 2.
1389 2604 1469 2636 Asc.
1510 2605 1542 2636 1.
1578 2603 1678 2636 erat.

205 2655 311 2690 Vict.
341 2657 369 2688 l.
396 2656 428 2689 2.
457 2653 540 2697 quid
564 2653 634 2685 erit
651 2653 692 2694 s.
721 2653 804 2684 Ern.
834 2664 932 2697 susp.
961 2651 1156 2685 ORELLI.
1185 2671 1225 2676 -
1260 2652 1353 2685 idem
1379 2651 1474 2690 (Md.
1504 2652 1618 2684 Oxon.
1644 2650 1677 2682 2.

206 2705 286 2736 Asc.
318 2705 347 2735 1.
384 2704 482 2737 Crat.
511 2701 651 2741 eidem)
676 2705 817 2733 senalus
843 2712 871 2733 c.
899 2700 1027 2733 intere.
1054 2699 1134 2734 scil.
1162 2701 1237 2733 cius
1263 2699 1469 2744 rogationi,
1520 2710 1560 2732 so
1585 2696 1676 2729 wird

207 2751 272 2785 der
303 2750 411 2784 senat
448 2749 658 2796 gleichsalls
691 2748 757 2783 mit
788 2748 910 2783 einem
938 2749 1103 2783 Decrete
1129 2749 1301 2796 ‚dagegen
1327 2747 1552 2794 protestiren
1578 2746 1678 2780 ruiis-
