1742 3006
121 67 183 115 475
407 68 470 110 M.
503 68 559 109 T.
593 67 938 111 CICERONIS
967 69 1336 113 EPISTOLAE.

121 181 266 236 Epiro
324 182 540 236 temporis
588 194 741 234 ponas.
800 180 872 223 Ita
909 195 1053 237 neque
1082 182 1300 225 Achaicis
1340 183 1609 239 hominibus,

121 252 262 293 neque
291 238 543 292 Epiroticis
572 237 726 290 paullo
756 236 994 279 liberiores
1026 239 1181 280 literas
1221 241 1502 282 committere
1533 256 1609 283 au-

121 295 220 336 deo.
280 294 392 335 Sunt
421 297 569 333 autem
600 297 700 346 post
730 292 978 335 discessum
1017 308 1043 335 a
1072 308 1142 335 me
1181 299 1304 336 tuum
1345 310 1414 336 res
1444 296 1608 350 dignae

122 350 269 391 literis
299 349 490 401 nostris,
529 348 610 389 sed
639 361 726 389 non
758 350 1106 391 committendae
1137 350 1356 392 eiusmodi
1386 350 1606 407 periculo,

119 411 166 447 ut
197 409 273 447 aut
303 405 491 445 interire
521 407 597 445 aut
626 405 795 459 aperiri
835 409 912 446 aut
942 406 1155 460 intercipi
1176 409 1363 460 possint.
1403 408 1608 450 Primum

119 463 261 516 igitur
301 461 418 501 scito
462 461 655 514 primum
694 474 764 501 me
815 475 903 502 non
943 475 1039 502 esse
1089 466 1294 516 rogatum
1339 466 1607 506 sententiam

118 517 510 572 praepositumque
566 530 663 557 esse
718 517 847 557 nobis
904 517 1246 570 pacificatorem
1294 519 1606 575 Allobrogum,

119 573 253 627 idque
284 572 645 613 admurmurante
675 578 831 614 senatu
861 586 1004 627 neque
1033 587 1103 614 me
1133 574 1278 615 invito
1302 588 1398 616 esse
1421 575 1604 617 sactum.

117 630 223 670 Sum
253 629 371 669 enim
399 632 445 669 et
474 630 529 670 ab
559 629 836 670 observando
874 627 1055 670 homine
1085 643 1298 683 perverso
1328 631 1445 672 liber
1473 636 1519 673 et
1548 632 1605 673 ad

117 685 385 740 dignitatem
415 684 463 724 in
493 698 540 725 re
573 685 756 740 publica
784 684 1065 726 retinendam
1095 689 1253 726 contra
1282 686 1409 728 illius
1447 688 1605 729 volun·

117 746 257 782 tatem
286 741 484 782 solutus:
529 745 575 781 et
616 741 698 781 ille
742 741 964 781 secundus
994 742 1040 781 in
1071 740 1264 782 (licendo
1303 742 1429 783 locus
1469 743 1606 784 habet

115 797 434 838 auctoritatem
471 810 611 850 paene
660 797 879 851 principis
927 800 973 837 et
1009 797 1291 838 voluntatem
1340 811 1428 838 non
1467 800 1603 840 nimis

115 853 373 895 devinctam
402 853 622 893 beneficio
654 854 866 894 consulis.
929 853 1116 893 Tertius
1147 857 1215 893 est
1236 853 1440 905 Catulus,
1471 868 1602 910 quar-

114 913 187 950 tus
216 932 272 938 -
299 909 339 949 si
369 909 506 949 etiam
536 908 625 949 hoc
665 909 846 963 quaeris
874 930 928 937 —-
957 909 1241 949 Hortensius.
1313 909 1482 950 Consul
1525 924 1603 952 au-

114 969 205 1005 tem
235 965 330 1018 ipse
360 978 499 1019 parvo
529 966 678 1006 animo
709 969 754 1005 et
783 978 937 1020 pravo,
965 968 1138 1005 tantum
1167 965 1411 1006 cavillator
1438 979 1601 1020 genere

113 1021 197 1061 illo
234 1034 438 1073 moroso,
479 1021 601 1075 quod
640 1021 777 1061 etiam
816 1022 913 1061 sine
955 1020 1201 1062 dicacitate
1242 1020 1442 1074 ridetur,
1484 1021 1603 1063 facie

113 1190 265 1224 snerim.
316 1190 474 1236 Eigentl.
503 1201 589 1223 vom
616 1189 733 1224 Gelde
760 1203 810 1221 z
844 1190 1017 1234 anlegen,
1044 1203 1077 1224 z.
1110 1192 1151 1224 B.
1184 1192 1316 1226 Horat.
1351 1203 1409 1238 ep.
1442 1193 1499 1233 11,
1543 1194 1598 1227 70.

112 1239 240 1271 Daher
266 1239 370 1272 iener
395 1239 587 1284 tropische
614 1238 828 1271 Gebrauch.
856 1256 900 1263 —
926 1240 999 1279 lta,
1027 1238 1107 1271 edd.
1135 1242 1217 1273 Asc.
1245 1243 1276 1274 1.
1305 1240 1364 1275 Gr.
1391 1240 1532 1284 Itaque.
1555 1259 1598 1266 -

108 1288 239 1331 paullo
266 1288 388 1330 liber„
415 1294 527 1320 etwas
553 1299 598 1320 zu
625 1287 699 1320 frei
724 1287 1009 1331 geschriebene‚
1036 1288 1163 1333 paullo
1189 1288 1344 1321 liberius
1370 1289 1543 1334 scriptas.

208 1337 242 1370 2.
269 1336 485 1379 primum...
510 1336 736 1368 sententiam.
791 1335 923 1368 Cicero
956 1347 1053 1368 anno
1079 1336 1275 1380 superiore
1302 1348 1323 1368 a
1347 1336 1474 1370 Silano
1508 1347 1599 1370 eon-

111 1383 188 1416 sule
223 1385 388 1428 primum
422 1384 548 1417 fuerat
578 1383 800 1416 sententiam
832 1390 996 1427 rogatus.
1057 1384 1141 1416 Piso
1177 1391 1301 1417 autem
1337 1385 1469 1418 consul
1500 1384 1601 1417 hunc

112 1433 298 1465 honorem
331 1432 547 1477 propinquo
581 1443 647 1465 suo
686 1433 723 1464 C.
759 1431 886 1464 Pisoni
919 1431 1059 1464 habere
1092 1432 1238 1466 maluit.
1294 1431 1338 1466 Id
1372 1444 1410 1466 se
1442 1433 1602 1466 moleste

111 1481 242 1513 tulisse
271 1481 405 1513 Cicero
431 1482 529 1513 male
556 1479 774 1513 dissimulat.
823 1473 1040 1513 SCHUTZ.
1083 1479 1155 1512 Die
1179 1481 1295 1522 Ehre,
1322 1480 1374 1513 als
1400 1480 1466 1514 der
1490 1483 1602 1515 Erste

111 1540 197 1561 zum
223 1528 478 1574 Stimmgeben
509 1530 561 1561 im
587 1528 721 1561 Senate
754 1528 981 1571 aufgerufen
1014 1538 1057 1560 zu
1093 1528 1267 1572 werden,
1298 1539 1433 1574 genoss
1463 1529 1502 1562 in
1535 1529 1602 1562 der

111 1577 229 1621 Rege]
255 1578 349 1620 Der,
385 1578 547 1610 welcher
580 1577 631 1609 im
663 1577 912 1609 verflossenen
954 1575 1064 1609 Iahre
1094 1583 1215 1610 erster
1255 1577 1394 1610 Consul
1430 1588 1601 1621 gewesen

109 1637 206 1665 war,
241 1625 295 1658 bis
322 1625 454 1668 dahin,
493 1626 574 1657 dass
599 1636 683 1657 man
712 1625 773 1657 die
801 1624 960 1657 Consuln
986 1624 1048 1658 fiir
1074 1624 1138 1657 das
1170 1625 1482 1669 nachstkiinftige
1509 1625 1600 1659 Iahr

108 1672 266 1706 erwa'blt
291 1675 414 1706 hatte:
451 1673 551 1706 deun
585 1673 739 1706 alsdann
774 1672 962 1717 gebiihrte
995 1673 1047 1704 sie
1082 1672 1170 1705 dem
1207 1679 1332 1706 ersten
1366 1673 1598 1718 designirten

108 1721 255 1756 Consul.
282 1740 326 1746 -—
349 1719 498 1765 paczfic.
525 1720 690 1764 Allobr„
717 1720 840 1753 dieser
863 1720 910 1753 ist
937 1722 976 1753 C.
1003 1720 1228 1765 Calpurnius
1254 1722 1350 1760 Piso,
1376 1721 1480 1754 iener
1498 1721 1600 1755 Red-

111 1782 180 1802 ner
206 1770 248 1812 (s.
275 1769 374 1803 Brut.
403 1781 434 1801 c.
461 1770 541 1810 68),
571 1768 635 1802 der
660 1770 711 1802 im
739 1769 852 1802 Iahre
878 1770 946 1804 687
973 1768 1109 1801 Consul
1133 1769 1211 1802 und
1236 1770 1405 1804 nachher
1431 1772 1600 1804 Procon-

107 1818 164 1851 sul
189 1818 241 1850 im
266 1817 601 1851 Narbonensichen
630 1817 776 1850 Gallien
803 1828 970 1865 gewesen
997 1828 1092 1855 war,
1119 1829 1176 1850 wo
1202 1828 1243 1850 er
1268 1818 1392 1863 einige
1417 1818 1599 1862 unruhige

106 1867 370 1910 Bewegungen
402 1865 467 1898 der
499 1866 838 1909 wankelm'uthigen
872 1865 1095 1910 Allobroger
1124 1866 1265 1911 gestillt
1296 1865 1415 1899 hatte.
1465 1866 1598 1900 Sallust

106 1916 159 1947 im
186 1915 220 1946 b.
251 1916 329 1951 Cat,
357 1920 454 1958 sagt:
481 1914 592 1954 „Piso
619 1914 867 1958 incipientem
893 1920 1038 1946 motum
1063 1924 1128 1946 sua
1154 1915 1353 1959 prudentia
1383 1915 1596 1959 composuit

107 1970 144 1996 et
169 1963 394 1996 fluctuantes
421 1962 566 1994 animos
592 1962 629 1995 in
657 1963 785 1995 officio
812 1962 1010 1995 continuit.
1064 1963 1188 2006 Vergl.
1215 1963 1348 1999 Horat.
1377 1963 1495 2008 Epod.
1537 1964 1595 2003 16,

106 2013 170 2046 21:
209 2011 368 2044 infidelis
396 2010 581 2044 Allobrox.
635 2012 789 2049 Cicero,
815 2009 967 2043 hierauf
999 2009 1254 2053 hindeutend,
1287 2017 1405 2043 nennt
1436 2011 1499 2044 ihn
1525 2011 1597 2043 mit

106 2059 353 2104 spottischem
392 2059 675 2104 Naseriimpfen
718 2059 801 2091 den
834 2057 1294 2092 Wiederhersteller
1335 2058 1421 2091 der
1462 2059 1596 2092 Ruhe

106 2115 213 2140 unter
247 2108 316 2139 den
351 2106 588 2151 Allobrogen.
631 2107 756 2152 Vergl.
784 2107 889 2140 Orat.
918 2119 953 2152 p.
983 2106 1105 2139 Flacc.
1131 2108 1187 2142 38.
1213 2125 1258 2132 —
1286 2107 1596 2146 admurmurante,

106 2156 140 2189 d.
170 2157 193 2189 i.
222 2156 462 2200 significante
495 2155 588 2188 illud
623 2156 696 2188 sibi
728 2167 802 2189 non
835 2155 1007 2199 placere,
1052 2156 1121 2188 wie
1155 2155 1297 2188 Ver-rin.
1334 2157 1400 2195 IV,
1443 2157 1500 2190 12.
1549 2173 1596 2180 —-—

106 2205 302 2237 observare
327 2204 508 2247 aliquem,
534 2203 671 2237 Einem
699 2203 757 2236 die
785 2205 882 2236 Cour
907 2203 1075 2236 macheu.
1101 2221 1147 2228 -
1178 2202 1273 2236 lzom.
1305 2214 1407 2247 perv.
1458 2203 1596 2236 Pisone

107 2252 271 2285 consule.
298 2270 338 2277 -
369 2253 418 2285 ad
441 2252 579 2292 dign...
608 2253 763 2292 solutus,
800 2252 836 2286 h.
864 2263 895 2284 e.
922 2252 1082 2284 liberum
1108 2251 1201 2285 mihi
1229 2258 1295 2289 est,
1322 2251 1353 2286 si
1378 2262 1445 2296 pro
1471 2251 1597 2296 reipu-

106 2301 227 2334 blicae
254 2299 438 2343 dignitate
466 2311 558 2344 opus
581 2300 647 2341 sit,
682 2300 807 2333 Pisoni
833 2300 974 2333 consuli
999 2299 1197 2342 adversari,
1232 2299 1322 2344 quia
1346 2299 1382 2332 ei
1406 2298 1501 2333 nihil
1529 2300 1594 2332 de-

106 2350 187 2382 beo.
238 2342 453 2383 SCHU'TZ.
481 2367 524 2372 —
550 2348 733 2390 principis
758 2349 795 2380 in
822 2355 968 2389 senatu,
1003 2348 1068 2380 der
1101 2354 1226 2381 ersten
1261 2347 1420 2380 Stimme
1446 2347 1500 2379 im
1527 2346 1594 2380 Se-

105 2403 202 2430 nate.
229 2415 274 2421 —
303 2397 466 2438 Tertius,
495 2397 556 2441 qui
583 2393 734 2441 rogatus
761 2403 816 2429 est
841 2396 1063 2429 sententiam
1089 2397 1205 2429 tertio
1232 2395 1328 2428 loco.
1354 2414 1399 2419 -
1427 2395 1592 2436 Catulus,

104 2457 236 2490 nempe
262 2445 305 2489 Q.
326 2445 495 2478 Lutatius
516 2445 664 2477 Catulus
691 2445 801 2487 silius,
818 2445 879 2489 qui
901 2456 984 2478 cum
1010 2445 1065 2477 M.
1100 2443 1259 2477 Aemilio
1289 2442 1434 2488 Lepido
1463 2444 1593 2476 consul

105 2495 179 2526 fuit
206 2496 274 2529 676
300 2505 332 2526 a.
361 2493 406 2526 U.
435 2504 466 2526 c.
493 2511 537 2517 —
563 2493 782 2526 Hortensius
808 2500 948 2535 orator,
976 2493 1038 2537 qui
1064 2492 1136 2525 fuit
1164 2491 1298 2525 Consul
1324 2502 1407 2524 cum
1435 2492 1477 2535 Q.
1497 2493 1591 2524 Cae-

105 2543 194 2573 cilio
234 2542 390 2574 Metello
417 2542 485 2576 685
517 2553 548 2574 a.
583 2542 627 2575 U.
663 2552 693 2573 c.
736 2559 779 2564 —
814 2551 977 2583 moroso,
1019 2540 1301 2585 sauert'cipfisch.
1359 2537 1394 2572 S.
1429 2539 1508 2572 Cic.
1544 2538 1591 2571 de

105 2590 208 2622 Orat.
238 2590 292 2628 ll,
333 2602 363 2621 e.
392 2591 446 2624 62.
475 2591 503 2633 §.
530 2589 618 2628 252,
656 2591 761 2622 Brut.
791 2600 821 2620 c.
849 2591 905 2623 67.
934 2591 962 2632 §.
990 2589 1070 2622 235.
1098 2589 1244 2628 Plana,
1280 2599 1335 2620 wo
1369 2598 1419 2627 er,
1454 2587 1526 2619 wie
1552 2587 1590 2618 in

103 2638 135 2670 d.
157 2641 260 2671 Orat.
280 2649 309 2669 c.
329 2639 362 2671 5.
380 2638 465 2670 iene
484 2636 798 2670 vortheilhastere
821 2636 896 2669 und
913 2636 1130 2680 gesalligere
1149 2648 1183 2669 u.
1202 2635 1325 2668 wahre
1341 2634 1591 2678 Schilderung

103 2698 178 2718 von
196 2687 276 2719 ihm
295 2685 396 2729 gibt3
427 2687 593 2729 dagegen
621 2696 660 2718 er
677 2685 761 2718 hier
776 2685 829 2717 im
852 2690 1114 2717 momentanen
1133 2684 1319 2718 Unwillen
1344 2682 1521 2716 schreibt.
1545 2699 1588 2706 --

103 2735 180 2767 siue
195 2734 402 2774 de'cacilale,
422 2734 516 2767 ohne
535 2733 868 2766 beissendenWitz.
897 2734 930 2765 S.
943 2733 1022 2767 Cic.
1040 2732 1083 2764 de
1101 2733 1203 2765 Orat.
1226 2733 1270 2765 11.
1289 2743 1319 2765 c.
1336 2732 1392 2766 54.
1410 2733 1437 2774 ᾗ.
1454 2731 1587 2765 218.—

97 2783 260 2823 facie...
291 2781 484 2824 ridiculus,
509 2782 603 2824 „der
630 2782 736 2818 mehr
762 2780 881 2815 durch
909 2781 974 2814 das
1002 2779 1473 2814 Gesichterschneiden
1500 2780 1590 2819 (oris

1728 0 1742 154 ἓ

1728 153 1742 975 Ῑ
