1742 3006
174 78 268 126 212
452 76 517 121 Μ.
548 79 604 120 Τ.
637 74 980 119 CICERONIS
1012 74 1388 119 EPISTOLAE.

222 205 246 233 e
274 191 487 242 retineat,
517 189 774 243 praesertim
803 189 842 230 si
871 201 972 242 spes
1001 201 1053 228 ea
1083 201 1170 228 non
1195 189 1285 239 est,
1315 199 1429 241 quae
1448 199 1528 230 nos
1557 203 1658 244 pro-

194 248 425 289 miscentes
454 245 820 300 prosequebatur?
871 243 975 284 Non
1005 242 1194 294 faciam,
1224 246 1272 283 ut
1301 255 1551 284 enumerem
1579 247 1658 287 mi-

176 304 314 345 serias
355 314 531 352 omnes,
578 301 624 342 in
661 314 768 356 quas
812 299 951 341 incidi
989 312 1069 354 per
1105 311 1321 340 summam
1364 299 1573 340 iniuriam
1615 304 1658 342 et

177 360 318 401 scelus
349 370 437 398 non
464 360 556 398 tam
584 356 866 398 inimicorum
888 368 1112 408 meorum,
1141 367 1272 410 quam
1300 355 1577 408 invidorum,
1607 368 1661 396 ne

177 419 222 456 et
250 427 395 455 meum
428 426 676 454 maerorem
705 412 925 466 exagitem
956 414 1002 452 et
1028 414 1071 451 te
1098 411 1145 451 in
1175 410 1363 452 eundem
1391 412 1557 452 luctum
1585 424 1661 453 vo-

177 483 284 511 cem.
353 468 454 509 Hoc
490 467 693 521 affirmo,
743 467 962 508 neminem
999 480 1187 521 unquam
1233 470 1358 508 tanta
1409 467 1660 508 calamitate

177 538 273 567 esse
313 526 547 576 affectum,
600 524 764 565 nemini
802 526 994 562 mortem
1042 522 1183 577 magis
1224 522 1461 577 optandam
1500 522 1657 564 fuisse:

176 581 301 623 cuius
332 580 603 634 oppetendae
633 584 803 633 tempus
823 578 1179 619 honestissimum
1198 580 1561 632 praetermissum
1581 586 1657 619 est.

176 636 368 690 Reliqua
389 640 590 690 tempora
609 649 695 676 non
718 639 819 676 sunt
839 634 927 674 iam
949 633 1006 674 ad
1027 633 1316 685 medicinam,
1346 634 1424 675 sed
1445 635 1503 675 ad
1523 633 1658 675 finem

177 693 361 734 doloris.
432 692 504 731 De
535 705 582 732 re
622 691 796 745 publica
836 690 965 732 video
1004 693 1048 729 te
1090 689 1298 743 colligere
1338 691 1510 742 omnia,
1550 702 1660 744 quae
1722 709 1725 718 =

177 752 302 803 putes
333 747 525 801 aliquam
553 760 677 801 spem
696 746 805 786 mihi
827 759 956 800 posse
977 746 1138 786 afferre
1160 745 1470 786 mutandarum
1487 759 1658 786 rerum:

176 817 288 859 quae
317 816 579 858 quamquam
608 803 764 856 exigua
794 805 926 854 sunt,
955 805 1127 854 tamen,
1157 801 1362 855 quoniam
1392 801 1560 855 placet,
1591 814 1662 841 ex-

176 862 436 915 spectemus.
508 860 582 900 Tu
618 858 757 899 nihilo
799 859 965 909 minus,
1007 857 1046 897 si
1075 857 1358 911 properaris,
1400 870 1480 898 nos
1510 870 1661 897 conse·

176 928 321 970 quere.
380 913 499 955 Nam
528 918 602 955 aut
632 915 893 955 accedemus
923 913 968 953 in
992 912 1180 966 Epirum
1203 916 1278 952 aut
1298 912 1427 952 tarde
1447 926 1526 966 per
1547 912 1661 954 Can-

177 971 356 1013 daviam
384 970 557 1012 ibimus.
617 969 947 1010 Dubitationem
978 972 1123 1008 autem
1146 967 1204 1008 de
1224 968 1367 1022 Epiro
1397 982 1484 1008 non
1511 968 1662 1009 incon-

177 1026 339 1068 stantia
366 1030 518 1067 nostra
546 1026 786 1076 afferebat,
827 1024 904 1065 sed
934 1023 1051 1078 quod
1082 1023 1136 1065 de
1167 1023 1334 1074 fratre,
1364 1025 1439 1064 ubi
1469 1037 1564 1064 eum
1595 1025 1660 1066 vi-

177 1083 270 1124 suri
298 1095 515 1131 essemus,
558 1081 867 1123 nesciebamus.
937 1079 1080 1128 Quem
1120 1080 1299 1134 quidem
1338 1092 1419 1132 ego
1457 1093 1540 1121 nec
1577 1094 1661 1134 quo

176 1137 309 1179 modo
338 1138 510 1178 visurus
541 1151 622 1178 nec
651 1137 724 1177 ubi
755 1136 1018 1176 dimissurus
1048 1135 1160 1185 sim,
1191 1136 1298 1175 scio.
1359 1135 1413 1174 Id
1435 1140 1502 1176 est
1522 1137 1661 1176 maxi-

179 1206 299 1234 mum
329 1197 373 1234 et
400 1194 698 1234 miserrimum
727 1204 925 1233 mearum
964 1191 1161 1232 omnium
1200 1190 1493 1232 miseriarum.
1562 1191 1661 1244 Ego

179 1253 222 1290 et
251 1248 425 1303 saepius
455 1248 512 1290 ad
541 1252 586 1290 te
616 1252 659 1289 et
688 1248 818 1302 plura
847 1247 1116 1297 scriberem,
1147 1247 1234 1290 nisi
1256 1245 1368 1287 mihi
1391 1246 1520 1288 dolor
1539 1260 1661 1287 meus

176 1377 221 1400 zu
244 1364 380 1399 haben.
415 1383 458 1390 -
491 1365 647 1398 retineat
672 1363 713 1396 in
746 1363 842 1400 vita.
874 1382 921 1389 --
954 1374 1033 1407 spes
1065 1363 1110 1397 ab
1144 1364 1275 1398 amicis
1309 1362 1406 1397 mihi
1441 1365 1551 1399 facta.
1601 1363 1662 1397 Sie

176 1414 308 1448 hatten
334 1413 413 1447 ihm
440 1413 499 1446 die
527 1412 723 1459 Hoffnung
747 1410 906 1444 bein-dhe
931 1423 998 1445 zur
1023 1411 1252 1446 Gewissheit
1278 1411 1479 1459 gemacht,
1516 1413 1596 1446 dass
1621 1423 1664 1445 er

175 1462 216 1495 in
242 1461 417 1508 wenigen
442 1461 570 1507 Tagen
598 1460 737 1494 seinein
765 1460 905 1494 Feinde
941 1470 1029 1492 zum
1061 1460 1178 1493 Trotz
1212 1459 1336 1493 durch
1370 1460 1453 1494 eine
1486 1459 1556 1494 Art
1587 1469 1660 1494 von

176 1510 442 1554 allgemeinem
477 1508 681 1542 Aufstande
718 1507 756 1540 in
793 1508 888 1542 Rom
923 1519 956 1540 u.
985 1507 1121 1541 ltalien
1147 1509 1199 1541 im
1226 1507 1415 1552 Triumph
1440 1508 1572 1543 vviirde
1596 1519 1662 1541 zu-

177 1556 411 1605 riickgeholt
450 1556 617 1591 werden.
659 1575 702 1580 —-
742 1565 811 1588 non
836 1556 989 1597 faciam
1015 1569 1063 1586 z
1089 1565 1164 1589 non
1198 1555 1445 1591 committam.
1483 1574 1524 1580 -—
1561 1566 1661 1589 suum

176 1615 385 1638 maerorem
410 1604 628 1647 exagitare,
656 1603 782 1636 seinen
809 1604 991 1635 Kummer
1017 1602 1158 1635 wieder
1183 1603 1362 1649 ausiagen
1387 1603 1444 1644 (ut
1459 1603 1660 1648 leporem),

179 1653 301 1699 ingen,
323 1653 532 1692 ausreizen‚
559 1661 757 1687 ermenerii,
786 1650 1016 1683 ansrisohen.
1047 1668 1088 1673 —
1116 1650 1270 1693 aliquem
1294 1651 1331 1682 in
1357 1651 1502 1683 eundem
1527 1651 1663 1684 luctum

178 1710 330 1743 vocare,
366 1699 569 1733 Iemanden
595 1698 635 1730 in
661 1698 823 1731 dieselbe
860 1700 1005 1731 Trauer
1037 1703 1247 1733 versetzen.
1281 1716 1328 1722 --
1362 1697 1535 1739 affirmo.
1564 1699 1659 1733 lens.

177 1748 326 1781 Ascens.
358 1750 388 1781 l.
416 1748 518 1781 Crat.
545 1743 732 1784 confirmo.
760 1744 866 1777 Haud
894 1745 1080 1790 displicet.
1108 1746 1180 1779 csr.
1208 1745 1311 1778 infra
1346 1746 1414 1790 Ep.
1445 1747 1500 1787 15,
1526 1747 1560 1781 2.
1587 1747 1659 1781 hoc

178 1795 364 1830 confirmo
390 1800 464 1831 cet.
491 1792 688 1827 ORELLI.
717 1812 758 1817 -—
783 1793 1081 1834 praetermissum
1107 1797 1177 1834 ese,
1213 1803 1349 1837 nempe
1382 1798 1422 1826 ut
1447 1793 1572 1827 Clodii
1601 1795 1658 1827 fu-

179 1852 284 1877 rores
309 1843 349 1877 vi
373 1842 622 1886 repellerem,
662 1840 773 1873 etiam
809 1851 894 1873 cum
929 1841 1062 1874 mortis
1094 1841 1289 1885 pericu103
1331 1840 1525 1875 honestum
1559 1843 1660 1876 enim
1722 1857 1723 1860 ¹

178 1896 261 1924 erat
275 1896 339 1924 aut
356 1891 509 1925 vincere
526 1894 589 1921 aut
605 1888 733 1922 saltem
754 1888 906 1921 fortiter
923 1893 1153 1935 pugnantem
1179 1889 1417 1921 occumbere.
1441 1883 1656 1924 SCHUTZ.

177 1937 331 1981 Reliqua
365 1941 528 1980 tempora
560 1936 584 1969 i.
618 1947 649 1969 e.
684 1935 711 1968 si
745 1947 845 1969 nunc
878 1936 992 1969 velim
1036 1942 1195 1970 mortem
1232 1942 1430 1981 oppetere,
1476 1948 1551 1970 non
1583 1939 1657 1971 iam

177 1985 365 2020 medicina
393 1985 576 2019 mulorum
604 1984 821 2027 quaeritur.
860 1984 923 2017 sed
949 1983 1033 2017 finis
1048 1983 1244 2024 dolorum,
1272 1994 1364 2027 quos
1383 1995 1428 2017 ex
1445 1985 1658 2019 tristissimo

177 2045 265 2066 casu
289 2039 327 2066 et
353 2032 504 2066 miseria
537 2033 658 2076 capio.
691 2025 909 2064 SGHUTZ.
957 2030 1043 2063 Nun
1078 2031 1154 2064 ist's
1186 2031 1293 2064 nicht
1326 2030 1438 2065 mehr
1478 2033 1538 2066 die
1573 2033 1656 2067 Zeit
1717 2033 1720 2039 '

177 2081 299 2114 durch
326 2081 396 2114 den
422 2080 502 2113 'rod
530 2079 614 2112 dem
630 2078 832 2111 Schmerze
859 2089 976 2111 zuvor
994 2091 1038 2111 zu
1061 2079 1236 2112 kommen
1262 2080 1354 2113 oder
1379 2080 1656 2129 vorzubeugen,

178 2128 339 2162 sondern
363 2128 446 2162 ihm
473 2128 535 2161 ein
562 2128 665 2161 Ende
693 2125 862 2160 dadurch
889 2138 934 2159 zu
959 2125 1129 2160 macheu.

273 2196 309 2228 3.
339 2205 435 2237 spem
459 2199 544 2227 mul.
573 2205 666 2235 rer„
693 2193 887 2239 Hoffnung·
912 2204 957 2225 zu
983 2193 1089 2227 einer
1113 2192 1359 2236 gliieklichcn
1384 2195 1657 2241 Umiinderung

178 2243 246 2277 der
272 2243 405 2287 Dinge.
440 2260 483 2267 --
521 2253 623 2285 quon.
648 2243 768 2285 placet
793 2241 881 2283 tibi5
916 2240 987 2274 wie
1013 2252 1068 2286 ep.
1097 2242 1210 2283 hxn,
1236 2244 1269 2276 3.
1306 2243 1528 2287 vollst'aindig
1555 2244 1654 2291 gele·
1711 2232 1716 2281 ,4-

179 2301 243 2324 sen
277 2290 384 2323 wird.
421 2308 461 2313 —-
501 2290 740 2330 Candaviam,
783 2289 842 2323 die
877 2288 1077 2334 Bergkette
1117 2301 1164 2321 an
1198 2290 1265 2323 der
1298 2289 1548 2338 Nordgrenze
1584 2301 1655 2324 von

179 2337 438 2372 Macedonien.
478 2336 512 2370 s.
540 2338 631 2371 Plin.
661 2338 705 2370 Η.
733 2338 778 2370 Ν.
809 2336 879 2375 111,
907 2337 963 2370 23.
1000 2338 1137 2370 Lucan.
1172 2338 1232 2379 Vl,
1258 2339 1337 2373 331.
1372 2357 1415 2361 -
1450 2338 1493 2371 de
1528 2338 1654 2380 Epiro,
1710 2323 1713 2379 ἶ

179 2386 225 2420 ob
252 2385 316 2419 ich
342 2385 461 2417 durch
489 2385 625 2429 Epirus
651 2385 774 2429 gehen
801 2384 930 2417 wiirde
957 2384 1046 2417 oder
1073 2384 1193 2418 nicht.
1221 2406 1262 2411 —
1289 2385 1332 2417 ‹le
1347 2387 1482 2426 fratre
1508 2384 1653 2426 Quinto.

179 2434 314 2467 Dieser
340 2443 416 2466 war
442 2432 494 2465 im
521 2429 670 2479 Begriff
691 2444 751 2464 aus
779 2432 847 2465 der
874 2432 1036 2466 Provinz
1061 2432 1171 2466 Asien
1198 2432 1343 2466 zuriick
1358 2444 1406 2465 zu
1427 2431 1584 2466 kehren.
1613 2453 1650 2458 --

180 2482 261 2522 ubi,
288 2481 432 2514 Bentiv.
461 2480 532 2523 qui.
586 2481 665 2514 Una
699 2480 881 2512 dubitatio
908 2487 1075 2513 remanet
1100 2480 1139 2512 in
1165 2482 1226 2523 qni
1252 2481 1302 2514 sic
1327 2493 1362 2514 v.
1391 2481 1564 2524 quomodo
1590 2490 1652 2513 ex·
1708 2476 1711 2479 ’

179 2530 357 2575 cipiente.
406 2528 583 2562 Mallem:
615 2537 678 2559 nec
704 2528 877 2569 quomodo
903 2527 1038 2560 dimiss.
1078 2528 1271 2561 ORELLI.
1322 2527 1434 2561 Sinn:
1472 2527 1536 2561 ich
1568 2527 1651 2560 weis

179 2576 313 2616 nicht,
341 2576 414 2610 wie
441 2574 504 2609 ich
529 2575 655 2609 seinen
681 2575 838 2608 Anblick
866 2574 1079 2617 aushahen,
1106 2575 1206 2610 noch
1232 2576 1303 2610 wie
1328 2574 1392 2609 ich
1419 2574 1487 2608 ihn
1513 2575 1653 2609 wieder
1708 2587 1709 2590 ¹

178 2636 253 2659 von
278 2624 354 2658 mir
378 2636 425 2656 zu
450 2624 568 2656 lassen
593 2623 645 2655 im
670 2623 806 2655 Stande
831 2623 911 2656 sein
944 2623 1082 2656 werde.
1116 2625 1149 2657 S.
1176 2634 1233 2668 ep.
1259 2623 1395 2662 LXlll,
1422 2633 1481 2656 wo
1508 2633 1550 2657 er
1575 2622 1650 2655 sich

178 2673 238 2706 bei
264 2672 403 2706 seinem
429 2670 574 2705 Bruder
599 2671 808 2714 desswegen
835 2669 1112 2718 entschuldigt,
1147 2671 1228 2704 dass
1254 2681 1295 2704 er
1321 2670 1388 2703 ihn
1413 2669 1523 2703 nicht
1548 2679 1650 2717 gese-

176 2719 252 2754 hen
277 2719 372 2753 habe
398 2719 474 2752 und
510 2720 608 2752 dann
633 2724 733 2765 sagt:
768 2718 902 2751 deindo
935 2729 1155 2763 congressus
1193 2719 1312 2753 nostri
1345 2716 1648 2752 lamentationem
1703 2715 1733 2767 j*
