<?xml version="1.0" encoding="UTF-8"?>
<!DOCTYPE html PUBLIC "-//W3C//DTD XHTML 1.0 Transitional//EN"
    "http://www.w3.org/TR/xhtml1/DTD/xhtml1-transitional.dtd">
<html xmlns="http://www.w3.org/1999/xhtml" xml:lang="en" lang="en">
 <head>
  <title>
</title>
<meta http-equiv="Content-Type" content="text/html;charset=utf-8" />
  <meta name='ocr-system' content='tesseract 3.04.00' />
  <meta name='ocr-capabilities' content='ocr_page ocr_carea ocr_par ocr_line ocrx_word'/>
</head>
<body>
  <div class='ocr_page' id='page_1' title='image "./epistolaeadattic00ciceuoft_0564.png"; bbox 0 0 1742 3006; ppageno 0'>
   <div class='ocr_carea' id='block_1_1' title="bbox 200 101 1401 152">
    <p class='ocr_par' dir='ltr' id='par_1_1' title="bbox 200 101 1401 152">
     <span class='ocr_line' id='line_1_1' title="bbox 200 101 1401 152; baseline -0.002 -1"><span class='ocrx_word' id='word_1_1' title='bbox 200 102 296 152; x_wconf 81' lang='lat'><strong>544</strong></span> <span class='ocrx_word' id='word_1_2' title='bbox 481 103 545 148; x_wconf 85' lang='lat' dir='ltr'><strong>M.</strong></span> <span class='ocrx_word' id='word_1_3' title='bbox 575 105 632 147; x_wconf 85' lang='lat' dir='ltr'><strong>T.</strong></span> <span class='ocrx_word' id='word_1_4' title='bbox 663 101 1003 148; x_wconf 87' lang='lat' dir='ltr'><strong>CICERONIS</strong></span> <span class='ocrx_word' id='word_1_5' title='bbox 1033 105 1401 150; x_wconf 80' lang='lat' dir='ltr'><strong>EPISTOLAE.</strong></span> 
     </span>
    </p>
   </div>
   <div class='ocr_carea' id='block_1_2' title="bbox 201 214 1676 327">
    <p class='ocr_par' dir='ltr' id='par_1_2' title="bbox 201 214 1676 327">
     <span class='ocr_line' id='line_1_2' title="bbox 201 214 1676 272; baseline 0.001 -14"><span class='ocrx_word' id='word_1_6' title='bbox 201 216 337 258; x_wconf 88' lang='lat' dir='ltr'><strong>dilem</strong></span> <span class='ocrx_word' id='word_1_7' title='bbox 366 219 529 272; x_wconf 76' lang='lat' dir='ltr'><strong>putare.</strong></span> <span class='ocrx_word' id='word_1_8' title='bbox 597 214 761 259; x_wconf 84' lang='lat' dir='ltr'><strong>Omnia</strong></span> <span class='ocrx_word' id='word_1_9' title='bbox 790 216 886 260; x_wconf 87' lang='lat' dir='ltr'><strong>fere</strong></span> <span class='ocrx_word' id='word_1_10' title='bbox 923 216 1095 272; x_wconf 83' lang='lat' dir='ltr'><strong>scripsi.</strong></span> <span class='ocrx_word' id='word_1_11' title='bbox 1163 217 1308 271; x_wconf 84' lang='lat' dir='ltr'><strong>Cura,</strong></span> <span class='ocrx_word' id='word_1_12' title='bbox 1348 218 1408 260; x_wconf 90' lang='lat' dir='ltr'><strong>mi</strong></span> <span class='ocrx_word' id='word_1_13' title='bbox 1449 218 1676 261; x_wconf 73' lang='lat' dir='ltr'><strong>entissime</strong></span> 
     </span>
     <span class='ocr_line' id='line_1_3' title="bbox 202 271 629 327; baseline 0 -13"><span class='ocrx_word' id='word_1_14' title='bbox 202 273 366 327; x_wconf 81' lang='lat' dir='ltr'><strong>frater,</strong></span> <span class='ocrx_word' id='word_1_15' title='bbox 396 276 444 314; x_wconf 86' lang='lat' dir='ltr'><strong>ut</strong></span> <span class='ocrx_word' id='word_1_16' title='bbox 471 271 629 315; x_wconf 83' lang='lat' dir='ltr'><strong>valeas.</strong></span> 
     </span>
    </p>
   </div>
   <div class='ocr_carea' id='block_1_3' title="bbox 343 507 1531 625">
    <p class='ocr_par' dir='ltr' id='par_1_3' title="bbox 343 507 1531 625">
     <span class='ocr_line' id='line_1_4' title="bbox 354 507 1457 561; baseline -0.001 -9"><span class='ocrx_word' id='word_1_17' title='bbox 354 514 355 517; x_wconf 43' lang='lat'>¹</span> <span class='ocrx_word' id='word_1_18' title='bbox 411 507 725 552; x_wconf 77' lang='lat' dir='ltr'><strong>EPISTOLA</strong></span> <span class='ocrx_word' id='word_1_19' title='bbox 755 508 928 552; x_wconf 75' lang='lat' dir='ltr'><strong>cmx.</strong></span> <span class='ocrx_word' id='word_1_20' title='bbox 987 508 1064 561; x_wconf 77' lang='lat' dir='ltr'><strong>(ad</strong></span> <span class='ocrx_word' id='word_1_21' title='bbox 1093 508 1148 560; x_wconf 85' lang='lat' dir='ltr'><strong>Q.</strong></span> <span class='ocrx_word' id='word_1_22' title='bbox 1176 510 1253 552; x_wconf 76' lang='lat' dir='ltr'><strong>Fr.</strong></span> <span class='ocrx_word' id='word_1_23' title='bbox 1283 510 1367 551; x_wconf 82' lang='lat'><strong>111.</strong></span> <span class='ocrx_word' id='word_1_24' title='bbox 1399 510 1457 561; x_wconf 86' lang='lat'><strong>9.)</strong></span> 
     </span>
     <span class='ocr_line' id='line_1_5' title="bbox 343 584 1531 625; baseline 0 -7"><span class='ocrx_word' id='word_1_25' title='bbox 343 584 421 618; x_wconf 88' lang='lat' dir='ltr'><strong>Scr.</strong></span> <span class='ocrx_word' id='word_1_26' title='bbox 448 586 591 620; x_wconf 76' lang='lat' dir='ltr'><strong>Romae</strong></span> <span class='ocrx_word' id='word_1_27' title='bbox 615 587 727 620; x_wconf 84' lang='lat' dir='ltr'><strong>initio</strong></span> <span class='ocrx_word' id='word_1_28' title='bbox 753 586 954 622; x_wconf 79' lang='lat' dir='ltr'><strong>Decembr.</strong></span> <span class='ocrx_word' id='word_1_29' title='bbox 982 585 1023 619; x_wconf 87' lang='lat' dir='ltr'><strong>A.</strong></span> <span class='ocrx_word' id='word_1_30' title='bbox 1050 585 1096 620; x_wconf 85' lang='lat' dir='ltr'><strong>U.</strong></span> <span class='ocrx_word' id='word_1_31' title='bbox 1126 585 1166 619; x_wconf 90' lang='lat' dir='ltr'><strong>C.</strong></span> <span class='ocrx_word' id='word_1_32' title='bbox 1196 587 1278 622; x_wconf 81' lang='lat'><strong>70⁰.</strong></span> <span class='ocrx_word' id='word_1_33' title='bbox 1316 586 1363 625; x_wconf 75' lang='lat' dir='ltr'><strong>(a.</strong></span> <span class='ocrx_word' id='word_1_34' title='bbox 1392 586 1430 620; x_wconf 87' lang='lat' dir='ltr'><strong>C.</strong></span> <span class='ocrx_word' id='word_1_35' title='bbox 1458 584 1531 625; x_wconf 64' lang='lat'><strong>54.)</strong></span> 
     </span>
    </p>
   </div>
   <div class='ocr_carea' id='block_1_4' title="bbox 195 649 1674 747">
    <p class='ocr_par' dir='ltr' id='par_1_4' title="bbox 195 649 1674 747">
     <span class='ocr_line' id='line_1_6' title="bbox 195 649 1674 688; baseline -0.001 -6"><span class='ocrx_word' id='word_1_36' title='bbox 195 651 256 682; x_wconf 84' lang='lat' dir='ltr'><strong>De</strong></span> <span class='ocrx_word' id='word_1_37' title='bbox 289 650 454 686; x_wconf 79' lang='lat' dir='ltr'><strong>Gabinio</strong></span> <span class='ocrx_word' id='word_1_38' title='bbox 489 665 510 686; x_wconf 82' lang='lat' dir='ltr'><strong>a</strong></span> <span class='ocrx_word' id='word_1_39' title='bbox 544 664 581 686; x_wconf 82' lang='lat' dir='ltr'><strong>se</strong></span> <span class='ocrx_word' id='word_1_40' title='bbox 613 665 687 687; x_wconf 85' lang='lat' dir='ltr'><strong>non</strong></span> <span class='ocrx_word' id='word_1_41' title='bbox 721 654 887 688; x_wconf 81' lang='lat' dir='ltr'><strong>defenso.</strong></span> <span class='ocrx_word' id='word_1_42' title='bbox 915 655 947 687; x_wconf 87' lang='lat'><strong>1.</strong></span> <span class='ocrx_word' id='word_1_43' title='bbox 980 653 1026 686; x_wconf 79' lang='lat' dir='ltr'><strong>de</strong></span> <span class='ocrx_word' id='word_1_44' title='bbox 1052 652 1206 687; x_wconf 82' lang='lat' dir='ltr'>Milonis</span> <span class='ocrx_word' id='word_1_45' title='bbox 1239 652 1278 685; x_wconf 86' lang='lat' dir='ltr'><strong>in</strong></span> <span class='ocrx_word' id='word_1_46' title='bbox 1311 653 1403 686; x_wconf 84' lang='lat' dir='ltr'><strong>ludis</strong></span> <span class='ocrx_word' id='word_1_47' title='bbox 1437 649 1674 684; x_wconf 70' lang='lat' dir='ltr'>instituendis</span> 
     </span>
     <span class='ocr_line' id='line_1_7' title="bbox 195 699 1673 747; baseline 0.001 -16"><span class='ocrx_word' id='word_1_48' title='bbox 195 699 424 742; x_wconf 82' lang='lat' dir='ltr'><strong>profusione.</strong></span> <span class='ocrx_word' id='word_1_49' title='bbox 451 702 484 735; x_wconf 89' lang='lat'><strong>2.</strong></span> <span class='ocrx_word' id='word_1_50' title='bbox 527 702 572 733; x_wconf 88' lang='lat' dir='ltr'><strong>de</strong></span> <span class='ocrx_word' id='word_1_51' title='bbox 597 702 764 736; x_wconf 84' lang='lat' dir='ltr'><strong>motibus</strong></span> <span class='ocrx_word' id='word_1_52' title='bbox 790 702 967 747; x_wconf 79' lang='lat' dir='ltr'><strong>venientis</strong></span> <span class='ocrx_word' id='word_1_53' title='bbox 993 702 1088 735; x_wconf 79' lang='lat' dir='ltr'><strong>anni.</strong></span> <span class='ocrx_word' id='word_1_54' title='bbox 1115 702 1149 735; x_wconf 82' lang='lat'><strong>3.</strong></span> <span class='ocrx_word' id='word_1_55' title='bbox 1194 699 1238 732; x_wconf 86' lang='lat' dir='ltr'><strong>de</strong></span> <span class='ocrx_word' id='word_1_56' title='bbox 1265 701 1460 745; x_wconf 77' lang='lat' dir='ltr'><strong>mancipiis</strong></span> <span class='ocrx_word' id='word_1_57' title='bbox 1487 711 1506 731; x_wconf 84' lang='lat' dir='ltr'><strong>a</strong></span> <span class='ocrx_word' id='word_1_58' title='bbox 1534 699 1673 740; x_wconf 63' lang='lat' dir='ltr'><strong>Quinto</strong></span> 
     </span>
    </p>
   </div>
   <div class='ocr_carea' id='block_1_5' title="bbox 196 747 1742 795">
    <p class='ocr_par' dir='ltr' id='par_1_5' title="bbox 196 747 1742 795">
     <span class='ocr_line' id='line_1_8' title="bbox 196 747 1742 795; baseline -0.001 -15"><span class='ocrx_word' id='word_1_59' title='bbox 196 747 271 780; x_wconf 76' lang='lat' dir='ltr'><strong>sibi</strong></span> <span class='ocrx_word' id='word_1_60' title='bbox 295 748 477 782; x_wconf 84' lang='lat' dir='ltr'><strong>emendis.</strong></span> <span class='ocrx_word' id='word_1_61' title='bbox 505 749 538 782; x_wconf 83' lang='grc'><strong>4.</strong></span> <span class='ocrx_word' id='word_1_62' title='bbox 580 750 624 782; x_wconf 86' lang='lat' dir='ltr'><strong>de</strong></span> <span class='ocrx_word' id='word_1_63' title='bbox 658 751 816 795; x_wconf 81' lang='lat' dir='ltr'><strong>epistola</strong></span> <span class='ocrx_word' id='word_1_64' title='bbox 850 750 1000 782; x_wconf 76' lang='lat' dir='ltr'><strong>Vatinii.</strong></span> <span class='ocrx_word' id='word_1_65' title='bbox 1027 751 1063 785; x_wconf 75' lang='lat'><strong>5.</strong></span> <span class='ocrx_word' id='word_1_66' title='bbox 1106 749 1152 782; x_wconf 82' lang='lat' dir='ltr'><strong>de</strong></span> <span class='ocrx_word' id='word_1_67' title='bbox 1186 750 1361 793; x_wconf 66' lang='lat' dir='ltr'><strong>poemate</strong></span> <span class='ocrx_word' id='word_1_68' title='bbox 1394 748 1438 780; x_wconf 81' lang='lat' dir='ltr'><strong>ad</strong></span> <span class='ocrx_word' id='word_1_69' title='bbox 1473 748 1672 780; x_wconf 80' lang='lat' dir='ltr'><strong>Caesarem</strong></span> <span class='ocrx_word' id='word_1_70' title='bbox 1740 762 1742 765; x_wconf 54' lang='lat'><strong>⁴</strong></span> 
     </span>
    </p>
   </div>
   <div class='ocr_carea' id='block_1_6' title="bbox 196 794 1674 889">
    <p class='ocr_par' dir='ltr' id='par_1_6' title="bbox 196 794 1674 889">
     <span class='ocr_line' id='line_1_9' title="bbox 196 794 1674 845; baseline 0 -16"><span class='ocrx_word' id='word_1_71' title='bbox 196 796 380 832; x_wconf 76' lang='lat' dir='ltr'><strong>absoluto.</strong></span> <span class='ocrx_word' id='word_1_72' title='bbox 414 798 448 833; x_wconf 85' lang='lat'><strong>6.</strong></span> <span class='ocrx_word' id='word_1_73' title='bbox 494 797 539 830; x_wconf 86' lang='lat' dir='ltr'><strong>de</strong></span> <span class='ocrx_word' id='word_1_74' title='bbox 578 798 708 845; x_wconf 79' lang='lat' dir='ltr'><strong>Quinti</strong></span> <span class='ocrx_word' id='word_1_75' title='bbox 744 798 937 833; x_wconf 77' lang='lat' dir='ltr'><strong>aedificiis.</strong></span> <span class='ocrx_word' id='word_1_76' title='bbox 966 800 997 832; x_wconf 87' lang='lat'><strong>7.</strong></span> <span class='ocrx_word' id='word_1_77' title='bbox 1032 797 1076 830; x_wconf 79' lang='lat' dir='ltr'><strong>de</strong></span> <span class='ocrx_word' id='word_1_78' title='bbox 1108 796 1246 832; x_wconf 86' lang='lat' dir='ltr'><strong>Felicis</strong></span> <span class='ocrx_word' id='word_1_79' title='bbox 1281 802 1517 830; x_wconf 71' lang='lat' dir='ltr'><strong>testamento.</strong></span> <span class='ocrx_word' id='word_1_80' title='bbox 1550 796 1583 830; x_wconf 80' lang='lat'><strong>8.</strong></span> <span class='ocrx_word' id='word_1_81' title='bbox 1628 794 1674 827; x_wconf 84' lang='lat' dir='ltr'><strong>de</strong></span> 
     </span>
     <span class='ocr_line' id='line_1_10' title="bbox 785 846 1085 889; baseline 0.007 -10"><span class='ocrx_word' id='word_1_82' title='bbox 785 846 915 889; x_wconf 77' lang='lat' dir='ltr'><strong>Quinti</strong></span> <span class='ocrx_word' id='word_1_83' title='bbox 941 846 1022 879; x_wconf 78' lang='lat' dir='ltr'><strong>filio</strong></span> <span class='ocrx_word' id='word_1_84' title='bbox 1048 847 1085 881; x_wconf 87' lang='grc'><strong>9.</strong></span> 
     </span>
    </p>
   </div>
   <div class='ocr_carea' id='block_1_7' title="bbox 661 930 1206 979">
    <p class='ocr_par' dir='ltr' id='par_1_7' title="bbox 661 930 1206 979">
     <span class='ocr_line' id='line_1_11' title="bbox 661 930 1206 979; baseline -0.002 -10"><span class='ocrx_word' id='word_1_85' title='bbox 661 933 865 969; x_wconf 75' lang='lat' dir='ltr'>MARCUS</span> <span class='ocrx_word' id='word_1_86' title='bbox 891 935 934 979; x_wconf 87' lang='lat' dir='ltr'><strong>Q.</strong></span> <span class='ocrx_word' id='word_1_87' title='bbox 960 932 1145 967; x_wconf 78' lang='lat' dir='ltr'><strong>FRATRI</strong></span> <span class='ocrx_word' id='word_1_88' title='bbox 1171 930 1206 969; x_wconf 83' lang='lat' dir='ltr'><strong>S.</strong></span> 
     </span>
    </p>
   </div>
   <div class='ocr_carea' id='block_1_8' title="bbox 304 990 1742 1053">
    <p class='ocr_par' dir='ltr' id='par_1_8' title="bbox 304 990 1742 1053">
     <span class='ocr_line' id='line_1_12' title="bbox 304 990 1742 1053; baseline -0.004 -10"><span class='ocrx_word' id='word_1_89' title='bbox 304 1002 378 1043; x_wconf 90' lang='lat' dir='ltr'><strong>De</strong></span> <span class='ocrx_word' id='word_1_90' title='bbox 419 1001 634 1053; x_wconf 84' lang='lat' dir='ltr'><strong>Gabinio,</strong></span> <span class='ocrx_word' id='word_1_91' title='bbox 688 1000 803 1041; x_wconf 87' lang='lat' dir='ltr'><strong>nihil</strong></span> <span class='ocrx_word' id='word_1_92' title='bbox 855 1000 942 1041; x_wconf 82' lang='lat' dir='ltr'><strong>fuit</strong></span> <span class='ocrx_word' id='word_1_93' title='bbox 988 999 1244 1041; x_wconf 85' lang='lat' dir='ltr'><strong>faciendum</strong></span> <span class='ocrx_word' id='word_1_94' title='bbox 1291 997 1502 1050; x_wconf 77' lang='lat' dir='ltr'><strong>istorum,</strong></span> <span class='ocrx_word' id='word_1_95' title='bbox 1555 1010 1670 1052; x_wconf 82' lang='lat' dir='ltr'><strong>quae</strong></span> <span class='ocrx_word' id='word_1_96' title='bbox 1734 990 1742 1037; x_wconf 68' lang='lat' dir='ltr'><strong><em>J</em></strong></span> 
     </span>
    </p>
   </div>
   <div class='ocr_carea' id='block_1_9' title="bbox 191 1052 1672 1278">
    <p class='ocr_par' dir='ltr' id='par_1_9' title="bbox 191 1052 1672 1278">
     <span class='ocr_line' id='line_1_13' title="bbox 195 1052 1672 1111; baseline -0.004 -12"><span class='ocrx_word' id='word_1_97' title='bbox 195 1058 499 1099; x_wconf 80' lang='lat' dir='ltr'><strong>amantissime</strong></span> <span class='ocrx_word' id='word_1_98' title='bbox 540 1058 740 1111; x_wconf 76' lang='lat' dir='ltr'><strong>cogitata</strong></span> <span class='ocrx_word' id='word_1_99' title='bbox 779 1061 892 1096; x_wconf 80' lang='lat' dir='ltr'><strong>sunt.</strong></span> <span class='ocrx_word' id='word_1_100' title='bbox 963 1055 1053 1094; x_wconf 82' lang='grc' dir='ltr'>Τότε</span> <span class='ocrx_word' id='word_1_101' title='bbox 1080 1069 1147 1105; x_wconf 83' lang='grc' dir='ltr'><strong>μοι</strong></span> <span class='ocrx_word' id='word_1_102' title='bbox 1175 1052 1298 1101; x_wconf 79' lang='grc' dir='ltr'><strong>χάνοι.</strong></span> <span class='ocrx_word' id='word_1_103' title='bbox 1354 1054 1464 1094; x_wconf 84' lang='lat' dir='ltr'><strong>Feci</strong></span> <span class='ocrx_word' id='word_1_104' title='bbox 1502 1066 1672 1094; x_wconf 82' lang='lat' dir='ltr'><strong>summa</strong></span> 
     </span>
     <span class='ocr_line' id='line_1_14' title="bbox 192 1110 1672 1168; baseline -0.003 -14"><span class='ocrx_word' id='word_1_105' title='bbox 192 1126 295 1154; x_wconf 90' lang='lat' dir='ltr'><strong>cum</strong></span> <span class='ocrx_word' id='word_1_106' title='bbox 323 1114 572 1168; x_wconf 79' lang='lat' dir='ltr'><strong>gravitate,</strong></span> <span class='ocrx_word' id='word_1_107' title='bbox 605 1118 650 1152; x_wconf 80' lang='lat' dir='ltr'><strong>ut</strong></span> <span class='ocrx_word' id='word_1_108' title='bbox 679 1125 830 1152; x_wconf 88' lang='lat' dir='ltr'><strong>omnes</strong></span> <span class='ocrx_word' id='word_1_109' title='bbox 861 1112 1082 1162; x_wconf 83' lang='lat' dir='ltr'><strong>sentiunt,</strong></span> <span class='ocrx_word' id='word_1_110' title='bbox 1112 1114 1157 1151; x_wconf 86' lang='lat' dir='ltr'><strong>et</strong></span> <span class='ocrx_word' id='word_1_111' title='bbox 1186 1123 1354 1151; x_wconf 83' lang='lat' dir='ltr'><strong>summa</strong></span> <span class='ocrx_word' id='word_1_112' title='bbox 1382 1123 1482 1150; x_wconf 88' lang='lat' dir='ltr'><strong>cum</strong></span> <span class='ocrx_word' id='word_1_113' title='bbox 1512 1110 1672 1150; x_wconf 83' lang='lat' dir='ltr'><strong>lenita-</strong></span> 
     </span>
     <span class='ocr_line' id='line_1_15' title="bbox 191 1166 1671 1223; baseline -0.003 -13"><span class='ocrx_word' id='word_1_114' title='bbox 191 1172 252 1221; x_wconf 80' lang='lat' dir='ltr'><strong>te,</strong></span> <span class='ocrx_word' id='word_1_115' title='bbox 283 1183 395 1223; x_wconf 82' lang='lat' dir='ltr'><strong>quae</strong></span> <span class='ocrx_word' id='word_1_116' title='bbox 425 1168 537 1208; x_wconf 81' lang='lat' dir='ltr'><strong>feci:</strong></span> <span class='ocrx_word' id='word_1_117' title='bbox 568 1168 698 1207; x_wconf 87' lang='lat' dir='ltr'><strong>illum</strong></span> <span class='ocrx_word' id='word_1_118' title='bbox 729 1181 871 1221; x_wconf 89' lang='lat' dir='ltr'><strong>neque</strong></span> <span class='ocrx_word' id='word_1_119' title='bbox 900 1168 993 1207; x_wconf 81' lang='lat' dir='ltr'><strong>ursi</strong></span> <span class='ocrx_word' id='word_1_120' title='bbox 1023 1179 1164 1220; x_wconf 85' lang='lat' dir='ltr'><strong>neque</strong></span> <span class='ocrx_word' id='word_1_121' title='bbox 1190 1166 1352 1207; x_wconf 74' lang='lat' dir='ltr'><strong>levavi.</strong></span> <span class='ocrx_word' id='word_1_122' title='bbox 1413 1166 1565 1206; x_wconf 78' lang='lat' dir='ltr'><strong>Testis</strong></span> <span class='ocrx_word' id='word_1_123' title='bbox 1595 1179 1671 1205; x_wconf 78' lang='lat' dir='ltr'><strong>ve-</strong></span> 
     </span>
     <span class='ocr_line' id='line_1_16' title="bbox 192 1221 1670 1278; baseline -0.003 -13"><span class='ocrx_word' id='word_1_124' title='bbox 192 1223 375 1265; x_wconf 88' lang='lat' dir='ltr'><strong>hemens</strong></span> <span class='ocrx_word' id='word_1_125' title='bbox 415 1223 504 1264; x_wconf 88' lang='lat' dir='ltr'><strong>sui:</strong></span> <span class='ocrx_word' id='word_1_126' title='bbox 545 1227 779 1278; x_wconf 85' lang='lat' dir='ltr'><strong>praeterea</strong></span> <span class='ocrx_word' id='word_1_127' title='bbox 817 1223 984 1277; x_wconf 85' lang='lat' dir='ltr'><strong>quievi.</strong></span> <span class='ocrx_word' id='word_1_128' title='bbox 1054 1223 1244 1262; x_wconf 83' lang='lat' dir='ltr'><strong>Exitum</strong></span> <span class='ocrx_word' id='word_1_129' title='bbox 1289 1221 1451 1261; x_wconf 88' lang='lat' dir='ltr'><strong>iudicii</strong></span> <span class='ocrx_word' id='word_1_130' title='bbox 1492 1221 1670 1261; x_wconf 82' lang='lat' dir='ltr'><strong>foedum</strong></span> 
     </span>
    </p>
   </div>
   <div class='ocr_carea' id='block_1_10' title="bbox 192 1277 1742 1340">
    <p class='ocr_par' dir='ltr' id='par_1_10' title="bbox 192 1277 1742 1340">
     <span class='ocr_line' id='line_1_17' title="bbox 192 1277 1742 1340; baseline -0.003 -19"><span class='ocrx_word' id='word_1_131' title='bbox 192 1284 240 1321; x_wconf 82' lang='lat' dir='ltr'><strong>et</strong></span> <span class='ocrx_word' id='word_1_132' title='bbox 267 1280 569 1334; x_wconf 76' lang='lat' dir='ltr'><strong>perniciosum</strong></span> <span class='ocrx_word' id='word_1_133' title='bbox 599 1279 827 1320; x_wconf 87' lang='lat' dir='ltr'><strong>levissime</strong></span> <span class='ocrx_word' id='word_1_134' title='bbox 856 1279 956 1320; x_wconf 89' lang='lat' dir='ltr'><strong>tuli.</strong></span> <span class='ocrx_word' id='word_1_135' title='bbox 1025 1277 1157 1327; x_wconf 82' lang='lat' dir='ltr'>Quod</span> <span class='ocrx_word' id='word_1_136' title='bbox 1189 1277 1370 1331; x_wconf 89' lang='lat' dir='ltr'><strong>quidem</strong></span> <span class='ocrx_word' id='word_1_137' title='bbox 1399 1278 1561 1318; x_wconf 90' lang='lat' dir='ltr'><strong>bonum</strong></span> <span class='ocrx_word' id='word_1_138' title='bbox 1589 1278 1671 1317; x_wconf 86' lang='lat' dir='ltr'><strong>mi-</strong></span> <span class='ocrx_word' id='word_1_139' title='bbox 1740 1335 1742 1340; x_wconf 31' lang='grc' dir='ltr'>Ι</span> 
     </span>
    </p>
   </div>
   <div class='ocr_carea' id='block_1_11' title="bbox 190 1395 1671 1491">
    <p class='ocr_par' dir='ltr' id='par_1_11' title="bbox 190 1395 1671 1491">
     <span class='ocr_line' id='line_1_18' title="bbox 191 1395 1671 1445; baseline 0.001 -13"><span class='ocrx_word' id='word_1_140' title='bbox 191 1397 317 1433; x_wconf 81' lang='lat' dir='ltr'><strong>dieser</strong></span> <span class='ocrx_word' id='word_1_141' title='bbox 341 1397 594 1445; x_wconf 84' lang='lat' dir='ltr'><strong>Gelegenheit</strong></span> <span class='ocrx_word' id='word_1_142' title='bbox 617 1397 730 1443; x_wconf 83' lang='lat' dir='ltr'><strong>grade</strong></span> <span class='ocrx_word' id='word_1_143' title='bbox 763 1396 966 1439; x_wconf 81' lang='lat' dir='ltr'><strong>Desshalb‚</strong></span> <span class='ocrx_word' id='word_1_144' title='bbox 998 1396 1086 1430; x_wconf 88' lang='lat' dir='ltr'><strong>weil</strong></span> <span class='ocrx_word' id='word_1_145' title='bbox 1119 1407 1158 1430; x_wconf 89' lang='lat' dir='ltr'><strong>er</strong></span> <span class='ocrx_word' id='word_1_146' title='bbox 1190 1395 1301 1429; x_wconf 85' lang='lat' dir='ltr'><strong>nicht</strong></span> <span class='ocrx_word' id='word_1_147' title='bbox 1331 1396 1370 1429; x_wconf 88' lang='lat' dir='ltr'><strong>in</strong></span> <span class='ocrx_word' id='word_1_148' title='bbox 1405 1397 1527 1431; x_wconf 88' lang='lat' dir='ltr'><strong>einem</strong></span> <span class='ocrx_word' id='word_1_149' title='bbox 1560 1396 1671 1433; x_wconf 82' lang='lat' dir='ltr'><strong>Amte</strong></span> 
     </span>
     <span class='ocr_line' id='line_1_19' title="bbox 190 1443 1671 1491; baseline -0.001 -10"><span class='ocrx_word' id='word_1_150' title='bbox 190 1458 290 1488; x_wconf 83' lang='lat' dir='ltr'><strong>war,</strong></span> <span class='ocrx_word' id='word_1_151' title='bbox 316 1458 392 1482; x_wconf 88' lang='lat' dir='ltr'><strong>was</strong></span> <span class='ocrx_word' id='word_1_152' title='bbox 416 1446 483 1480; x_wconf 87' lang='lat' dir='ltr'><strong>ihn</strong></span> <span class='ocrx_word' id='word_1_153' title='bbox 509 1447 604 1480; x_wconf 82' lang='lat' dir='ltr'><strong>dazu</strong></span> <span class='ocrx_word' id='word_1_154' title='bbox 630 1445 843 1489; x_wconf 84' lang='lat' dir='ltr'><strong>berechtigt</strong></span> <span class='ocrx_word' id='word_1_155' title='bbox 862 1445 951 1478; x_wconf 85' lang='lat' dir='ltr'><strong>oder</strong></span> <span class='ocrx_word' id='word_1_156' title='bbox 966 1445 1230 1491; x_wconf 80' lang='lat' dir='ltr'><strong>aufgefordert</strong></span> <span class='ocrx_word' id='word_1_157' title='bbox 1245 1443 1362 1478; x_wconf 61' lang='lat' dir='ltr'><strong>hatte.</strong></span> <span class='ocrx_word' id='word_1_158' title='bbox 1411 1445 1671 1480; x_wconf 79' lang='lat' dir='ltr'><strong>Vorschiitzen</strong></span> 
     </span>
    </p>
   </div>
   <div class='ocr_carea' id='block_1_12' title="bbox 191 1491 1742 1538">
    <p class='ocr_par' dir='ltr' id='par_1_12' title="bbox 191 1491 1742 1538">
     <span class='ocr_line' id='line_1_20' title="bbox 191 1491 1742 1538; baseline -0.001 -10"><span class='ocrx_word' id='word_1_159' title='bbox 191 1494 337 1529; x_wconf 78' lang='lat' dir='ltr'><strong>konnte</strong></span> <span class='ocrx_word' id='word_1_160' title='bbox 362 1506 406 1529; x_wconf 86' lang='lat' dir='ltr'><strong>er</strong></span> <span class='ocrx_word' id='word_1_161' title='bbox 430 1495 538 1536; x_wconf 88' lang='lat' dir='ltr'><strong>aber,</strong></span> <span class='ocrx_word' id='word_1_162' title='bbox 571 1494 656 1527; x_wconf 80' lang='lat' dir='ltr'><strong>dass</strong></span> <span class='ocrx_word' id='word_1_163' title='bbox 689 1504 732 1527; x_wconf 86' lang='lat' dir='ltr'><strong>er</strong></span> <span class='ocrx_word' id='word_1_164' title='bbox 763 1494 816 1527; x_wconf 83' lang='lat' dir='ltr'><strong>ais</strong></span> <span class='ocrx_word' id='word_1_165' title='bbox 850 1493 1067 1538; x_wconf 81' lang='lat' dir='ltr'><strong>Haupterbe</strong></span> <span class='ocrx_word' id='word_1_166' title='bbox 1100 1493 1162 1526; x_wconf 85' lang='lat' dir='ltr'><strong>des</strong></span> <span class='ocrx_word' id='word_1_167' title='bbox 1194 1491 1246 1525; x_wconf 84' lang='lat' dir='ltr'><strong>im</strong></span> <span class='ocrx_word' id='word_1_168' title='bbox 1272 1492 1381 1526; x_wconf 83' lang='lat' dir='ltr'><strong>Amte</strong></span> <span class='ocrx_word' id='word_1_169' title='bbox 1406 1494 1670 1528; x_wconf 84' lang='lat' dir='ltr'><strong>verstorbenen</strong></span> <span class='ocrx_word' id='word_1_170' title='bbox 1739 1511 1742 1514; x_wconf 50' lang='lat'><strong>⁴</strong></span> 
     </span>
    </p>
   </div>
   <div class='ocr_carea' id='block_1_13' title="bbox 183 1540 1672 2256">
    <p class='ocr_par' dir='ltr' id='par_1_13' title="bbox 183 1540 1672 2256">
     <span class='ocr_line' id='line_1_21' title="bbox 191 1540 1670 1589; baseline -0.001 -13"><span class='ocrx_word' id='word_1_171' title='bbox 191 1543 349 1577; x_wconf 84' lang='lat' dir='ltr'><strong>Aedilen</strong></span> <span class='ocrx_word' id='word_1_172' title='bbox 382 1542 464 1576; x_wconf 86' lang='lat' dir='ltr'><strong>sich</strong></span> <span class='ocrx_word' id='word_1_173' title='bbox 499 1544 564 1576; x_wconf 77' lang='lat' dir='ltr'><strong>fiir</strong></span> <span class='ocrx_word' id='word_1_174' title='bbox 596 1541 844 1587; x_wconf 82' lang='lat' dir='ltr'><strong>verpflichtet</strong></span> <span class='ocrx_word' id='word_1_175' title='bbox 876 1540 999 1586; x_wconf 51' lang='lat' dir='ltr'><strong>halte0,</strong></span> <span class='ocrx_word' id='word_1_176' title='bbox 1038 1541 1077 1573; x_wconf 87' lang='lat' dir='ltr'><strong>in</strong></span> <span class='ocrx_word' id='word_1_177' title='bbox 1110 1541 1237 1574; x_wconf 83' lang='lat' dir='ltr'><strong>dessen</strong></span> <span class='ocrx_word' id='word_1_178' title='bbox 1278 1541 1423 1574; x_wconf 82' lang='lat' dir='ltr'><strong>Namen</strong></span> <span class='ocrx_word' id='word_1_179' title='bbox 1463 1542 1670 1589; x_wconf 83' lang='lat' dir='ltr'><strong>gleichsam</strong></span> 
     </span>
     <span class='ocr_line' id='line_1_22' title="bbox 192 1588 1672 1635; baseline 0 -10"><span class='ocrx_word' id='word_1_180' title='bbox 192 1591 293 1625; x_wconf 82' lang='lat' dir='ltr'><strong>diese</strong></span> <span class='ocrx_word' id='word_1_181' title='bbox 326 1590 468 1625; x_wconf 78' lang='lat' dir='ltr'><strong>Schuld</strong></span> <span class='ocrx_word' id='word_1_182' title='bbox 503 1590 588 1623; x_wconf 89' lang='lat' dir='ltr'><strong>dem</strong></span> <span class='ocrx_word' id='word_1_183' title='bbox 622 1589 744 1623; x_wconf 80' lang='lat' dir='ltr'><strong>Volke</strong></span> <span class='ocrx_word' id='word_1_184' title='bbox 775 1590 1018 1632; x_wconf 83' lang='lat' dir='ltr'><strong>abzutragen.</strong></span> <span class='ocrx_word' id='word_1_185' title='bbox 1086 1589 1194 1623; x_wconf 88' lang='lat' dir='ltr'><strong>Denn</strong></span> <span class='ocrx_word' id='word_1_186' title='bbox 1225 1588 1286 1621; x_wconf 89' lang='lat' dir='ltr'><strong>ein</strong></span> <span class='ocrx_word' id='word_1_187' title='bbox 1323 1589 1531 1635; x_wconf 60' lang='lat' dir='ltr'><strong>gewiihlter</strong></span> <span class='ocrx_word' id='word_1_188' title='bbox 1562 1590 1672 1625; x_wconf 85' lang='lat' dir='ltr'><strong>Aedil</strong></span> 
     </span>
     <span class='ocr_line' id='line_1_23' title="bbox 190 1636 1670 1686; baseline 0 -14"><span class='ocrx_word' id='word_1_189' title='bbox 190 1645 330 1673; x_wconf 81' lang='lat' dir='ltr'><strong>musste</strong></span> <span class='ocrx_word' id='word_1_190' title='bbox 354 1637 555 1686; x_wconf 63' lang='lat' dir='ltr'><strong>prachtige</strong></span> <span class='ocrx_word' id='word_1_191' title='bbox 580 1637 656 1672; x_wconf 84' lang='lat' dir='ltr'><strong>und</strong></span> <span class='ocrx_word' id='word_1_192' title='bbox 683 1637 886 1685; x_wconf 74' lang='lat' dir='ltr'><strong>gl&#39;anzende</strong></span> <span class='ocrx_word' id='word_1_193' title='bbox 919 1636 1042 1681; x_wconf 82' lang='lat' dir='ltr'><strong>Spiele</strong></span> <span class='ocrx_word' id='word_1_194' title='bbox 1073 1636 1265 1670; x_wconf 73' lang='lat' dir='ltr'><strong>austellen.</strong></span> <span class='ocrx_word' id='word_1_195' title='bbox 1300 1636 1333 1669; x_wconf 90' lang='lat' dir='ltr'><strong>S.</strong></span> <span class='ocrx_word' id='word_1_196' title='bbox 1363 1637 1441 1672; x_wconf 86' lang='lat' dir='ltr'><strong>Cic.</strong></span> <span class='ocrx_word' id='word_1_197' title='bbox 1466 1638 1510 1671; x_wconf 85' lang='lat' dir='ltr'><strong>de</strong></span> <span class='ocrx_word' id='word_1_198' title='bbox 1538 1639 1670 1673; x_wconf 83' lang='lat' dir='ltr'><strong>Officc.</strong></span> 
     </span>
     <span class='ocr_line' id='line_1_24' title="bbox 191 1683 1671 1732; baseline 0 -11"><span class='ocrx_word' id='word_1_199' title='bbox 191 1686 245 1728; x_wconf 92' lang='lat'><strong>11,</strong></span> <span class='ocrx_word' id='word_1_200' title='bbox 272 1688 328 1726; x_wconf 78' lang='lat'><strong>16,</strong></span> <span class='ocrx_word' id='word_1_201' title='bbox 353 1688 410 1722; x_wconf 86' lang='lat'><strong>57.</strong></span> <span class='ocrx_word' id='word_1_202' title='bbox 437 1705 482 1711; x_wconf 94' lang='lat'><em>-</em></span> <span class='ocrx_word' id='word_1_203' title='bbox 508 1686 571 1720; x_wconf 90' lang='lat' dir='ltr'><strong>vel</strong></span> <span class='ocrx_word' id='word_1_204' title='bbox 596 1686 682 1730; x_wconf 79' lang='lat' dir='ltr'><strong>quia</strong></span> <span class='ocrx_word' id='word_1_205' title='bbox 712 1710 722 1719; x_wconf 86' lang='lat'><strong>.</strong></span> <span class='ocrx_word' id='word_1_206' title='bbox 757 1710 764 1717; x_wconf 95' lang='lat'><strong>.</strong></span> <span class='ocrx_word' id='word_1_207' title='bbox 801 1708 811 1719; x_wconf 92' lang='lat'><strong>.</strong></span> <span class='ocrx_word' id='word_1_208' title='bbox 844 1689 992 1728; x_wconf 81' lang='lat' dir='ltr'><strong>putare,</strong></span> <span class='ocrx_word' id='word_1_209' title='bbox 1027 1685 1118 1719; x_wconf 84' lang='lat' dir='ltr'><strong>oder</strong></span> <span class='ocrx_word' id='word_1_210' title='bbox 1150 1683 1239 1718; x_wconf 86' lang='lat' dir='ltr'><strong>weil</strong></span> <span class='ocrx_word' id='word_1_211' title='bbox 1273 1694 1316 1717; x_wconf 85' lang='lat' dir='ltr'><strong>er</strong></span> <span class='ocrx_word' id='word_1_212' title='bbox 1344 1683 1427 1718; x_wconf 86' lang='lat' dir='ltr'><strong>sich</strong></span> <span class='ocrx_word' id='word_1_213' title='bbox 1461 1686 1671 1732; x_wconf 83' lang='lat' dir='ltr'><strong>eigentlich</strong></span> 
     </span>
     <span class='ocr_line' id='line_1_25' title="bbox 190 1731 1668 1774; baseline 0.001 -7"><span class='ocrx_word' id='word_1_214' title='bbox 190 1733 292 1768; x_wconf 81' lang='lat' dir='ltr'><strong>doch</strong></span> <span class='ocrx_word' id='word_1_215' title='bbox 316 1746 388 1767; x_wconf 88' lang='lat' dir='ltr'><strong>nur</strong></span> <span class='ocrx_word' id='word_1_216' title='bbox 411 1735 466 1768; x_wconf 80' lang='lat' dir='ltr'><strong>als</strong></span> <span class='ocrx_word' id='word_1_217' title='bbox 491 1733 601 1767; x_wconf 86' lang='lat' dir='ltr'><strong>einen</strong></span> <span class='ocrx_word' id='word_1_218' title='bbox 616 1733 866 1774; x_wconf 82' lang='lat' dir='ltr'><strong>Erbmeister‚</strong></span> <span class='ocrx_word' id='word_1_219' title='bbox 892 1733 999 1767; x_wconf 87' lang='lat' dir='ltr'><strong>nicht</strong></span> <span class='ocrx_word' id='word_1_220' title='bbox 1016 1734 1070 1766; x_wconf 81' lang='lat' dir='ltr'><strong>ais</strong></span> <span class='ocrx_word' id='word_1_221' title='bbox 1095 1732 1203 1765; x_wconf 87' lang='lat' dir='ltr'><strong>einen</strong></span> <span class='ocrx_word' id='word_1_222' title='bbox 1223 1731 1330 1766; x_wconf 83' lang='lat' dir='ltr'><strong>Aedil</strong></span> <span class='ocrx_word' id='word_1_223' title='bbox 1355 1732 1520 1766; x_wconf 84' lang='lat' dir='ltr'><strong>ansehen</strong></span> <span class='ocrx_word' id='word_1_224' title='bbox 1545 1733 1668 1768; x_wconf 89' lang='lat' dir='ltr'><strong>konn-</strong></span> 
     </span>
     <span class='ocr_line' id='line_1_26' title="bbox 190 1779 1669 1825; baseline 0.001 -10"><span class='ocrx_word' id='word_1_225' title='bbox 190 1785 252 1825; x_wconf 75' lang='lat' dir='ltr'><strong>te3</strong></span> <span class='ocrx_word' id='word_1_226' title='bbox 275 1781 375 1816; x_wconf 80' lang='lat' dir='ltr'><strong>denn</strong></span> <span class='ocrx_word' id='word_1_227' title='bbox 400 1782 570 1815; x_wconf 80' lang='lat' dir='ltr'><strong>letzteres</strong></span> <span class='ocrx_word' id='word_1_228' title='bbox 595 1792 676 1815; x_wconf 87' lang='lat' dir='ltr'><strong>war</strong></span> <span class='ocrx_word' id='word_1_229' title='bbox 700 1791 742 1814; x_wconf 84' lang='lat' dir='ltr'><strong>er</strong></span> <span class='ocrx_word' id='word_1_230' title='bbox 768 1779 886 1814; x_wconf 87' lang='lat' dir='ltr'><strong>nicht.</strong></span> <span class='ocrx_word' id='word_1_231' title='bbox 913 1781 938 1815; x_wconf 91' lang='lat' dir='ltr'><strong>i.</strong></span> <span class='ocrx_word' id='word_1_232' title='bbox 957 1791 988 1814; x_wconf 87' lang='lat' dir='ltr'><strong>e.</strong></span> <span class='ocrx_word' id='word_1_233' title='bbox 1015 1780 1135 1825; x_wconf 87' lang='lat' dir='ltr'><strong>quod,</strong></span> <span class='ocrx_word' id='word_1_234' title='bbox 1161 1780 1305 1814; x_wconf 86' lang='lat' dir='ltr'><strong>etiamsi</strong></span> <span class='ocrx_word' id='word_1_235' title='bbox 1332 1780 1441 1814; x_wconf 80' lang='lat' dir='ltr'><strong>heres</strong></span> <span class='ocrx_word' id='word_1_236' title='bbox 1459 1788 1552 1815; x_wconf 85' lang='lat' dir='ltr'><strong>esset</strong></span> <span class='ocrx_word' id='word_1_237' title='bbox 1566 1783 1669 1816; x_wconf 85' lang='lat' dir='ltr'><strong>aedi-</strong></span> 
     </span>
     <span class='ocr_line' id='line_1_27' title="bbox 188 1828 1668 1877; baseline 0.001 -14"><span class='ocrx_word' id='word_1_238' title='bbox 188 1828 238 1863; x_wconf 80' lang='lat' dir='ltr'><strong>lis</strong></span> <span class='ocrx_word' id='word_1_239' title='bbox 269 1829 461 1863; x_wconf 82' lang='lat' dir='ltr'><strong>cuiusdam</strong></span> <span class='ocrx_word' id='word_1_240' title='bbox 495 1830 536 1862; x_wconf 87' lang='lat' dir='ltr'><strong>in</strong></span> <span class='ocrx_word' id='word_1_241' title='bbox 568 1829 791 1877; x_wconf 82' lang='lat' dir='ltr'><strong>magistratu</strong></span> <span class='ocrx_word' id='word_1_242' title='bbox 827 1829 986 1870; x_wconf 85' lang='lat' dir='ltr'><strong>mortui,</strong></span> <span class='ocrx_word' id='word_1_243' title='bbox 1028 1839 1103 1862; x_wconf 91' lang='lat' dir='ltr'><strong>non</strong></span> <span class='ocrx_word' id='word_1_244' title='bbox 1135 1834 1263 1861; x_wconf 86' lang='lat' dir='ltr'><strong>tamen</strong></span> <span class='ocrx_word' id='word_1_245' title='bbox 1295 1828 1338 1861; x_wconf 85' lang='lat' dir='ltr'><strong>ab</strong></span> <span class='ocrx_word' id='word_1_246' title='bbox 1375 1839 1418 1862; x_wconf 91' lang='lat' dir='ltr'><strong>eo</strong></span> <span class='ocrx_word' id='word_1_247' title='bbox 1460 1831 1668 1874; x_wconf 80' lang='lat' dir='ltr'><strong>exspectari</strong></span> 
     </span>
     <span class='ocr_line' id='line_1_28' title="bbox 188 1875 1666 1922; baseline 0.001 -12"><span class='ocrx_word' id='word_1_248' title='bbox 188 1882 340 1922; x_wconf 81' lang='lat' dir='ltr'><strong>poterat</strong></span> <span class='ocrx_word' id='word_1_249' title='bbox 370 1888 506 1910; x_wconf 87' lang='lat' dir='ltr'><strong>munus</strong></span> <span class='ocrx_word' id='word_1_250' title='bbox 540 1881 618 1909; x_wconf 84' lang='lat' dir='ltr'><strong>tam</strong></span> <span class='ocrx_word' id='word_1_251' title='bbox 651 1876 916 1922; x_wconf 83' lang='lat' dir='ltr'><strong>magnificum,</strong></span> <span class='ocrx_word' id='word_1_252' title='bbox 957 1887 1000 1909; x_wconf 90' lang='lat' dir='ltr'><strong>ac</strong></span> <span class='ocrx_word' id='word_1_253' title='bbox 1033 1876 1062 1909; x_wconf 85' lang='lat' dir='ltr'><strong>si</strong></span> <span class='ocrx_word' id='word_1_254' title='bbox 1095 1876 1173 1920; x_wconf 88' lang='lat' dir='ltr'><strong>ipse</strong></span> <span class='ocrx_word' id='word_1_255' title='bbox 1210 1875 1339 1908; x_wconf 85' lang='lat' dir='ltr'><strong>aedilis</strong></span> <span class='ocrx_word' id='word_1_256' title='bbox 1371 1876 1514 1911; x_wconf 80' lang='lat' dir='ltr'><strong>fuisset.</strong></span> <span class='ocrx_word' id='word_1_257' title='bbox 1547 1878 1666 1912; x_wconf 78' lang='lat' dir='ltr'><strong>ERN.</strong></span> 
     </span>
     <span class='ocr_line' id='line_1_29' title="bbox 188 1922 1669 1970; baseline 0 -11"><span class='ocrx_word' id='word_1_258' title='bbox 188 1924 333 1959; x_wconf 82' lang='lat' dir='ltr'><strong>Schiitz</strong></span> <span class='ocrx_word' id='word_1_259' title='bbox 358 1925 488 1959; x_wconf 88' lang='lat' dir='ltr'><strong>wollte</strong></span> <span class='ocrx_word' id='word_1_260' title='bbox 513 1925 570 1956; x_wconf 83' lang='lat' dir='ltr'><strong>vel</strong></span> <span class='ocrx_word' id='word_1_261' title='bbox 600 1924 682 1967; x_wconf 79' lang='lat' dir='ltr'><strong>quia</strong></span> <span class='ocrx_word' id='word_1_262' title='bbox 714 1924 893 1966; x_wconf 79' lang='lat' dir='ltr'><strong>magister</strong></span> <span class='ocrx_word' id='word_1_263' title='bbox 924 1922 1140 1970; x_wconf 82' lang='lat' dir='ltr'><strong>gestrichen</strong></span> <span class='ocrx_word' id='word_1_264' title='bbox 1172 1923 1325 1965; x_wconf 79' lang='lat' dir='ltr'><strong>wissen3</strong></span> <span class='ocrx_word' id='word_1_265' title='bbox 1364 1924 1454 1957; x_wconf 83' lang='lat' dir='ltr'><strong>aber</strong></span> <span class='ocrx_word' id='word_1_266' title='bbox 1486 1925 1556 1959; x_wconf 86' lang='lat' dir='ltr'><strong>mit</strong></span> <span class='ocrx_word' id='word_1_267' title='bbox 1588 1927 1669 1961; x_wconf 83' lang='lat' dir='ltr'><strong>Un-</strong></span> 
     </span>
     <span class='ocr_line' id='line_1_30' title="bbox 188 1971 1667 2018; baseline 0 -11"><span class='ocrx_word' id='word_1_268' title='bbox 188 1972 315 2008; x_wconf 86' lang='lat' dir='ltr'><strong>recht.</strong></span> <span class='ocrx_word' id='word_1_269' title='bbox 365 1973 476 2006; x_wconf 87' lang='lat' dir='ltr'><strong>Denn</strong></span> <span class='ocrx_word' id='word_1_270' title='bbox 503 1971 637 2007; x_wconf 80' lang='lat' dir='ltr'><strong>Cicero</strong></span> <span class='ocrx_word' id='word_1_271' title='bbox 670 1972 752 2005; x_wconf 82' lang='lat' dir='ltr'><strong>will</strong></span> <span class='ocrx_word' id='word_1_272' title='bbox 787 1982 914 2015; x_wconf 75' lang='lat' dir='ltr'><strong>Sagen:</strong></span> <span class='ocrx_word' id='word_1_273' title='bbox 950 1971 1018 2003; x_wconf 80' lang='lat' dir='ltr'><strong>der</strong></span> <span class='ocrx_word' id='word_1_274' title='bbox 1049 1982 1088 2003; x_wconf 84' lang='lat' dir='ltr'><strong>so</strong></span> <span class='ocrx_word' id='word_1_275' title='bbox 1120 1981 1246 2018; x_wconf 78' lang='lat' dir='ltr'><strong>grosse</strong></span> <span class='ocrx_word' id='word_1_276' title='bbox 1276 1971 1463 2005; x_wconf 81' lang='lat' dir='ltr'><strong>Aufwand</strong></span> <span class='ocrx_word' id='word_1_277' title='bbox 1495 1973 1547 2006; x_wconf 86' lang='lat' dir='ltr'><strong>sei</strong></span> <span class='ocrx_word' id='word_1_278' title='bbox 1578 1973 1667 2008; x_wconf 64' lang='lat' dir='ltr'>th&amp;-</span> 
     </span>
     <span class='ocr_line' id='line_1_31' title="bbox 187 2016 1666 2067; baseline 0.001 -13"><span class='ocrx_word' id='word_1_279' title='bbox 187 2019 293 2055; x_wconf 85' lang='lat' dir='ltr'><strong>richt</strong></span> <span class='ocrx_word' id='word_1_280' title='bbox 317 2021 395 2054; x_wconf 78' lang='lat' dir='ltr'><strong>und</strong></span> <span class='ocrx_word' id='word_1_281' title='bbox 420 2020 545 2054; x_wconf 84' lang='lat' dir='ltr'><strong>werde</strong></span> <span class='ocrx_word' id='word_1_282' title='bbox 569 2019 678 2053; x_wconf 84' lang='lat' dir='ltr'><strong>nicht</strong></span> <span class='ocrx_word' id='word_1_283' title='bbox 701 2018 882 2067; x_wconf 80' lang='lat' dir='ltr'><strong>begehrt‚</strong></span> <span class='ocrx_word' id='word_1_284' title='bbox 916 2016 1103 2058; x_wconf 68' lang='lat' dir='ltr'><strong>eitimam,</strong></span> <span class='ocrx_word' id='word_1_285' title='bbox 1139 2019 1228 2052; x_wconf 87' lang='lat' dir='ltr'><strong>weil</strong></span> <span class='ocrx_word' id='word_1_286' title='bbox 1261 2030 1301 2053; x_wconf 90' lang='lat' dir='ltr'><strong>er</strong></span> <span class='ocrx_word' id='word_1_287' title='bbox 1325 2020 1378 2053; x_wconf 83' lang='lat' dir='ltr'><strong>als</strong></span> <span class='ocrx_word' id='word_1_288' title='bbox 1405 2021 1546 2054; x_wconf 85' lang='lat' dir='ltr'><strong>blosser</strong></span> <span class='ocrx_word' id='word_1_289' title='bbox 1570 2022 1666 2056; x_wconf 88' lang='lat' dir='ltr'><strong>Erb-</strong></span> 
     </span>
     <span class='ocr_line' id='line_1_32' title="bbox 186 2066 1668 2112; baseline 0.001 -10"><span class='ocrx_word' id='word_1_290' title='bbox 186 2068 341 2102; x_wconf 81' lang='lat' dir='ltr'><strong>meister</strong></span> <span class='ocrx_word' id='word_1_291' title='bbox 366 2069 462 2101; x_wconf 85' lang='lat' dir='ltr'><strong>dazu</strong></span> <span class='ocrx_word' id='word_1_292' title='bbox 487 2079 555 2112; x_wconf 86' lang='lat' dir='ltr'><strong>gar</strong></span> <span class='ocrx_word' id='word_1_293' title='bbox 579 2066 688 2101; x_wconf 87' lang='lat' dir='ltr'><strong>nicht</strong></span> <span class='ocrx_word' id='word_1_294' title='bbox 713 2066 956 2112; x_wconf 83' lang='lat' dir='ltr'><strong>verpfiichtet</strong></span> <span class='ocrx_word' id='word_1_295' title='bbox 980 2066 1053 2108; x_wconf 80' lang='lat' dir='ltr'><strong>sei3</strong></span> <span class='ocrx_word' id='word_1_296' title='bbox 1080 2066 1200 2108; x_wconf 85' lang='lat' dir='ltr'><strong>dann,</strong></span> <span class='ocrx_word' id='word_1_297' title='bbox 1227 2067 1315 2101; x_wconf 88' lang='lat' dir='ltr'><strong>weil</strong></span> <span class='ocrx_word' id='word_1_298' title='bbox 1341 2079 1383 2101; x_wconf 86' lang='lat' dir='ltr'><strong>er</strong></span> <span class='ocrx_word' id='word_1_299' title='bbox 1407 2067 1488 2102; x_wconf 86' lang='lat' dir='ltr'><strong>sich</strong></span> <span class='ocrx_word' id='word_1_300' title='bbox 1512 2069 1566 2103; x_wconf 86' lang='lat' dir='ltr'><strong>als</strong></span> <span class='ocrx_word' id='word_1_301' title='bbox 1591 2070 1668 2104; x_wconf 85' lang='lat' dir='ltr'><strong>sol-</strong></span> 
     </span>
     <span class='ocr_line' id='line_1_33' title="bbox 187 2113 1664 2161; baseline 0.001 -11"><span class='ocrx_word' id='word_1_302' title='bbox 187 2116 285 2150; x_wconf 85' lang='lat' dir='ltr'><strong>chen</strong></span> <span class='ocrx_word' id='word_1_303' title='bbox 310 2116 475 2150; x_wconf 85' lang='lat' dir='ltr'><strong>ansehen</strong></span> <span class='ocrx_word' id='word_1_304' title='bbox 502 2116 535 2149; x_wconf 92' lang='lat' dir='ltr'><strong>d.</strong></span> <span class='ocrx_word' id='word_1_305' title='bbox 562 2116 586 2149; x_wconf 84' lang='lat'><strong>1&#39;.</strong></span> <span class='ocrx_word' id='word_1_306' title='bbox 613 2114 697 2148; x_wconf 85' lang='lat' dir='ltr'><strong>sich</strong></span> <span class='ocrx_word' id='word_1_307' title='bbox 723 2115 840 2148; x_wconf 87' lang='lat' dir='ltr'><strong>damit</strong></span> <span class='ocrx_word' id='word_1_308' title='bbox 868 2113 1107 2160; x_wconf 66' lang='lat' dir='ltr'><strong>hinl&#39;ainglich</strong></span> <span class='ocrx_word' id='word_1_309' title='bbox 1142 2114 1241 2148; x_wconf 84' lang='lat' dir='ltr'><strong>heim</strong></span> <span class='ocrx_word' id='word_1_310' title='bbox 1274 2115 1395 2149; x_wconf 87' lang='lat' dir='ltr'><strong>Volke</strong></span> <span class='ocrx_word' id='word_1_311' title='bbox 1431 2127 1564 2161; x_wconf 85' lang='lat' dir='ltr'><strong>wegen</strong></span> <span class='ocrx_word' id='word_1_312' title='bbox 1595 2128 1664 2151; x_wconf 89' lang='lat' dir='ltr'><strong>un·</strong></span> 
     </span>
     <span class='ocr_line' id='line_1_34' title="bbox 185 2161 1667 2213; baseline 0 -15"><span class='ocrx_word' id='word_1_313' title='bbox 185 2165 411 2198; x_wconf 74' lang='lat' dir='ltr'><strong>terlassener</strong></span> <span class='ocrx_word' id='word_1_314' title='bbox 435 2163 528 2197; x_wconf 87' lang='lat' dir='ltr'><strong>oder</strong></span> <span class='ocrx_word' id='word_1_315' title='bbox 560 2163 786 2210; x_wconf 82' lang='lat' dir='ltr'><strong>wenigstens</strong></span> <span class='ocrx_word' id='word_1_316' title='bbox 821 2161 929 2195; x_wconf 88' lang='lat' dir='ltr'><strong>nicht</strong></span> <span class='ocrx_word' id='word_1_317' title='bbox 953 2173 991 2196; x_wconf 86' lang='lat' dir='ltr'><strong>so</strong></span> <span class='ocrx_word' id='word_1_318' title='bbox 1018 2161 1214 2196; x_wconf 80' lang='lat' dir='ltr'><strong>kostbarex·</strong></span> <span class='ocrx_word' id='word_1_319' title='bbox 1238 2162 1361 2208; x_wconf 87' lang='lat' dir='ltr'><strong>Spiele</strong></span> <span class='ocrx_word' id='word_1_320' title='bbox 1386 2163 1667 2213; x_wconf 80' lang='lat' dir='ltr'><strong>rechtfertigen</strong></span> 
     </span>
     <span class='ocr_line' id='line_1_35' title="bbox 183 2209 1665 2256; baseline 0.001 -11"><span class='ocrx_word' id='word_1_321' title='bbox 183 2210 331 2250; x_wconf 61' lang='lat' dir='ltr'><strong>kenne,</strong></span> <span class='ocrx_word' id='word_1_322' title='bbox 357 2222 468 2246; x_wconf 87' lang='lat' dir='ltr'><strong>wenn</strong></span> <span class='ocrx_word' id='word_1_323' title='bbox 492 2222 533 2245; x_wconf 87' lang='lat' dir='ltr'><strong>er</strong></span> <span class='ocrx_word' id='word_1_324' title='bbox 558 2222 661 2256; x_wconf 84' lang='lat' dir='ltr'><strong>sage:</strong></span> <span class='ocrx_word' id='word_1_325' title='bbox 696 2223 738 2245; x_wconf 81' lang='lat' dir='ltr'><strong>ex·</strong></span> <span class='ocrx_word' id='word_1_326' title='bbox 762 2210 955 2244; x_wconf 84' lang='lat' dir='ltr'><strong>betrachte</strong></span> <span class='ocrx_word' id='word_1_327' title='bbox 981 2209 1062 2243; x_wconf 85' lang='lat' dir='ltr'><strong>sich</strong></span> <span class='ocrx_word' id='word_1_328' title='bbox 1089 2222 1160 2243; x_wconf 85' lang='lat' dir='ltr'><strong>nur</strong></span> <span class='ocrx_word' id='word_1_329' title='bbox 1192 2211 1246 2244; x_wconf 83' lang='lat' dir='ltr'><strong>als</strong></span> <span class='ocrx_word' id='word_1_330' title='bbox 1277 2211 1385 2244; x_wconf 85' lang='lat' dir='ltr'><strong>einen</strong></span> <span class='ocrx_word' id='word_1_331' title='bbox 1410 2211 1665 2256; x_wconf 81' lang='lat' dir='ltr'><strong>Erbmeister3</strong></span> 
     </span>
    </p>
   </div>
   <div class='ocr_carea' id='block_1_14' title="bbox 1723 1793 1742 2247">
    <p class='ocr_par' dir='ltr' id='par_1_14' title="bbox 1723 1793 1742 2247">
     <span class='ocr_line' id='line_1_36' title="bbox 1730 1793 1742 1947; baseline 0 -13"><span class='ocrx_word' id='word_1_332' title='bbox 1730 1793 1742 1947; x_wconf 61' lang='grc' dir='ltr'>ἑ</span> 
     </span>
     <span class='ocr_line' id='line_1_37' title="bbox 1732 1957 1742 2019; baseline 0 0"><span class='ocrx_word' id='word_1_333' title='bbox 1732 1957 1742 2019; x_wconf 65' lang='grc' dir='ltr'><em>ἔ</em></span> 
     </span>
     <span class='ocr_line' id='line_1_38' title="bbox 1727 2052 1742 2102; baseline 0 0"><span class='ocrx_word' id='word_1_334' title='bbox 1727 2052 1742 2102; x_wconf 70' lang='grc' dir='ltr'><strong>’Ξ</strong></span> 
     </span>
     <span class='ocr_line' id='line_1_39' title="bbox 1723 2109 1742 2247; baseline 0 -19"><span class='ocrx_word' id='word_1_335' title='bbox 1723 2109 1742 2247; x_wconf 52' lang='lat'><strong>,2</strong></span> 
     </span>
    </p>
   </div>
   <div class='ocr_carea' id='block_1_15' title="bbox 185 2252 1659 2302">
    <p class='ocr_par' dir='ltr' id='par_1_15' title="bbox 185 2252 1742 2309">
     <span class='ocr_line' id='line_1_40' title="bbox 185 2252 1659 2302; baseline 0.002 -10"><span class='ocrx_word' id='word_1_336' title='bbox 185 2259 297 2293; x_wconf 80' lang='lat' dir='ltr'><strong>Aedil</strong></span> <span class='ocrx_word' id='word_1_337' title='bbox 321 2259 373 2293; x_wconf 82' lang='lat' dir='ltr'><strong>sei</strong></span> <span class='ocrx_word' id='word_1_338' title='bbox 398 2270 439 2292; x_wconf 89' lang='lat' dir='ltr'><strong>er</strong></span> <span class='ocrx_word' id='word_1_339' title='bbox 464 2258 584 2293; x_wconf 79' lang='lat' dir='ltr'><strong>nicht.</strong></span> <span class='ocrx_word' id='word_1_340' title='bbox 633 2252 737 2294; x_wconf 76' lang='lat' dir='ltr'><strong>Uber</strong></span> <span class='ocrx_word' id='word_1_341' title='bbox 761 2259 819 2292; x_wconf 82' lang='lat' dir='ltr'><strong>vel</strong></span> <span class='ocrx_word' id='word_1_342' title='bbox 845 2284 855 2295; x_wconf 81' lang='grc'><strong>.</strong></span> <span class='ocrx_word' id='word_1_343' title='bbox 884 2283 893 2292; x_wconf 92' lang='grc'><strong>.</strong></span> <span class='ocrx_word' id='word_1_344' title='bbox 921 2283 930 2291; x_wconf 90' lang='grc'><strong>.</strong></span> <span class='ocrx_word' id='word_1_345' title='bbox 958 2258 1032 2298; x_wconf 79' lang='lat' dir='ltr'><strong>vel,</strong></span> <span class='ocrx_word' id='word_1_346' title='bbox 1059 2257 1173 2292; x_wconf 85' lang='lat' dir='ltr'><strong>theils</strong></span> <span class='ocrx_word' id='word_1_347' title='bbox 1200 2284 1212 2296; x_wconf 76' lang='grc'>,</span> <span class='ocrx_word' id='word_1_348' title='bbox 1231 2283 1239 2291; x_wconf 93' lang='grc'><strong>.</strong></span> <span class='ocrx_word' id='word_1_349' title='bbox 1259 2283 1268 2292; x_wconf 94' lang='grc'><strong>.</strong></span> <span class='ocrx_word' id='word_1_350' title='bbox 1288 2257 1420 2302; x_wconf 74' lang='lat' dir='ltr'><strong>theiis,</strong></span> <span class='ocrx_word' id='word_1_351' title='bbox 1455 2273 1481 2294; x_wconf 87' lang='lat' dir='ltr'><strong>s.</strong></span> <span class='ocrx_word' id='word_1_352' title='bbox 1506 2260 1659 2295; x_wconf 71' lang='lat' dir='ltr'><strong>Ramsh.</strong></span> 
     </span>
    </p>
   </div>
   <div class='ocr_carea' id='block_1_16' title="bbox 186 2306 725 2350">
    <p class='ocr_par' dir='ltr' id='par_1_16' title="bbox 186 2306 725 2350">
     <span class='ocr_line' id='line_1_41' title="bbox 186 2306 725 2350; baseline -0.002 -9"><span class='ocrx_word' id='word_1_353' title='bbox 186 2306 216 2350; x_wconf 64' lang='grc' dir='ltr'><strong>ᾗ.</strong></span> <span class='ocrx_word' id='word_1_354' title='bbox 243 2308 326 2350; x_wconf 82' lang='lat'>180,</span> <span class='ocrx_word' id='word_1_355' title='bbox 352 2307 387 2342; x_wconf 86' lang='lat'><strong>2.</strong></span> <span class='ocrx_word' id='word_1_356' title='bbox 415 2306 563 2341; x_wconf 82' lang='lat' dir='ltr'><strong>Grotef.</strong></span> <span class='ocrx_word' id='word_1_357' title='bbox 589 2307 617 2349; x_wconf 59' lang='grc' dir='ltr'><strong>ᾗ.</strong></span> <span class='ocrx_word' id='word_1_358' title='bbox 643 2308 725 2343; x_wconf 81' lang='grc'><strong>364.</strong></span> 
     </span>
    </p>
   </div>
   <div class='ocr_carea' id='block_1_17' title="bbox 284 2371 1742 2414">
    <p class='ocr_par' dir='ltr' id='par_1_17' title="bbox 284 2371 1742 2414">
     <span class='ocr_line' id='line_1_42' title="bbox 284 2371 1742 2414; baseline 0.001 -7"><span class='ocrx_word' id='word_1_359' title='bbox 284 2373 318 2407; x_wconf 84' lang='grc'><strong>1.</strong></span> <span class='ocrx_word' id='word_1_360' title='bbox 355 2371 412 2405; x_wconf 89' lang='lat' dir='ltr'><strong>De</strong></span> <span class='ocrx_word' id='word_1_361' title='bbox 439 2372 594 2405; x_wconf 77' lang='lat' dir='ltr'><strong>Gabinio</strong></span> <span class='ocrx_word' id='word_1_362' title='bbox 620 2373 700 2406; x_wconf 88' lang='lat' dir='ltr'><strong>scil.</strong></span> <span class='ocrx_word' id='word_1_363' title='bbox 726 2384 747 2406; x_wconf 86' lang='lat' dir='ltr'><strong>a</strong></span> <span class='ocrx_word' id='word_1_364' title='bbox 773 2372 953 2408; x_wconf 83' lang='lat' dir='ltr'><strong>Cicerone</strong></span> <span class='ocrx_word' id='word_1_365' title='bbox 978 2372 1234 2414; x_wconf 87' lang='lat' dir='ltr'><strong>defendendo,</strong></span> <span class='ocrx_word' id='word_1_366' title='bbox 1263 2383 1335 2406; x_wconf 87' lang='lat' dir='ltr'><strong>was</strong></span> <span class='ocrx_word' id='word_1_367' title='bbox 1361 2372 1423 2406; x_wconf 87' lang='lat' dir='ltr'><strong>die</strong></span> <span class='ocrx_word' id='word_1_368' title='bbox 1449 2373 1663 2408; x_wconf 85' lang='lat' dir='ltr'><strong>Vertheidi-</strong></span> <span class='ocrx_word' id='word_1_369' title='bbox 1732 2381 1742 2395; x_wconf 76' lang='lat'><em>&#39;</em></span> 
     </span>
    </p>
   </div>
   <div class='ocr_carea' id='block_1_18' title="bbox 1716 2400 1742 2425">
    <p class='ocr_par' dir='ltr' id='par_1_18' title="bbox 1716 2400 1742 2425">
     <span class='ocr_line' id='line_1_43' title="bbox 1716 2400 1742 2425; baseline 0 -11"><span class='ocrx_word' id='word_1_370' title='bbox 1716 2406 1728 2425; x_wconf 51' lang='grc' dir='ltr'>ἱ</span> <span class='ocrx_word' id='word_1_371' title='bbox 1733 2400 1742 2414; x_wconf 67' lang='lat'>1</span> 
     </span>
    </p>
   </div>
   <div class='ocr_carea' id='block_1_19' title="bbox 186 2420 1742 2467">
    <p class='ocr_par' dir='ltr' id='par_1_19' title="bbox 186 2420 1742 2467">
     <span class='ocr_line' id='line_1_44' title="bbox 186 2420 1742 2467; baseline 0.001 -12"><span class='ocrx_word' id='word_1_372' title='bbox 186 2430 286 2467; x_wconf 85' lang='lat' dir='ltr'><strong>gung</strong></span> <span class='ocrx_word' id='word_1_373' title='bbox 321 2420 385 2454; x_wconf 86' lang='lat' dir='ltr'><strong>des</strong></span> <span class='ocrx_word' id='word_1_374' title='bbox 412 2420 594 2453; x_wconf 80' lang='lat' dir='ltr'><strong>Gabinius</strong></span> <span class='ocrx_word' id='word_1_375' title='bbox 630 2421 788 2455; x_wconf 78' lang='lat' dir='ltr'><strong>betrifft.</strong></span> <span class='ocrx_word' id='word_1_376' title='bbox 840 2420 875 2455; x_wconf 88' lang='lat' dir='ltr'><strong>S.</strong></span> <span class='ocrx_word' id='word_1_377' title='bbox 903 2432 957 2465; x_wconf 88' lang='lat' dir='ltr'><strong>ep.</strong></span> <span class='ocrx_word' id='word_1_378' title='bbox 985 2421 1114 2462; x_wconf 92' lang='lat' dir='ltr'>CLIV,</span> <span class='ocrx_word' id='word_1_379' title='bbox 1141 2423 1174 2456; x_wconf 86' lang='lat'><strong>5.</strong></span> <span class='ocrx_word' id='word_1_380' title='bbox 1206 2421 1336 2459; x_wconf 89' lang='lat' dir='ltr'>CLVI,</span> <span class='ocrx_word' id='word_1_381' title='bbox 1363 2423 1394 2455; x_wconf 91' lang='lat'><strong>1.</strong></span> <span class='ocrx_word' id='word_1_382' title='bbox 1426 2432 1460 2457; x_wconf 88' lang='lat' dir='ltr'><strong>u.</strong></span> <span class='ocrx_word' id='word_1_383' title='bbox 1497 2423 1661 2463; x_wconf 86' lang='lat' dir='ltr'>CXLIX,</span> <span class='ocrx_word' id='word_1_384' title='bbox 1729 2432 1742 2452; x_wconf 68' lang='grc' dir='ltr'><strong><em>ἰ</em></strong></span> 
     </span>
    </p>
   </div>
   <div class='ocr_carea' id='block_1_20' title="bbox 187 2468 1662 2702">
    <p class='ocr_par' dir='ltr' id='par_1_20' title="bbox 187 2468 1662 2702">
     <span class='ocr_line' id='line_1_45' title="bbox 187 2468 1661 2510; baseline 0 -5"><span class='ocrx_word' id='word_1_385' title='bbox 187 2471 302 2505; x_wconf 81' lang='grc'><strong>9-12.</strong></span> <span class='ocrx_word' id='word_1_386' title='bbox 330 2489 371 2495; x_wconf 91' lang='grc'>-</span> <span class='ocrx_word' id='word_1_387' title='bbox 393 2468 604 2510; x_wconf 81' lang='lat' dir='ltr'><strong>faciendum</strong></span> <span class='ocrx_word' id='word_1_388' title='bbox 629 2470 710 2503; x_wconf 89' lang='lat' dir='ltr'><strong>scil.</strong></span> <span class='ocrx_word' id='word_1_389' title='bbox 737 2469 841 2503; x_wconf 85' lang='lat' dir='ltr'><strong>mihi.</strong></span> <span class='ocrx_word' id='word_1_390' title='bbox 870 2487 912 2493; x_wconf 91' lang='lat'><strong>-—</strong></span> <span class='ocrx_word' id='word_1_391' title='bbox 938 2470 1106 2510; x_wconf 80' lang='lat' dir='ltr'><strong>cogitata</strong></span> <span class='ocrx_word' id='word_1_392' title='bbox 1131 2480 1151 2502; x_wconf 83' lang='lat' dir='ltr'><strong>a</strong></span> <span class='ocrx_word' id='word_1_393' title='bbox 1177 2469 1305 2510; x_wconf 86' lang='lat' dir='ltr'><strong>nobis,</strong></span> <span class='ocrx_word' id='word_1_394' title='bbox 1340 2480 1411 2502; x_wconf 81' lang='lat' dir='ltr'><strong>was</strong></span> <span class='ocrx_word' id='word_1_395' title='bbox 1438 2469 1504 2503; x_wconf 90' lang='lat' dir='ltr'><strong>wir</strong></span> <span class='ocrx_word' id='word_1_396' title='bbox 1528 2481 1591 2504; x_wconf 77' lang='lat' dir='ltr'><strong>aus</strong></span> <span class='ocrx_word' id='word_1_397' title='bbox 1616 2483 1661 2505; x_wconf 88' lang='lat' dir='ltr'><strong>zu</strong></span> 
     </span>
     <span class='ocr_line' id='line_1_46' title="bbox 188 2513 1659 2562; baseline 0.001 -12"><span class='ocrx_word' id='word_1_398' title='bbox 188 2526 339 2561; x_wconf 83' lang='lat' dir='ltr'><strong>grosser</strong></span> <span class='ocrx_word' id='word_1_399' title='bbox 363 2514 666 2561; x_wconf 77' lang='lat' dir='ltr'><strong>&#39;Wohlmeinung</strong></span> <span class='ocrx_word' id='word_1_400' title='bbox 700 2529 746 2550; x_wconf 85' lang='lat' dir='ltr'><strong>zu</strong></span> <span class='ocrx_word' id='word_1_401' title='bbox 778 2518 872 2550; x_wconf 87' lang='lat' dir='ltr'><strong>thun</strong></span> <span class='ocrx_word' id='word_1_402' title='bbox 904 2515 1066 2562; x_wconf 84' lang='lat' dir='ltr'><strong>gedacht</strong></span> <span class='ocrx_word' id='word_1_403' title='bbox 1097 2516 1237 2550; x_wconf 78' lang='lat' dir='ltr'><strong>hatten.</strong></span> <span class='ocrx_word' id='word_1_404' title='bbox 1276 2534 1323 2541; x_wconf 91' lang='lat'>—</span> <span class='ocrx_word' id='word_1_405' title='bbox 1376 2513 1486 2551; x_wconf 87' lang='grc' dir='ltr'>Τότε</span> <span class='ocrx_word' id='word_1_406' title='bbox 1511 2530 1544 2551; x_wconf 81' lang='grc' dir='ltr'><strong>κ.</strong></span> <span class='ocrx_word' id='word_1_407' title='bbox 1573 2531 1600 2552; x_wconf 84' lang='grc' dir='ltr'><strong>τ.</strong></span> <span class='ocrx_word' id='word_1_408' title='bbox 1628 2519 1659 2552; x_wconf 83' lang='grc' dir='ltr'><strong>λ.</strong></span> 
     </span>
     <span class='ocr_line' id='line_1_47' title="bbox 187 2561 1661 2610; baseline 0.002 -13"><span class='ocrx_word' id='word_1_409' title='bbox 187 2564 227 2599; x_wconf 79' lang='lat' dir='ltr'><strong>h.</strong></span> <span class='ocrx_word' id='word_1_410' title='bbox 254 2576 285 2598; x_wconf 82' lang='lat' dir='ltr'><strong>e.</strong></span> <span class='ocrx_word' id='word_1_411' title='bbox 311 2570 402 2598; x_wconf 85' lang='lat' dir='ltr'><strong>tunc</strong></span> <span class='ocrx_word' id='word_1_412' title='bbox 429 2565 523 2598; x_wconf 87' lang='lat' dir='ltr'><strong>mihi</strong></span> <span class='ocrx_word' id='word_1_413' title='bbox 549 2564 719 2598; x_wconf 86' lang='lat' dir='ltr'><strong>dehiscat</strong></span> <span class='ocrx_word' id='word_1_414' title='bbox 743 2565 818 2598; x_wconf 84' lang='lat' dir='ltr'><strong>lata</strong></span> <span class='ocrx_word' id='word_1_415' title='bbox 843 2571 942 2598; x_wconf 80' lang='lat' dir='ltr'><strong>terra</strong></span> <span class='ocrx_word' id='word_1_416' title='bbox 966 2561 1102 2610; x_wconf 73' lang='grc' dir='ltr'><strong>(εῧρεῒα</strong></span> <span class='ocrx_word' id='word_1_417' title='bbox 1122 2563 1256 2607; x_wconf 80' lang='grc' dir='ltr'><strong><em>χθὼν),</em></strong></span> <span class='ocrx_word' id='word_1_418' title='bbox 1284 2576 1397 2610; x_wconf 87' lang='lat' dir='ltr'><strong>quum</strong></span> <span class='ocrx_word' id='word_1_419' title='bbox 1423 2566 1496 2599; x_wconf 86' lang='lat' dir='ltr'><strong>hoc</strong></span> <span class='ocrx_word' id='word_1_420' title='bbox 1511 2566 1661 2600; x_wconf 82' lang='lat' dir='ltr'><strong>scilicet</strong></span> 
     </span>
     <span class='ocr_line' id='line_1_48' title="bbox 187 2612 1662 2660; baseline 0.003 -15"><span class='ocrx_word' id='word_1_421' title='bbox 187 2612 328 2657; x_wconf 78' lang='lat' dir='ltr'><strong>flagitii</strong></span> <span class='ocrx_word' id='word_1_422' title='bbox 353 2612 590 2646; x_wconf 80' lang='lat' dir='ltr'><strong>commisero.</strong></span> <span class='ocrx_word' id='word_1_423' title='bbox 617 2612 822 2647; x_wconf 75' lang='lat' dir='ltr'><strong>MANUT.</strong></span> <span class='ocrx_word' id='word_1_424' title='bbox 856 2612 1147 2646; x_wconf 82' lang='lat' dir='ltr'><strong>Hemistichium</strong></span> <span class='ocrx_word' id='word_1_425' title='bbox 1172 2614 1356 2658; x_wconf 81' lang='lat' dir='ltr'><strong>integrum</strong></span> <span class='ocrx_word' id='word_1_426' title='bbox 1382 2620 1438 2646; x_wconf 83' lang='lat' dir='ltr'><strong>est</strong></span> <span class='ocrx_word' id='word_1_427' title='bbox 1461 2614 1558 2660; x_wconf 84' lang='lat' dir='ltr'><strong>apud</strong></span> <span class='ocrx_word' id='word_1_428' title='bbox 1583 2617 1662 2649; x_wconf 91' lang='lat' dir='ltr'><strong>Ho—</strong></span> 
     </span>
     <span class='ocr_line' id='line_1_49' title="bbox 187 2657 1659 2702; baseline 0.002 -9"><span class='ocrx_word' id='word_1_429' title='bbox 187 2670 287 2697; x_wconf 72' lang='lat' dir='ltr'><strong>mer.</strong></span> <span class='ocrx_word' id='word_1_430' title='bbox 318 2660 361 2694; x_wconf 89' lang='lat'><strong>11.</strong></span> <span class='ocrx_word' id='word_1_431' title='bbox 395 2657 461 2702; x_wconf 86' lang='lat' dir='ltr'><strong>IV,</strong></span> <span class='ocrx_word' id='word_1_432' title='bbox 495 2662 576 2697; x_wconf 79' lang='lat'><strong>182.</strong></span> <span class='ocrx_word' id='word_1_433' title='bbox 599 2672 656 2685; x_wconf 80' lang='lat'><strong>·—</strong></span> <span class='ocrx_word' id='word_1_434' title='bbox 695 2664 733 2694; x_wconf 80' lang='lat' dir='ltr'><strong>ut</strong></span> <span class='ocrx_word' id='word_1_435' title='bbox 760 2686 767 2693; x_wconf 93' lang='lat'><strong>.</strong></span> <span class='ocrx_word' id='word_1_436' title='bbox 797 2687 806 2696; x_wconf 91' lang='lat'><strong>.</strong></span> <span class='ocrx_word' id='word_1_437' title='bbox 831 2661 1006 2701; x_wconf 78' lang='lat' dir='ltr'><strong>sentiunt,</strong></span> <span class='ocrx_word' id='word_1_438' title='bbox 1044 2661 1157 2694; x_wconf 83' lang='lat' dir='ltr'><strong>Oxon.</strong></span> <span class='ocrx_word' id='word_1_439' title='bbox 1191 2663 1226 2697; x_wconf 83' lang='lat'><strong>2.</strong></span> <span class='ocrx_word' id='word_1_440' title='bbox 1262 2663 1358 2695; x_wconf 80' lang='lat' dir='ltr'><strong>Crat.</strong></span> <span class='ocrx_word' id='word_1_441' title='bbox 1394 2663 1492 2697; x_wconf 82' lang='lat' dir='ltr'><strong>vict.</strong></span> <span class='ocrx_word' id='word_1_442' title='bbox 1524 2665 1553 2697; x_wconf 91' lang='lat' dir='ltr'><strong>l.</strong></span> <span class='ocrx_word' id='word_1_443' title='bbox 1578 2673 1659 2696; x_wconf 76' lang='lat' dir='ltr'><strong>een-</strong></span> 
     </span>
    </p>
   </div>
   <div class='ocr_carea' id='block_1_21' title="bbox 1711 2464 1742 2673">
    <p class='ocr_par' dir='ltr' id='par_1_21' title="bbox 1711 2464 1742 2673">
     <span class='ocr_line' id='line_1_50' title="bbox 1734 2464 1742 2487; baseline 0 0"><span class='ocrx_word' id='word_1_444' title='bbox 1734 2464 1742 2487; x_wconf 65' lang='grc' dir='ltr'><em>δ</em></span> 
     </span>
     <span class='ocr_line' id='line_1_51' title="bbox 1711 2513 1742 2593; baseline 0 0"><span class='ocrx_word' id='word_1_445' title='bbox 1711 2513 1742 2593; x_wconf 59' lang='grc' dir='ltr'><strong>,Ξ</strong></span> 
     </span>
     <span class='ocr_line' id='line_1_52' title="bbox 1727 2599 1742 2673; baseline 0 0"><span class='ocrx_word' id='word_1_446' title='bbox 1727 2599 1742 2673; x_wconf 72' lang='grc' dir='ltr'><strong>’ἑ</strong></span> 
     </span>
    </p>
   </div>
   <div class='ocr_carea' id='block_1_22' title="bbox 190 2707 1735 2755">
    <p class='ocr_par' dir='ltr' id='par_1_22' title="bbox 190 2707 1735 2755">
     <span class='ocr_line' id='line_1_53' title="bbox 190 2707 1735 2755; baseline 0.002 -16"><span class='ocrx_word' id='word_1_447' title='bbox 190 2707 297 2743; x_wconf 75' lang='lat' dir='ltr'><strong>liant.</strong></span> <span class='ocrx_word' id='word_1_448' title='bbox 327 2725 375 2734; x_wconf 82' lang='lat'><strong>·—</strong></span> <span class='ocrx_word' id='word_1_449' title='bbox 406 2719 517 2752; x_wconf 83' lang='lat' dir='ltr'><strong>neque</strong></span> <span class='ocrx_word' id='word_1_450' title='bbox 541 2709 619 2742; x_wconf 81' lang='lat' dir='ltr'><strong>ursi</strong></span> <span class='ocrx_word' id='word_1_451' title='bbox 643 2720 719 2753; x_wconf 76' lang='lat' dir='ltr'><strong>neq.</strong></span> <span class='ocrx_word' id='word_1_452' title='bbox 748 2710 836 2752; x_wconf 55' lang='lat' dir='ltr'><strong>lev„</strong></span> <span class='ocrx_word' id='word_1_453' title='bbox 870 2720 991 2755; x_wconf 86' lang='lat' dir='ltr'><strong>neque</strong></span> <span class='ocrx_word' id='word_1_454' title='bbox 1023 2709 1191 2743; x_wconf 80' lang='lat' dir='ltr'><strong>accusavi</strong></span> <span class='ocrx_word' id='word_1_455' title='bbox 1217 2720 1333 2754; x_wconf 85' lang='lat' dir='ltr'><strong>neque</strong></span> <span class='ocrx_word' id='word_1_456' title='bbox 1359 2709 1523 2744; x_wconf 85' lang='lat' dir='ltr'><strong>defendi.</strong></span> <span class='ocrx_word' id='word_1_457' title='bbox 1549 2709 1658 2745; x_wconf 79' lang='lat'><strong>8011.</strong></span> <span class='ocrx_word' id='word_1_458' title='bbox 1729 2740 1735 2742; x_wconf 88' lang='lat'><strong>.</strong></span> 
     </span>
    </p>
   </div>
   <div class='ocr_carea' id='block_1_23' title="bbox 187 2752 1657 2803">
    <p class='ocr_par' dir='ltr' id='par_1_23' title="bbox 187 2752 1657 2803">
     <span class='ocr_line' id='line_1_54' title="bbox 187 2752 1657 2803; baseline 0.003 -14"><span class='ocrx_word' id='word_1_459' title='bbox 187 2752 274 2794; x_wconf 75' lang='lat' dir='ltr'><strong>vid,</strong></span> <span class='ocrx_word' id='word_1_460' title='bbox 311 2765 369 2803; x_wconf 79' lang='lat' dir='ltr'><strong>ep.</strong></span> <span class='ocrx_word' id='word_1_461' title='bbox 410 2756 548 2801; x_wconf 85' lang='lat' dir='ltr'><strong>c1.111,</strong></span> <span class='ocrx_word' id='word_1_462' title='bbox 581 2759 613 2792; x_wconf 89' lang='lat'><strong>1.</strong></span> <span class='ocrx_word' id='word_1_463' title='bbox 641 2759 675 2793; x_wconf 84' lang='lat'><strong>2.</strong></span> <span class='ocrx_word' id='word_1_464' title='bbox 701 2758 737 2793; x_wconf 85' lang='lat'><strong>3.</strong></span> <span class='ocrx_word' id='word_1_465' title='bbox 778 2757 901 2798; x_wconf 84' lang='lat' dir='ltr'>CLII,</span> <span class='ocrx_word' id='word_1_466' title='bbox 928 2759 960 2793; x_wconf 85' lang='lat'><strong>3.</strong></span> <span class='ocrx_word' id='word_1_467' title='bbox 995 2758 1097 2802; x_wconf 86' lang='lat' dir='ltr'>CLI,</span> <span class='ocrx_word' id='word_1_468' title='bbox 1123 2759 1159 2796; x_wconf 81' lang='lat'><strong>2.</strong></span> <span class='ocrx_word' id='word_1_469' title='bbox 1188 2775 1229 2781; x_wconf 90' lang='lat'><em>—</em></span> <span class='ocrx_word' id='word_1_470' title='bbox 1263 2758 1453 2793; x_wconf 76' lang='lat' dir='ltr'><strong>levissime.</strong></span> <span class='ocrx_word' id='word_1_471' title='bbox 1481 2758 1599 2794; x_wconf 78' lang='lat' dir='ltr'><strong>Oxou.</strong></span> <span class='ocrx_word' id='word_1_472' title='bbox 1623 2760 1657 2795; x_wconf 88' lang='grc'><strong>2.</strong></span> 
     </span>
    </p>
   </div>
  </div>
 </body>
</html>
