1742 3006
184 56 279 107 328
457 63 521 107 M.
553 64 608 108 T.
639 54 980 108 CICERONIS
1018 32 1405 110 ΕΡῙεΤοιΑΕ.

186 174 310 223 rent,
358 186 491 230 quam
535 176 586 215 ut
634 188 690 216 ne
736 171 836 231 {luis
876 171 1061 233 propter
1103 177 1332 219 exercitus
1371 177 1666 234 cupiditatem

186 230 520 272 Alexandream
547 230 689 272 vellet
717 231 796 274 ire.
856 233 1110 289 Dignitatis
1133 238 1281 275 autem
1304 239 1406 275 tuae
1430 249 1558 276 nemo
1584 244 1666 290 est,

187 286 295 341 quin
324 287 580 340 existimet,
609 285 810 329 habitam
839 301 934 331 esse
960 291 1179 330 rationem
1209 290 1263 330 ab
1294 293 1464 332 senatu.
1523 291 1667 334 Nemo

188 346 259 383 est
292 341 424 392 enim,
454 342 532 396 qui
561 342 748 396 nesciat,
777 358 866 399 quo
894 346 1040 386 minus
1071 345 1287 386 discessio
1319 345 1452 387 fieret
1480 360 1563 401 per
1590 347 1668 389 ad-

187 397 412 439 versarios
442 401 542 439 tuos
572 412 669 440 esse
699 399 886 441 factum:
934 401 1012 455 qui
1041 415 1156 442 nunc
1184 402 1343 456 populi
1372 404 1576 455 nomine,
1620 417 1669 445 re

188 456 335 493 autem
378 466 511 507 vera,
550 456 900 497 sceleratissimo
939 457 1208 511 latrocinio,
1238 459 1277 498 si
1308 471 1420 513 quae
1450 459 1671 500 conabun-

189 511 263 548 tur
301 520 459 562 agere,
499 512 610 552 satis
649 511 764 552 mihi
804 512 1032 566 provisum
1075 517 1168 566 est,
1208 518 1259 554 ut
1295 527 1351 555 ne
1390 514 1500 568 quid
1529 515 1671 556 salvis

189 563 405 618 auspiciis
445 571 522 607 aut
547 567 731 622 ⁴legibus
779 572 856 608 aut
904 569 1041 609 etiam
1087 569 1184 610 sine
1222 569 1269 610 vi
1309 582 1442 624 agere
1482 571 1670 625 possint.

189 617 288 673 Ego
325 632 468 675 neque
497 622 553 663 de
581 636 680 664 meo
710 623 859 664 studio
889 637 1032 680 neque
1073 625 1128 666 de
1157 626 1476 666 nonnullorum
1505 627 1673 668 iniuria

187 675 473 718 scribendum
494 677 610 719 mihi
633 692 728 720 esse
750 679 956 721 arbitror.
1015 679 1139 730 Quid
1170 681 1289 721 enim
1318 685 1396 721 aut
1425 695 1494 722 me
1524 686 1674 723 osten-

188 731 303 771 tem?
331 753 386 760 —
415 734 518 787 qui,
548 734 588 774 si
616 735 756 776 vitam
781 748 861 789 pro
891 740 968 776 tua
996 736 1218 791 dignitate
1249 736 1541 790 profundam,
1571 738 1672 778 nul-

187 785 279 826 lam
319 792 492 841 partem
531 789 690 831 videar
724 792 989 832 meritorum
1027 797 1206 833 tuorum
1235 796 1484 833 assecutus:
1513 816 1567 821 ——
1596 797 1674 834 aut

189 841 245 882 de
275 842 467 885 aliorum
496 845 678 888 iniuriis
707 847 894 902 querar?
924 870 978 876 —
1019 848 1140 903 quod
1180 848 1275 889 sine
1315 861 1484 888 summo
1515 847 1672 890 dolore

188 896 340 940 facere
368 913 456 941 non
484 915 676 956 possum.
746 903 847 958 Ego
876 903 961 945 tibi
991 917 1018 944 a
1046 905 1116 956 vi,
1159 902 1248 944 hac
1287 903 1552 958 praesertim
1590 905 1673 946 im-

189 954 443 996 becillitate
471 959 837 1013 magistratuum,
867 963 1097 1015 praestare
1127 958 1243 999 nihil
1275 973 1474 1014 possum:
1516 961 1563 1001 vi
1593 974 1674 1001 ex—

190 1015 345 1064 cepta,
384 1025 563 1066 possum
592 1014 883 1068 confirmare,
923 1020 968 1056 te
998 1020 1044 1056 et
1083 1021 1262 1056 senatus
1303 1021 1349 1056 et
1387 1016 1544 1071 populi
1580 1016 1673 1059 Ro-

190 1067 310 1108 mani
340 1080 511 1111 summo
541 1070 691 1112 studio
721 1071 1066 1126 amplitudinem
1094 1075 1215 1113 tuam
1247 1076 1536 1115 retenturum.

449 1273 767 1318 EPISTOLA
807 1275 985 1319 XCVI.
1043 1275 1120 1327 (ad
1150 1275 1257 1318 Div.
1289 1276 1325 1317 Ι.
1355 1274 1417 1323 5.)

294 1342 375 1380 Ser.
399 1346 540 1384 Romae
572 1350 615 1387 A.
642 1354 687 1388 U.
717 1355 758 1387 C.
784 1355 867 1389 698.
892 1352 1004 1387 initio
1029 1352 1168 1386 mensis
1193 1352 1303 1386 Febr.
1352 1352 1401 1393 (a.
1430 1352 1472 1389 C.
1498 1349 1576 1392 56.)

189 1409 330 1446 Narrat
354 1413 476 1448 subito
501 1401 672 1452 exortam
700 1420 855 1454 Catonis
880 1418 1228 1467 promulgationem
1254 1418 1300 1452 de
1326 1418 1487 1464 imperio
1513 1419 1676 1454 Lentulo

188 1458 428 1506 abrogando,
453 1466 738 1511 verendumque
765 1478 862 1510 esse,
889 1478 937 1501 ne
962 1479 1071 1501 causa
1097 1467 1205 1515 regia
1229 1467 1291 1500 vel
1316 1467 1498 1517 eripiatur
1519 1467 1678 1502 Lentulo

643 1516 706 1550 vel
732 1516 885 1550 omnino
912 1516 1117 1550 deseratur.
1145 1515 1235 1549 1-4.

454 1584 510 1619 Μ.
537 1586 724 1623 CICERO
751 1586 786 1623 S.
812 1588 858 1622 D.
886 1588 924 1621 Ρ.
951 1587 1189 1622 LENTULO
1215 1584 1410 1622 PROCOS.

302 1647 508 1694 Tametsi
537 1653 654 1695 mihi
697 1654 816 1695 nihil
853 1653 944 1695 suit
982 1654 1203 1707 optatius,
1245 1666 1378 1708 quam
1407 1657 1457 1694 ut
1485 1654 1678 1709 primum

189 1702 267 1744 abs
297 1709 341 1746 te
372 1707 496 1762 ipso,
537 1710 701 1752 deinde
731 1724 758 1751 a
787 1711 953 1751 ceteris
994 1710 1196 1750 omnibus
1236 1723 1368 1763 quam
1396 1711 1677 1764 gratissimus

189 1771 299 1813 erga
328 1764 372 1802 te
402 1777 498 1805 esse
529 1778 852 1820 cognoscerer:
895 1770 1043 1806 tamen
1085 1765 1267 1806 afficior
1305 1779 1475 1806 summo
1516 1767 1676 1808 dolore

190 1815 411 1859 eiusmodi
441 1824 643 1875 tempora
671 1826 774 1876 post
803 1826 926 1862 tuam
946 1820 1275 1875 prosectionem
1296 1826 1536 1865 consecuta
1566 1836 1677 1875 esse,

189 1932 352 1968 sachern
377 1937 436 1971 (lie
463 1939 670 1985 Heiligkeit
696 1941 757 1974 des
783 1939 1049 1985 vorgeblichen
1071 1937 1229 1971 Orakels
1255 1948 1293 1971 so
1321 1938 1475 1986 geltend
1498 1940 1680 1986 gemacht

190 1981 254 2015 sei·
283 1984 366 2029 Vgl-
393 1996 454 2031 ep.
481 1980 598 2029 XCI'I,
628 1991 665 2023 l:
698 1988 853 2023 Senatus
878 1987 1073 2034 religionis
1092 1986 1318 2019 calumniam
1345 1991 1417 2020 cet.
1447 2004 1494 2010 —
1519 1997 1562 2019 ne
1585 1988 1679 2031 quis,

189 2030 325 2064 womit
353 2032 549 2079 Pompeius
573 2037 740 2084 gemeint
766 2037 824 2070 ist.
853 2053 895 2060 -
923 2046 989 2078 quo
1016 2035 1100 2067 min.
1129 2034 1214 2068 disc.
1236 2032 1371 2076 fieret,
1404 2034 1485 2068 dass
1509 2045 1546 2067 es
1571 2035 1679 2069 nicht

190 2089 237 2110 zu
262 2079 386 2114 einem
414 2082 615 2118 Abschluss
642 2085 865 2132 gekommen
898 2082 954 2117 ist.
989 2083 1075 2130 Vgl.
1109 2093 1167 2127 ep.
1194 2082 1329 2121 XCIII,
1364 2084 1387 2118 2
1418 2082 1470 2115 im
1506 2082 1593 2115 Anf.
1626 2084 1678 2118 Ut

190 2125 292 2159 enim
318 2135 464 2163 senatus
491 2133 704 2166 consultum
732 2134 860 2173 fieret,
892 2137 1079 2166 senatores
1112 2131 1151 2163 in
1184 2128 1283 2163 hanc
1309 2130 1371 2164 vel
1396 2130 1502 2164 illam
1528 2136 1678 2164 senten—

190 2173 284 2207 tiam
318 2176 508 2212 discedere
543 2192 571 2213 s.
602 2181 760 2226 pedibus
794 2180 849 2213 ire
886 2179 974 2213 iussi
1006 2184 1101 2213 sunt.
1135 2195 1180 2202 —
1212 2177 1274 2221 qui
1304 2188 1398 2211 nunc
1430 2203 1438 2211 .
1474 2201 1482 2210 .
1516 2202 1524 2211 .
1552 2179 1678 2211 conab.

191 2231 328 2264 agere,
358 2236 463 2258 wenn
489 2226 580 2262 aber
604 2229 703 2263 diese
730 2227 936 2262 Menschen
963 2237 1000 2261 es
1025 2226 1235 2261 versuchen
1261 2227 1417 2267 sollten,
1444 2226 1514 2260 den
1532 2225 1677 2259 Namen

192 2269 256 2302 des
284 2271 398 2306 Volks
425 2285 493 2307 zur
517 2275 766 2323 Ausfiihrung
792 2276 897 2310 ihrer
922 2274 1190 2309 rauberischen
1215 2274 1368 2308 Absicht
1391 2273 1677 2308 missbrauchen

193 2329 241 2350 zu
266 2321 417 2354 wollen.
444 2340 488 2346 -—
513 2324 604 2358 salv.
632 2335 731 2368 ansp.
759 2324 843 2372 Vgl.
869 2334 926 2369 ep.
953 2323 1091 2365 xcm,
1117 2323 1150 2356 4.

289 2369 322 2402 3.
348 2370 485 2409 studio,
525 2371 851 2417 Anhanglichkeit
888 2383 937 2405 an
968 2373 1051 2407 Dir.
1084 2389 1128 2395 —
1160 2368 1318 2411 iniuria,
1350 2369 1523 2404 Unrecht
1554 2380 1676 2414 gegen

194 2413 299 2449 Dich.
329 2435 370 2440 —
405 2418 466 2461 qui
497 2418 522 2452 i.
549 2430 581 2452 e.
609 2431 724 2464 quum
761 2432 827 2466 ego
854 2445 862 2452 .
891 2444 901 2456 .
930 2445 939 2454 .
967 2420 1103 2453 videar.
1136 2436 1181 2442 —
1215 2417 1423 2450 meritorum
1457 2421 1597 2450 tuorum
1629 2418 1676 2450 de

194 2473 254 2496 me
281 2465 526 2499 restituendo.
554 2486 596 2492 —
625 2469 693 2501 tibi
719 2478 741 2500 a
764 2470 801 2502 vi
826 2494 835 2503 .
863 2494 874 2505 .
900 2472 1094 2512 praestare
1119 2465 1210 2498 nihil
1232 2476 1395 2508 possum,
1430 2475 1501 2498 vor
1528 2465 1676 2499 Gewalt

194 2509 293 2543 kann
321 2512 384 2546 ich
412 2514 479 2547 Dir
503 2514 614 2549 keine
639 2516 807 2550 Gewahr
824 2517 967 2552 leisten.
988 2535 1030 2541 —
1057 2514 1094 2547 vi
1119 2518 1281 2557 excepta.
1319 2511 1524 2546 Vielleicht
1544 2518 1677 2546 wusste

195 2559 331 2592 Cicero
357 2560 475 2596 sehon
502 2563 642 2604 (hvon,
670 2563 750 2597 dass
776 2565 842 2598 der
868 2564 1010 2597 Tribun
1038 2564 1080 2598 C.
1121 2563 1209 2594 Cato
1244 2561 1313 2594 mit
1348 2561 1431 2593 dem
1467 2559 1675 2594 Gedanken

194 2608 374 2655 umging‚
401 2609 472 2644 den
498 2612 676 2644 Lentulus
702 2622 766 2645 aus
793 2613 917 2646 seiner
943 2610 1103 2645 Provinz
1128 2609 1287 2643 abrufen
1312 2621 1360 2642 zu
1386 2609 1514 2642 lassen.

293 2678 323 2709 l.
349 2676 436 2710 mila·
462 2678 563 2712 nihil.
590 2677 652 2713 Sic
677 2678 818 2721 (Md.·.>)
844 2678 940 2712 Vict.
970 2680 999 2712 l.
1036 2677 1165 2712 Lamb.
1201 2678 1289 2719 Sqq.
1326 2674 1418 2708 nihil
1447 2674 1538 2707 mihi
1570 2674 1671 2707 Vict.

195 2723 229 2758 2.
248 2723 384 2758 Bened.
400 2726 694 2773 Martyni-Lag.
720 2727 790 2761 cfr.
816 2726 916 2761 infra
941 2726 1014 2772 Ep.
1030 2727 1065 2769 9,
1084 2727 1119 2767 9,
1146 2724 1209 2758 ubi
1235 2724 1328 2757 item
1346 2725 1446 2759 Crat.
1462 2722 1555 2756 nihil
1576 2721 1671 2755 milti.
