1742 3006
165 78 251 127 188
432 81 494 122 Μ·
525 82 579 124 Τ.
613 78 950 124 CICERONIS
980 79 1350 124 EPISTOLAE.

158 191 364 233 saiutatio
394 191 585 233 sorensis
624 190 974 245 perhonorifica,
1015 191 1138 246 signa
1177 193 1406 246 praeterea
1445 192 1626 235 benevo-

159 248 319 288 lentiae
347 248 564 301 permulta
593 259 619 287 a
648 248 776 289 bonis
796 248 1122 301 impertiuntur:
1160 247 1337 289 Fufium
1365 247 1625 290 clamoribus

159 306 203 344 et
232 304 444 343 conviciis
474 307 518 343 et
539 302 679 344 sibilis
699 307 1019 345 consectantur.
1075 303 1158 344 His
1181 317 1234 344 ex
1256 303 1385 344 rebus
1406 316 1492 343 non
1513 317 1625 357 spes,

159 358 239 400 sed
277 359 406 398 dolor
445 361 512 399 est
548 359 711 408 maior;
759 373 890 413 quum
938 359 1089 401 videas
1128 359 1320 400 civitatis
1360 359 1626 401 voluntatem

105 419 130 458 2
159 414 368 464 solutam,
407 414 613 455 virtutem
643 415 883 469 alligatam.
952 416 1018 456 Ac
1056 428 1109 456 ne
1149 415 1273 468 forte
1303 426 1488 468 quaeras
1527 418 1631 453 aava*

155 472 296 508 λεπτὸν
324 468 378 510 de
407 470 590 524 singulis
620 471 772 519 rebus,
802 471 1005 512 universa
1025 484 1097 511 res
1121 480 1173 511 eo
1196 474 1262 511 est
1282 469 1494 520 deducta,
1524 482 1625 523 spes

156 528 203 564 ut
231 524 348 565 nulla
386 525 445 566 sit
481 526 713 580 aliquando
752 539 838 567 non
877 525 1008 567 modo
1046 527 1265 580 privatos,
1306 538 1455 567 verum
1494 525 1625 566 etiam

154 580 436 634 magistratus
465 582 624 622 liberos
653 581 765 623 sore.
827 581 926 622 Hac
947 586 1093 622 tamen
1113 582 1159 622 in
1180 582 1464 635 oppressione
1483 594 1628 622 sermo

155 636 201 675 in
241 636 421 677 circulis
461 637 687 678 dumtaxat
727 642 770 678 et
811 637 858 678 in
897 638 1108 679 conviviis
1149 641 1216 677 est
1253 637 1457 687 liberior,
1496 649 1625 691 quam

155 691 252 733 suit.
318 691 512 734 Vincere
551 693 706 748 incipit
743 693 947 734 timorem
977 693 1131 745 dolor,
1171 691 1250 733 sed
1279 693 1366 745 ita,
1404 696 1452 733 ut
1480 692 1628 733 omnia

154 747 243 788 sint
271 747 522 801 plenissima
550 748 880 804 desperationis.
950 748 1095 789 Habet
1135 748 1266 788 etiam
1305 747 1529 801 Campana
1558 748 1627 788 lex

154 803 524 856 exsecrationem,
554 805 599 845 in
628 805 863 857 concione,
893 804 1252 853 candidatorum,
1296 803 1336 843 si
1363 804 1627 844 mentionem

155 858 370 911 fecerint,
410 873 496 914 quo
535 861 663 901 aliter
700 874 808 915 ager
835 860 1114 914 possideatur
1141 862 1269 913 atque
1306 861 1355 898 ut
1381 872 1435 899 ex
1463 858 1627 911 legibus

154 914 295 955 Iuliis.
364 914 465 956 Non
505 916 705 958 dubitant
744 917 892 957 iurare
922 917 1081 957 ceteri:
1121 913 1377 956 Laterensis
1407 914 1627 955 existima-

156 974 229 1011 tur
256 971 374 1012 laute
401 971 583 1023 secisse,
624 972 741 1026 quod
779 972 1046 1014 tribunatum
1082 971 1223 1026 plebis
1263 974 1413 1025 petere
1442 969 1625 1021 destitit,

157 1112 197 1119 —
228 1095 351 1128 Curio.
393 1095 429 1129 S.
464 1106 520 1142 ep.
554 1098 724 1137 XXXIII,
756 1100 789 1133 3.
823 1099 990 1136 XXXVI,
1028 1101 1057 1133 1.
1085 1099 1184 1141 XIX,
1210 1099 1242 1133 5.
1271 1116 1313 1122 -—
1342 1098 1514 1141 sorensis
1539 1103 1627 1132 statt

155 1141 247 1175 huic
272 1143 310 1175 in
337 1145 423 1177 foro
448 1145 653 1189 apparenti.
697 1146 788 1180 Man
813 1147 929 1188 sieht‚
955 1147 1034 1180 dass
1059 1147 1180 1180 dieser
1205 1146 1312 1180 Brief
1329 1157 1406 1181 von
1430 1146 1523 1180 Rom
1551 1157 1626 1188 aus,

156 1200 215 1223 wo
242 1191 375 1225 Cicero
397 1204 432 1225 u.
449 1192 598 1225 Attikus
624 1192 706 1227 sich
732 1196 967 1242 gesprochen
993 1195 1144 1235 hatten,
1178 1206 1223 1227 an
1249 1194 1412 1228 letztern
1439 1193 1626 1239 geschrie-

153 1238 225 1271 ben
251 1239 314 1278 ist,
342 1239 410 1272 der
433 1240 528 1273 nach
555 1241 834 1276 Griechenland
860 1241 1168 1287 zuriickgekehrt
1194 1253 1280 1275 war.
1319 1243 1353 1275 S.
1373 1242 1444 1274 den
1471 1242 1628 1287 vorigen

154 1286 263 1320 Brief
285 1285 313 1327 §.
340 1289 373 1321 3.
402 1306 443 1311 —
470 1287 622 1328 Fufium.
651 1291 694 1334 Q.
721 1291 847 1324 Fufius
873 1291 1043 1328 Calenus,
1071 1291 1138 1323 der
1163 1289 1280 1323 sehon
1306 1290 1358 1322 im
1385 1289 1478 1321 XIX.
1501 1289 1627 1322 Briese

154 1334 208 1367 als
240 1333 491 1368 Volkstribun
525 1336 700 1371 erwahnt
732 1349 829 1379 war,
863 1337 967 1371 hatte
1002 1336 1080 1370 sich
1107 1336 1228 1370 durch
1256 1337 1355 1370 seine
1380 1337 1460 1377 lex,
1493 1342 1534 1370 ut
1559 1336 1625 1369 tri—

154 1383 221 1416 bus
245 1383 444 1427 separatim
471 1382 693 1432 suffragium
721 1386 867 1419 ferrent
893 1385 938 1425 (s.
965 1385 1035 1419 Dio
1063 1386 1159 1420 Cass.
1190 1384 1273 1421 libr.
1300 1385 1381 1428 38),
1407 1383 1483 1417 und
1508 1384 1627 1417 durch

157 1431 258 1465 seine
289 1429 613 1479 Anhanglichkeit
648 1444 695 1465 an
730 1435 843 1468 cesar
878 1433 948 1466 den
983 1433 1173 1467 Patrioten
1208 1432 1346 1474 (bonis)
1372 1431 1541 1466 verbasst
1565 1442 1626 1476 ge-

155 1478 292 1513 macht.
342 1479 398 1512 Im
436 1479 696 1528 nachherigen
731 1480 1013 1529 Biirgerkriege
1048 1491 1155 1525 sogar
1188 1481 1310 1528 folgte
1341 1490 1382 1513 er
1409 1479 1492 1512 dem
1520 1480 1629 1514 cesar

156 1527 232 1560 und
270 1527 395 1573 einige
429 1529 677 1573 Pompeianer
701 1529 875 1562 wandten
901 1528 982 1562 sich
1009 1541 1054 1561 an
1080 1528 1165 1567 ibn,
1199 1540 1263 1560 um
1296 1528 1375 1561 sich
1410 1527 1546 1560 diesem
1581 1540 1628 1561 zu

155 1576 426 1609 unterwerfen.
453 1574 488 1609 S.
515 1587 571 1621 ep,
599 1577 808 1613 CCCXLVI
836 1589 870 1609 u.
892 1575 1066 1611 CCCCX.
1095 1597 1135 1602 —
1163 1576 1336 1615 solutam,
1362 1575 1626 1621 ung-ebunden‚

154 1623 251 1661 ssei,
290 1629 376 1670 gut,
411 1623 462 1656 im
497 1624 653 1671 Gegens.
687 1635 761 1659 von
795 1625 912 1658 virtus
944 1625 1106 1666 alligata
1139 1623 1173 1657 d.
1200 1623 1221 1655 i.
1249 1623 1470 1670 gefesselter
1502 1621 1625 1663 Muth,

155 1671 346 1717 geltihmte
370 1671 581 1705 Thatkrast.

251 1733 284 1767 2.
312 1730 421 1766 κατὰ
456 1732 639 1777 λεπτὸν,
677 1734 913 1776 minutatim,
949 1735 1063 1767 Punct
1097 1734 1161 1768 fiir
1198 1733 1327 1766 Punct.
1355 1733 1397 1766 de
1427 1731 1523 1774 sing.
1551 1734 1622 1767 reb.

155 1780 250 1813 hielt
276 1781 419 1814 Manut.
445 1793 480 1813 u.
508 1782 651 1817 Ernest.
678 1783 742 1816 fiir
767 1782 849 1816 eine
877 1783 1004 1817 Glosse
1019 1783 1081 1816 des
1103 1780 1396 1823 Griechischen,
1423 1792 1458 1815 u.
1480 1781 1624 1815 Bentiv.

154 1828 263 1871 iilgte
297 1827 419 1870 ienes,
454 1840 530 1862 was
566 1830 661 1863 doch
688 1831 760 1863 den
785 1831 990 1874 Gegensatz
1017 1841 1090 1864 von
1116 1830 1287 1862 universa
1320 1839 1378 1861 res
1402 1828 1627 1861 ausmachen

155 1877 238 1913 son.
268 1895 307 1901 --
335 1876 374 1908 in
398 1877 576 1912 concione.
611 1879 773 1911 Distinxi
792 1889 876 1911 cum
895 1878 1040 1912 Bentiv.
1070 1877 1265 1911 ORELLI.
1297 1875 1406 1909 Sinn:
1436 1877 1537 1915 Alle,
1566 1875 1624 1909 die

157 1936 220 1957 um
247 1923 306 1956 ein
331 1922 529 1958 Staatsamt
554 1926 764 1968 anhlelten,
792 1927 945 1968 sollteu,
971 1927 1086 1959 bevor
1111 1925 1161 1958 sie
1187 1930 1298 1957 unter
1317 1923 1376 1956 die
1395 1923 1624 1958 Caudidaten

155 1971 446 2018 ausgenommen
473 1974 649 2017 wfirden,
683 1974 722 2006 in
754 1973 993 2008 offentlicher
1029 1972 1457 2018 Burgerversammlung
1479 1970 1624 2005 schwii-

155 2030 243 2061 ren,
270 2020 349 2052 dass
375 2019 428 2052 sie
454 2019 633 2055 w‘zihrend
658 2021 759 2055 ihres
784 2022 929 2062 Aunes,
970 2023 1020 2054 im
1047 2022 1128 2054 Fau
1154 2021 1205 2052 sie
1233 2019 1293 2052 ein
1319 2019 1461 2053 solches
1487 2017 1623 2052 erhiel—

153 2073 240 2109 ten,
273 2066 521 2101 hinsichtlich
548 2070 615 2103 der
641 2070 940 2115 Campanischen
967 2067 1359 2113 bandervertheilung·
1384 2067 1445 2100 nie
1471 2068 1538 2100 auf
1560 2067 1623 2100 Et—

156 2127 227 2147 was
251 2121 430 2162 anti-agen
456 2118 632 2160 wollten‚
658 2130 732 2150 was
758 2118 828 2151 den
855 2116 1045 2151 Iulischen
1063 2117 1245 2150 Gesetzen
1272 2115 1434 2148 dariibex·
1458 2114 1625 2148 zuwider

155 2163 255 2196 liefe.
305 2162 447 2196 Schutz
472 2165 569 2199 lies't
601 2165 679 2198 und
703 2165 810 2199 theilt
834 2178 873 2199 so
900 2167 961 2199 ab:
1004 2166 1059 2198 lez
1093 2175 1226 2197 ersecr.
1254 2163 1546 2203 candidatorum,
1584 2163 1621 2195 in

155 2211 322 2244 concione
348 2211 382 2243 si
406 2217 510 2245 mene.
536 2213 610 2247 hoc
636 2224 758 2247 sensu:
792 2215 892 2261 Lege
919 2214 1030 2247 etiam
1057 2213 1239 2245 sancitum
1265 2217 1337 2252 est,
1369 2216 1411 2244 ut
1437 2210 1620 2244 honorum

155 2258 343 2291 candidati
360 2269 397 2291 se
416 2259 486 2304 ipsi
502 2262 712 2296 iuramento
739 2254 1041 2301 exsecrarentur,
1069 2261 1098 2293 si
1125 2260 1164 2292 in
1201 2259 1380 2292 concione
1406 2272 1431 2292 s.
1453 2258 1623 2292 oratione

157 2307 200 2339 ad
226 2306 429 2351 populum,
465 2319 575 2351 quam
602 2311 662 2343 vel
688 2310 726 2343 in
758 2316 846 2358 toga
874 2309 1028 2343 candida
1054 2308 1116 2342 vel
1143 2308 1179 2340 in
1206 2307 1428 2352 magistratu
1454 2305 1620 2339 habituri

156 2360 295 2396 essent,
321 2354 550 2390 mentionem
575 2359 736 2392 fecerint
760 2359 805 2392 de
832 2357 1042 2402 abroganda
1067 2357 1150 2402 lege
1173 2355 1268 2389 Iulia
1293 2354 1452 2401 agraria.
1503 2354 1623 2388 Unter

158 2401 362 2435 exsecratio
387 2402 434 2435 ist
459 2405 521 2437 ein
548 2405 708 2439 Schwur
733 2408 804 2440 rnit
840 2403 1197 2450 Verwtinschungen
1226 2403 1379 2449 eigener
1415 2402 1548 2434 Person
1575 2413 1621 2433 zu

157 2449 376 2494 verstehe11,
419 2450 478 2484 die
512 2454 579 2485 auf
607 2455 677 2487 deu
715 2455 796 2488 Fau
829 2455 866 2487 in
900 2454 1108 2497 Ersiillung
1141 2452 1260 2498 gehen
1295 2450 1448 2491 sontem,
1482 2449 1515 2482 si
1547 2455 1619 2485 etc.

159 2498 261 2529 Uber
295 2498 406 2530 aliter
437 2503 543 2545 atque
567 2514 592 2535 ⁵.
618 2501 769 2535 Ranish.
798 2503 825 2544 ἓ.
856 2504 934 2540 179,
960 2502 1000 2543 Β,
1027 2513 1058 2541 a,
1087 2502 1121 2536 4,
1156 2498 1302 2533 Grotef.
1329 2497 1356 2538 §.
1385 2499 1462 2532 385.
1508 2496 1622 2538 Leges

158 2545 279 2578 Iuliae
305 2546 386 2579 sind
413 2546 474 2579 die
500 2559 573 2583 von
600 2550 753 2583 Iulius
779 2553 890 2585 Ciisar
915 2547 1095 2583 withrcnd
1121 2548 1237 2581 seines
1264 2546 1455 2579 Consulats
1487 2555 1622 2590 vorge-

159 2591 383 2638 schlagenen
409 2607 444 2627 u.
473 2607 559 2631 vom
580 2596 700 2631 Volke
719 2599 937 2646 best'a'tigten
962 2598 1126 2630 Gesetzo.
1155 2614 1197 2619 —
1223 2593 1422 2628 Iuvencius
1452 2594 1616 2626 Lateren-

158 2641 230 2676 sis·
266 2641 325 2672 ein
358 2641 558 2692 Anhang-er
590 2646 652 2680 des
683 2648 837 2689 Cicero,
877 2647 921 2678 ist
949 2657 1011 2678 aus
1037 2645 1104 2678 der
1131 2644 1231 2676 Rode
1256 2652 1325 2687 pro
1354 2641 1502 2674 Plancio
1529 2650 1558 2671 e.
1590 2640 1620 2671 1.

160 2689 196 2719 in
227 2686 345 2720 Vatin.
373 2701 402 2721 c.
432 2693 487 2726 11.
517 2693 679 2727 bekannt
705 2708 738 2729 u,
767 2695 865 2730 κνῆ-(1
900 2692 997 2725 noch
1032 2692 1207 2726 erwtihnt
1232 2692 1276 2723 nd
1302 2689 1429 2722 Famii.
1459 2686 1563 2726 vlu,
1589 2688 1609 2718 8

158 2735 199 2777 X,
228 2737 269 2771 21
298 2747 328 2769 u.
358 2739 411 2772 23,
439 2741 484 2775 ad
509 2740 618 2776 Λαίς.
647 2744 728 2788 xn,
758 2746 809 2779 17.
847 2762 889 2768 -—
930 2742 1025 2775 laute
1059 2741 1079 2773 i.
1117 2751 1145 2775 e.
1180 2739 1397 2785 magnifiee,
1431 2733 1622 2782 prhichtig.
