1742 3006
184 53 277 104 394
464 59 527 103 Μ.
558 61 615 105 Τ.
648 55 991 107 CICERONIS
1020 63 1393 110 EPISTOLAE.

184 170 447 227 abstergebo
468 172 694 215 dolorem:
724 177 769 217 et
790 175 952 229 adduc,
983 176 1021 218 si
1052 189 1123 218 me
1153 190 1291 231 amas,
1320 176 1528 220 Marium.
1580 178 1669 222 sed

184 231 492 284 approperate.
552 229 726 272 Hortus
756 230 878 274 domi
909 237 990 275 est.
1607 237 1609 240 ⁴

398 441 717 488 EPISTOLA
748 446 955 489 CXXII.
1015 446 1092 498 (ad
1121 450 1212 490 Att.
1242 447 1326 490 lv.
1359 448 1446 499 11.)

300 516 381 553 scr.
407 518 449 553 in
475 520 647 554 Cumano
671 520 722 559 11.
748 521 830 556 Kal.
857 522 950 557 Mai.
977 520 1020 557 A.
1046 523 1092 559 U.
1120 524 1160 559 c.
1187 524 1268 559 699.
1317 524 1366 567 (a.
1396 523 1437 558 c,
1462 523 1538 567 65.)

179 584 314 630 Rogat,
342 590 383 620 ut
406 593 544 633 pergat
568 587 714 623 Atticus
740 589 812 623 sibi
839 589 1102 674 omnia,lquae
1126 592 1273 625 Romae
1298 592 1451 638 publice
1469 599 1666 638 gerantur,

788 650 957 676 narrare.
1014 641 1075 675 -2.

688 721 871 755 CICERO
904 720 1092 756 ATTICO
1128 719 1166 757 S.

289 783 592 828 Delectarunt
618 799 689 829 me
711 788 932 843 epistolae
961 792 1089 830 tuae:
1120 801 1231 843 quas
1260 789 1417 843 accepi
1441 802 1529 830 uno
1555 791 1666 830 tem-

179 853 289 896 pore
327 841 439 883 duas
487 847 591 884 ante
629 843 749 893 diem
790 859 836 887 11.
877 844 983 888 Kal.
1050 845 1199 899 Perge
1239 844 1429 899 reliqua.
1501 845 1661 887 Gestio

178 897 298 938 scire
327 897 418 939 ista
446 900 608 941 omnia.
666 900 820 941 Etiam
850 900 967 941 illud
997 900 1248 942 cuiusmodi
1277 901 1367 953 sit,
1396 900 1535 942 velim
1563 915 1665 955 per-

177 954 371 1008 spicias:
401 958 530 1008 potes
559 969 586 997 a
616 955 864 998 Demetrio.
932 957 1072 998 Dixit
1112 955 1228 997 mihi
1257 955 1503 1011 Pompeius
1533 956 1666 998 Cras-

177 1022 276 1049 sum
318 1023 346 1051 a
383 1023 431 1051 se
472 1011 519 1050 in
549 1011 724 1053 Albano
766 1013 1023 1067 exspectari
1062 1017 1164 1054 ante
1195 1012 1315 1053 diem
1344 1026 1403 1055 ιν.
1434 1012 1567 1062 Kal.;
1625 1013 1665 1053 is

177 1078 312 1120 quum
340 1067 562 1121 venisset,
592 1065 784 1109 Romam
813 1082 910 1110 esse
940 1069 1095 1110 statim
1125 1072 1358 1122 venturos,
1388 1072 1437 1109 ut
1466 1069 1665 1111 rationes

176 1220 342 1252 {iussertz
387 1228 564 1261 nunquam
588 1218 679 1251 enim
705 1218 840 1261 dicam,
884 1217 926 1252 ἔα
951 1216 1072 1262 πάσας
1093 1217 1305 1265 μελεδῶνας.
1357 1219 1444 1253 Also
1471 1219 1589 1252 meint
1623 1231 1664 1251 er

175 1266 240 1300 das
267 1267 431 1310 Gesagte
456 1266 566 1298 nicht
590 1277 632 1300 so
659 1278 753 1311 ganz
780 1266 966 1302 wortlich.
992 1286 1037 1293 —-
1063 1269 1291 1311 abstergebo,
1318 1267 1438 1302 Oxon.
1460 1270 1492 1303 2.
1521 1269 1663 1301 abster-

175 1324 261 1358 gam
286 1328 343 1356 :-
360 1314 425 1348 ich
452 1314 527 1347 will
551 1315 855 1359 wegstreicheln,
895 1315 930 1348 d.
958 1316 983 1349 i.
1011 1317 1081 1350 Dir
1115 1329 1160 1350 zu
1193 1316 1358 1350 nehmen
1392 1316 1540 1350 suchen.
1614 1315 1662 1349 So

174 1363 348 1409 tropisch
382 1363 429 1396 de
462 1363 609 1396 Senect.
637 1366 672 1398 1.
711 1363 802 1397 abst.
829 1363 1037 1406 molestias‚·
1089 1365 1135 1398 ad
1170 1366 1316 1398 Divers.
1343 1365 1411 1406 IX,
1438 1366 1479 1401 9:
1512 1368 1662 1405 metum;

175 1411 272 1449 Plin,
298 1413 345 1446 H.
371 1413 416 1446 N.
442 1412 574 1453 XXVI,
601 1414 642 1447 7:
661 1412 836 1453 fastidia.
874 1412 1092 1457 Eigentlich
1118 1413 1210 1447 wird
1238 1412 1302 1445 das
1317 1413 1428 1445 Verb.
1454 1411 1665 1457 gebraucbt

176 1472 261 1496 vom
276 1460 508 1495 Abwischen
533 1459 599 1493 der
614 1460 789 1493 Thranen
809 1460 1014 1506 (lacrymas
1024 1463 1129 1496 Curt.
1143 1463 1187 1503 V,
1203 1461 1236 1496 5.
1254 1461 1388 1494 fletum
1401 1460 1479 1494 Cic.
1497 1459 1663 1505 Philipp.

173 1510 273 1552 XIV,
287 1511 358 1552 13),
386 1509 564 1542 desBluts
583 1508 825 1550 (Liv.1‚41.)‚
852 1509 918 1543 der
934 1509 1108 1544 WVunden
1135 1510 1306 1554 (Terent.
1334 1509 1511 1550 Eun.IV,
1540 1511 1573 1551 7,
1599 1509 1659 1549 99)

174 1569 211 1592 u.
240 1570 271 1595 s.
299 1570 343 1591 w.
368 1576 415 1583 —-
450 1558 593 1590 Hortus
619 1557 718 1591 domi
743 1561 797 1591 est
821 1557 846 1592 i.
875 1569 906 1591 e.
932 1558 988 1591 ita
1015 1554 1237 1604 propinquis
1262 1558 1433 1598 aedibus,
1467 1562 1508 1590 ut
1531 1557 1661 1590 hortus

174 1607 216 1640 in
249 1606 343 1652 ipsis
376 1605 529 1639 aedibus
554 1617 631 1639 esse
656 1605 777 1638 videri
802 1607 932 1651 possit.
958 1607 1074 1640 ERN.
1122 1607 1240 1641 Tisliu
1267 1606 1304 1639 in
1330 1618 1358 1639 s.
1387 1605 1595 1639 Collectan.
1621 1605 1660 1638 in

174 1656 244 1700 Ep.
273 1655 320 1688 ad
346 1653 468 1697 Quint.
495 1656 618 1688 Fratr.
644 1666 678 1698 p.
697 1655 764 1689 281
791 1655 1076 1688 unterscheidet
1092 1652 1232 1697 hortus,
1258 1654 1563 1698 Kiichengarten‚
1588 1663 1662 1686 von

175 1701 286 1744 horti,
298 1704 529 1747 Lustgzirten
557 1704 599 1744 (s.
612 1703 802 1738 Gat.R.R.
819 1703 852 1739 8.
867 1705 957 1737 Hor.
982 1703 1055 1737 Sat.
1077 1704 1124 1746 11,
1151 1705 1184 1738 4.
1204 1704 1259 1738 16.
1291 1703 1371 1739 Cic,
1398 1703 1446 1735 ad
1462 1702 1663 1742 Div.XV1,

178 1752 254 1794 18),
280 1751 358 1784 und
384 1751 517 1794 meint,
541 1751 676 1786 Cicero
706 1750 804 1783 habe
830 1751 869 1785 in
895 1752 1037 1785 Scherz
1063 1763 1174 1796 sagen
1201 1751 1360 1785 wollen:
1390 1762 1428 1783 cs
1448 1750 1543 1783 wird
1561 1762 1660 1784 zwar

178 1799 326 1833 schmal
356 1799 419 1832 bei
452 1799 525 1832 mir
558 1799 772 1843 hergehen‚
813 1800 904 1834 aber
938 1801 1159 1844 wenigstens
1185 1811 1231 1832 an
1256 1799 1423 1832 frischen
1452 1799 1662 1842 Gartenge—

178 1848 355 1882 w5011sen
380 1847 448 1880 soll
475 1859 511 1880 es
537 1847 646 1880 nicht
671 1847 820 1891 fehlen;
872 1849 939 1881 der
964 1850 1106 1882 Garten
1140 1849 1234 1891 liegt
1260 1846 1422 1881 beinahe
1448 1847 1500 1879 im
1528 1849 1661 1880 Hause.

177 1898 357 1941 Hungern
392 1896 480 1929 sont
519 1896 582 1929 ihr·
619 1895 694 1928 also
728 1895 848 1929 nicht.
889 1897 1071 1930 Hortalus
1101 1896 1257 1929 Miilleri
1292 1907 1388 1941 susp.
1421 1895 1460 1927 in
1494 1895 1664 1928 Seeboda

178 1944 330 1978 Archiv.
356 1944 392 1987 2,
418 1944 452 1979 3.
480 1956 515 1990 p.
541 1945 622 1979 568.
667 1943 829 1989 Quintus
855 1945 1076 1978 Hortensius
1102 1950 1241 1983 orator,
1272 1943 1497 1989 cognomine
1523 1945 1660 1977 Horta-

177 1993 247 2029 lus.
299 1992 384 2026 Vid.
411 2003 470 2038 ep.
497 1993 561 2035 LI,
590 1995 621 2027 1.

275 2062 308 2095 1.
335 2063 421 2094 ante
445 2060 538 2094 diem
560 2060 617 2094 ΙΙ.
646 2059 751 2102 Kal„
778 2071 839 2093 am
865 2060 923 2095 29.
951 2058 1068 2105 April.
1120 2059 1182 2093 Sic
1216 2059 1301 2094 cod.
1328 2059 1473 2093 decurt.
1501 2059 1661 2092 Manutii

176 2109 316 2155 suspic.
350 2110 516 2143 firmans.
550 2109 634 2142 Bos.
660 2108 751 2153 sqq.
789 2108 1074 2153 scripseramne
1100 2119 1187 2153 ergo
1215 2109 1270 2141 sic
1296 2108 1439 2153 antiqui
1465 2118 1556 2152 pro:
1580 2107 1661 2150 pri-

178 2157 238 2192 die
271 2156 383 2190 Rau!
432 2157 477 2189 de
512 2168 584 2202 quo
621 2156 823 2190 admodum
859 2156 1002 2190 dubito.
1055 2157 1187 2190 Malim
1220 2157 1302 2189 fere
1334 2167 1377 2189 ex
1404 2157 1522 2189 attera
1548 2157 1655 2190 Man.

177 2217 295 2251 susp.:
335 2216 369 2238 α.
396 2205 430 2238 (ί.
457 2205 531 2238 ΙΙΙ.
559 2205 668 2247 ΚαΙ.;
695 2206 754 2239 vel
779 2205 1010 2238 restitutum:
1043 2205 1164 2248 pridie
1190 2206 1303 2242 Kal..
1333 2204 1431 2250 quod
1455 2203 1580 2249 potius
1605 2203 1661 2236 iu·

178 2254 279 2287 dico.
311 2253 507 2287 ORELLI.
560 2272 602 2278 —
654 2255 791 2295 Perge.
817 2253 970 2298 Reliqua
995 2253 1116 2295 gestio
1140 2254 1245 2287 scire.
1284 2253 1364 2286 Ista
1390 2253 1511 2286 onmia
1537 2252 1657 2285 etiam.

177 2302 280 2336 Illud
305 2301 507 2346 distinguit
531 2299 614 2335 Md.
646 2301 842 2336 ORELLI.
878 2322 920 2328 —
953 2302 1054 2334 Illud
1078 2301 1228 2334 bezieht
1253 2301 1337 2334 sich
1364 2302 1432 2334 auf
1453 2301 1547 2340 Das,
1589 2310 1661 2332 was

178 2362 265 2384 vom
290 2351 489 2395 Pompeius
516 2350 627 2393 solgt.
678 2369 720 2375 -
773 2362 795 2383 α
825 2350 1027 2392 Demetrio,
1074 2361 1158 2383 vom
1193 2351 1264 2383 Gn.
1299 2349 1531 2389 Demetrius,
1574 2348 1657 2381 dem

177 2398 483 2444 Freigelassenen
510 2398 582 2431 und
612 2397 837 2432 Vertrauten
861 2399 923 2431 des
951 2398 1161 2443 Pompeius,
1188 2399 1323 2431 kannst
1348 2398 1408 2430 Du
1434 2398 1506 2430 den
1532 2396 1660 2430 Inhalt

178 2447 255 2481 und
288 2447 423 2481 Zweck
456 2447 524 2481 der
544 2447 754 2492 ‚neulichen
781 2446 1041 2491 Unterredung
1075 2447 1260 2480 zwischen
1286 2446 1425 2479 diesem
1450 2444 1526 2478 und
1552 2445 1658 2477 Cras—

178 2508 241 2530 sus
275 2495 463 2530 erfahren.
533 2495 636 2528 Uber
676 2497 892 2529 Demetrius
933 2508 959 2527 s.
993 2495 1090 2529 Plin.
1132 2497 1176 2528 H.
1212 2496 1254 2529 N.
1287 2494 1435 2534 XXXV,
1477 2494 1535 2528 18.
1587 2493 1659 2527 Dio

180 2545 333 2579 XXXIX
366 2557 399 2578 u.
427 2543 605 2578 Plutarch
629 2543 682 2576 im
709 2545 842 2589 Pomp.
877 2562 918 2567 —
959 2545 1130 2577 Crassum
1155 2543 1362 2584 consulem,
1389 2541 1588 2586 collegam.
1614 2558 1659 2565 —

182 2598 265 2626 ante
299 2593 332 2625 d.
358 2593 428 2628 IV.
457 2593 568 2633 Kal„
617 2593 683 2626 auf
707 2593 777 2626 den
803 2594 861 2628 26.
889 2592 1014 2635 April.
1081 2592 1271 2640 Obgleich
1297 2591 1350 2624 sie
1377 2590 1555 2627 Consules
1582 2600 1659 2621 wa-

182 2651 271 2682 ren,
322 2641 492 2674 konnten
521 2641 573 2674 sie
606 2652 643 2674 es
674 2641 758 2674 sich
791 2640 828 2673 in
863 2639 988 2672 diesen
1023 2639 1151 2672 Zeiten
1188 2641 1255 2674 der
1287 2640 1525 2683 Verwirrung
1558 2637 1659 2669 doch

182 2689 503 2730 herausnehmen,
545 2689 667 2734 einige
692 2691 797 2734 Tage
822 2699 948 2722 ausser
972 2689 1074 2721 Rom
1099 2689 1168 2722 auf
1191 2689 1302 2722 ihren
1332 2687 1438 2721 vinis
1463 2685 1659 2720 zuzubrin-

182 2748 264 2781 gen.
290 2756 336 2764 —-
362 2742 399 2770 ut
426 2763 433 2771 .
464 2763 471 2770 .
499 2763 508 2771 .
533 2742 723 2782 putarent,
765 2749 831 2771 um
864 2736 923 2770 die
947 2736 1202 2783 Rechnungen
1229 2738 1300 2771 mit
1324 2736 1393 2772 den
1419 2733 1658 2780 Stoatspfich-
