1742 3006
531 84 613 126 ΕΡ
622 82 857 126 ISTOLA
883 81 1094 126 XXVII.
1466 81 1554 128 115

0 194 4 245 ,ἕ
62 197 281 239 videmur.
340 197 591 244 Πελληναίωυ
620 196 665 235 in
694 195 895 236 manibus
925 196 1128 235 tenebam
1157 196 1203 234 et
1224 191 1407 234 hercule
1428 205 1550 248 mag-

0 278 3 302 ,ι
62 267 166 294 num
207 264 416 294 acervum
445 249 722 292 Dicaearchi
767 249 882 291 mihi
920 253 1024 290 ante
1054 248 1190 303 pedes
1219 252 1549 291 exstruxeram.

63 309 107 350 O
148 321 354 362 magnum
394 305 641 348 hominem:
694 310 740 347 et
777 320 804 348 a
840 318 929 360 quo
966 306 1108 345 multo
1149 305 1281 359 plura
1317 304 1550 357 didiceris,

0 369 1 372 ’
63 377 196 418 quam
225 364 280 405 de
309 362 528 403 Procilio.
587 364 811 413 Κορινθίων
839 365 885 402 et
910 360 1125 409 Ἀθηναίων
1152 364 1259 414 puto
1288 373 1358 401 me
1379 360 1552 401 Romae

64 419 242 461 habere.
311 416 432 458 Mihi
477 417 637 470 crede,
679 419 803 472 leges
832 416 962 467 haec,
995 415 1152 466 [doceo
1167 414 1196 466 ς]
1227 416 1450 457 mirabilis
1479 417 1553 457 vir

0 475 5 507 ³2
64 478 146 517 est.
214 471 404 523 Ἡρώδης,
441 473 482 514 si
522 472 657 514 homo
695 477 838 527 esset,
890 485 990 514 eum
1020 470 1167 525 potius
1198 471 1392 524 legeret,
1421 485 1552 526 quam

2 545 6 573 t
65 543 196 572 unam
227 530 406 570 literam
434 529 673 570 scriberet:
726 530 805 584 qui
836 542 906 570 me
936 527 1131 581 epistola
1159 527 1347 580 petivit,
1395 528 1453 568 ad
1492 532 1551 579 te,

1 582 6 630 ’ἔ
64 592 113 628 ut
141 585 290 637 video,
320 586 565 626 comminus
596 586 799 626 accessit.
867 583 1137 625 coniurasse
1166 582 1374 635 mallem,
1421 595 1553 636 quam

2 655 5 662 “
64 642 286 683 restitisse
317 641 637 694 coniurationi,
671 642 709 682 si
731 642 862 682 illum
885 638 1000 681 mihi
1021 637 1292 679 audiendum
1313 641 1552 692 putassem.

63 750 206 791 minus,
249 760 362 794 quam
391 759 459 793 par
490 753 563 787 est,
607 753 792 784 amantes.
844 747 913 782 Sed
940 747 969 780 si
995 747 1068 780 hoc
1096 746 1271 780 voluisset
1297 745 1452 786 Cicero,
1487 757 1554 778 cur

4 812 5 816 ¹
64 810 141 831 non
174 798 309 831 Latine
342 796 510 830 dixisset:
549 796 702 839 patrui?
754 797 897 831 Contra
930 794 1120 829 συννοσεῖν
1163 806 1236 828 uno
1270 794 1383 828 verbo
1417 794 1554 829 Latino

64 857 139 880 non
165 852 313 891 poterat
338 852 416 879 tam
443 843 624 877 concinne
651 844 820 889 exprimi.
873 844 1071 878 ORELLI.

162 896 196 930 2.
230 891 522 936 Πελληναίων
559 892 640 925 scil.
666 891 851 926 πολιτείαν
883 904 904 925 a
930 892 1169 925 Dicaearcho
1202 892 1392 937 scriptam.
1443 892 1557 925 Dica-

4 949 5 958 ¹
69 943 201 976 archus
229 954 290 975 aus
315 941 479 975 Messina
506 941 545 972 in
570 939 746 983 Sicilien,
781 941 839 973 ein
865 941 1149 981 Aristoteliker‚
1177 940 1281 973 hatte
1305 947 1417 973 unter
1444 940 1557 973 ande-

6 1033 7 1037 *
65 1002 131 1025 ren
164 989 610 1035 historisch-politische
648 989 958 1033 Betrachtnngen
992 990 1090 1022 iiber
1123 989 1184 1022 die
1219 989 1449 1033 Verfassung
1484 988 1557 1020 und

6 1057 8 1073 ς
67 1039 416 1080 staatsverwaltung
443 1037 510 1070 der
535 1037 727 1077 Peneum,
769 1037 974 1071 Korinther
999 1037 1076 1070 und
1101 1037 1268 1070 Athener
1292 1036 1558 1081 geschrieben.

66 1087 106 1123 S.
136 1088 217 1122 Cic.
247 1088 359 1120 Tusc.
388 1085 492 1130 Disp.
522 1086 553 1125 Ι,
585 1087 647 1126 10,
674 1087 730 1120 21.
758 1086 803 1118 de
830 1085 943 1119 offic.
974 1088 1021 1128 II,
1048 1087 1083 1127 5,
1112 1087 1170 1122 16.
1199 1086 1267 1130 Ep.
1296 1085 1343 1118 ad
1360 1085 1477 1119 Attic.
1497 1086 1559 1126 vl,

6 1173 7 1178 ¹
63 1137 99 1178 2.
126 1136 242 1176 XIII,
277 1136 334 1170 32.
361 1133 464 1168 Suid.
494 1135 602 1170 Vari-0
630 1133 675 1166 de
702 1135 746 1166 R.
772 1136 817 1167 R.
841 1134 885 1176 Ι,
912 1136 945 1169 2.
983 1133 1198 1167 Athenaeus
1223 1135 1255 1175 1,
1284 1135 1340 1167 13.
1399 1133 1559 1170 Pellene,

6 1198 8 1200 ’
67 1180 251 1227 Πελλήνη,
289 1183 353 1229 lag
385 1182 451 1215 auf
496 1181 620 1214 einem
654 1181 783 1214 steilen
810 1183 941 1216 Felsen
973 1182 1107 1216 mitten
1133 1182 1171 1215 in
1201 1181 1286 1215 dem
1311 1181 1561 1215 Kiistenlande

7 1246 10 1261 ,-
68 1233 220 1268 Achaia,
248 1250 289 1256 —
320 1231 495 1272 tenebam,
523 1230 585 1262 ich
615 1230 717 1262 halte
744 1230 831 1271 (das
857 1230 1012 1276 Imperf.
1047 1231 1111 1264 des
1137 1230 1333 1265 Briefstils.
1396 1229 1435 1266 S.
1465 1229 1562 1262 Gro-

8 1309 10 1326 5
70 1281 135 1313 tef.
165 1282 193 1324 ᾖ.
222 1282 316 1321 177).
367 1277 467 1312 Wo‘?
502 1279 568 1310 auf
593 1278 677 1310 dcm
704 1278 1023 1312 Tusculanischen
1048 1279 1253 1324 Landgute.
1280 1297 1323 1302 —
1374 1277 1563 1311 Dicaear-

8 1341 10 1345 ·
69 1326 128 1360 clei
153 1328 350 1361 librorum.
403 1346 447 1351 —
499 1329 774 1368 exstruxerant,
817 1326 884 1359 ich
917 1327 1014 1359 habe
1046 1327 1156 1360 einen
1182 1337 1333 1371 grossen
1359 1324 1462 1359 Stoss
1488 1337 1561 1359 von

8 1374 10 1412 ἶ
72 1376 241 1409 Biichern
269 1375 332 1408 des
358 1373 589 1408 Dicam-chus
617 1385 684 1406 vor
710 1374 783 1407 mir
810 1374 1081 1419 aufgethiirmt.
1131 1374 1192 1407 Sic
1219 1374 1322 1407 Med.
1349 1373 1437 1406 Cdd.
1464 1373 1560 1414 noti,

10 1448 11 1466 3
71 1423 155 1456 edd.
184 1423 265 1456 Ald.
292 1425 375 1456 Asc.
403 1424 435 1457 2.
464 1423 551 1466 Sqq.
581 1425 812 1456 &traxeram
840 1425 962 1457 Oxon.
989 1425 1023 1458 2.
1062 1423 1310 1456 obstruxeram
1342 1422 1437 1458 Edd.
1473 1428 1559 1454 vett.

10 1492 11 1495 =
71 1471 154 1505 Asc.
184 1474 215 1506 1.
245 1482 320 1504 non
345 1471 509 1515 improb.
535 1470 679 1504 Ernest.
709 1471 786 1507 ΟΒ,
835 1471 985 1505 Ernesti
1012 1471 1152 1504 erklart
1177 1471 1272 1504 diess
1298 1470 1416 1503 durch
1441 1470 1561 1504 libros

10 1549 13 1561 ,,
73 1519 290 1562 (volumina,
317 1519 465 1560 Rollen)
490 1519 607 1551 lectos
635 1526 720 1551 ante
747 1518 859 1563 pedes
885 1520 1108 1553 abieceram.
1174 1519 1255 1552 Vid.
1282 1519 1410 1553 Senec.
1440 1519 1558 1562 Epist.

9 1566 12 1593 ἓ
72 1569 131 1603 46.
172 1568 261 1612 ibiq.
290 1566 454 1600 Gronov.
504 1585 548 1590 —
598 1577 621 1598 a
648 1577 715 1610 quo
734 1590 744 1606 ,
777 1568 880 1602 forte
906 1568 948 1600 de
974 1579 1025 1602 eo.
1056 1568 1128 1602 OR.
1157 1571 1190 1600 et
1214 1567 1304 1600 unde
1330 1567 1439 1600 mullo
1467 1578 1562 1611 susp.

10 1621 13 1660 j
69 1616 200 1650 Lamb.
249 1607 353 1650 Uber
386 1613 562 1647 didiceris
597 1625 624 1646 s-
656 1613 816 1652 Ramsh.
851 1616 883 1659 ἕ.
912 1618 992 1651 166.
1019 1617 1054 1658 3,
1081 1627 1112 1649 a.
1172 1615 1323 1648 Grotef.
1354 1615 1495 1658 §.18:3.
1519 1633 1563 1639 -—-

11 1676 13 1682 ’
73 1663 278 1705 Procilius,
321 1662 383 1696 ein
410 1674 481 1696 von
507 1662 657 1695 Attikus
683 1663 943 1707 gescha'tzter,
985 1670 1086 1697 sonst
1114 1663 1372 1696 unbekannter
1399 1662 1565 1696 Schrift-

12 1715 13 1760 ζ
71 1712 218 1753 steller,
255 1711 341 1752 der,
376 1711 445 1744 wie
471 1721 508 1743 es
535 1710 702 1752 scheint‚
745 1711 957 1755 gleichfalls
987 1713 1084 1745 iiber
1111 1712 1276 1754 LEnder,
1315 1712 1458 1745 Volker
1491 1711 1566 1744 und

71 1758 480 1807 naturgeschichtliche
508 1758 768 1803 Gegenstande
794 1761 1038 1805 geschrieben
1065 1760 1182 1794 hatte.
1233 1760 1268 1794 S.
1299 1760 1388 1793 Plin.
1412 1761 1514 1800 VIII,
1532 1761 1565 1794 2.

12 1850 15 1856 ,
72 1806 183 1842 Varr.
217 1809 262 1841 de
294 1809 338 1842 L.
378 1809 419 1841 L.
449 1808 518 1842 lV.
595 1809 698 1841 Voss.
743 1807 788 1841 de
829 1807 963 1842 histor.
997 1810 1081 1843 Lat.
1119 1809 1156 1851 1,
1199 1811 1254 1844 12.
1306 1829 1350 1835 -
1401 1811 1506 1854 Κορ.
1534 1812 1566 1839 et

14 1866 15 1870 ¹
73 1856 209 1895 (Oxon.
240 1857 270 1890 1.
299 1858 381 1889 Asc.
413 1857 442 1889 1.
468 1856 599 1889 Lanib.
627 1854 702 1897 καὶ)
725 1852 865 1899 Ἀθην.
894 1857 974 1890 scil.
1000 1857 1197 1897 πολιτείας,
1224 1869 1283 1890 res
1318 1856 1500 1902 publicas.
1522 1874 1565 1880 —

13 1937 15 1954 ἶ
73 1904 172 1937 Mihi
204 1904 328 1945 crede,
364 1905 466 1946 leges
493 1902 600 1945 haec,
628 1903 818 1948 [doce03]
845 1907 927 1939 mir.
954 1917 985 1942 υ,
1014 1910 1078 1939 est.
1130 1906 1320 1950 Corrupta
1345 1905 1454 1938 haec.
1506 1905 1567 1938 Sic

14 1962 15 1980 ῑ
74 1953 209 1986 saltem
235 1952 371 1997 scripsi
396 1962 507 1986 nunc.
559 1954 731 1985 Fortasse
758 1954 866 1987 doceo
895 1961 1017 1987 ortum
1045 1958 1098 1987 est
1115 1965 1134 1987 e
1162 1955 1273 1998 gloss.
1301 1965 1367 1999 per
1392 1964 1567 1997 compen-

14 2015 16 2054 :
76 2000 179 2034 dium
221 2000 383 2045 scripto:
421 1999 508 2032 haec
545 1999 766 2034 Dicaearchi
792 2016 802 2034 .·
829 2002 922 2035 vel:
950 2001 1060 2035 llaec:
1101 2000 1354 2035 Dicaearchus
1391 2002 1473 2035 mir.
1510 2002 1569 2034 vir

14 2061 17 2086 y
74 2053 139 2081 est.
194 2049 302 2082 Venit
329 2054 452 2081 tamen
479 2048 516 2080 in
542 2055 721 2088 mentem,
751 2061 797 2082 an
822 2051 869 2084 sit
896 2051 1127 2095 significatio
1154 2050 1313 2084 fortasse
1339 2062 1432 2084 vers.
1458 2050 1569 2084 Luci-

72 2096 176 2130 liani.
233 2095 335 2130 Milli
368 2096 474 2128 crede
512 2096 668 2138 (credas
702 2098 834 2134 Lamb.
869 2099 909 2131 in
943 2110 992 2132 m·
1023 2099 1135 2140 1584)
1172 2099 1348 2140 legendus
1373 2102 1446 2131 est.-
1485 2098 1567 2130 mir.

15 2177 17 2186 Α
72 2144 205 2179 Lamb.
239 2143 331 2177 mihi
355 2144 494 2187 credes,-
529 2145 651 2186 Ieges‚·
687 2144 773 2178 haec
800 2147 908 2180 doceo
944 2147 1009 2182 Cd.
1034 2146 1178 2180 decurt.
1206 2150 1291 2181 Bos.
1320 2147 1451 2180 Graev.
1481 2147 1570 2179 Ern.

16 2191 18 2235 ᾖ
74 2192 168 2226 mila·
193 2193 319 2232 crede,
361 2192 443 2234 lege
468 2191 519 2224 sis
544 2193 593 2233 (si
618 2193 688 2235 vis)
714 2193 781 2227 hoc
806 2196 882 2228 otio
910 2195 1061 2229 Schiitz.
1088 2195 1230 2241 partim
1254 2207 1298 2228 ex
1324 2194 1445 2239 Lipsii
1471 2206 1571 2238 susp.

16 2264 18 2278 ‚
73 2240 166 2274 milei
192 2239 363 2282 credesz's,
392 2241 474 2282 lege
498 2238 565 2272 hoc
590 2241 663 2274 otio
690 2241 835 2283 (credas
861 2243 953 2276 Cdd.
980 2243 1162 2289 Malasp.)
1190 2244 1266 2278 ΟΒ.
1292 2262 1337 2269 -
1361 2238 1572 2288 Ἡρώδης,

16 2317 17 2321 ,
76 2288 135 2321 ein
161 2288 422 2322 unbekannter
447 2288 744 2332 Schriftsteller,
793 2292 853 2324 ein
879 2291 1086 2337 Philosoph
1111 2303 1174 2325 aus
1199 2293 1344 2331 Athen,
1387 2290 1454 2324 der
1480 2291 1573 2324 iiber

16 2334 17 2346 ¹
78 2336 240 2371 Cicero’s
267 2337 447 2372 Consulat
474 2337 701 2370 Griechisch
729 2338 979 2385 geschrieben
1014 2340 1130 2374 hatte.
1190 2339 1396 2374 Vielleicht
1430 2337 1574 2371 dersel·

17 2391 19 2398 ¹
76 2384 142 2422 be,
188 2385 273 2419 dem
301 2385 435 2420 Cicero
462 2385 628 2418 nachher
654 2386 782 2419 seinen
809 2386 933 2428 Solm,
968 2388 1019 2420 als
1047 2389 1168 2421 dieser
1193 2389 1230 2422 in
1256 2387 1380 2422 Athen
1408 2387 1576 2419 studiren

18 2429 19 2470 ξ
78 2431 209 2476 sollte,
243 2433 280 2466 in
308 2433 484 2466 Aufsicht
511 2433 591 2477 gab.
642 2433 675 2466 S.
703 2435 894 2469 Plutarch.
922 2436 960 2468 in
988 2436 1062 2469 Cic.
1089 2437 1175 2470 vita.
1252 2439 1304 2471 Er
1336 2441 1471 2469 musste
1505 2436 1577 2468 seit

18 2507 19 2511 ,
79 2479 150 2512 den
186 2492 256 2513 von
288 2481 358 2515 694
392 2493 439 2513 an
466 2481 717 2514 verssossenen
746 2485 790 2518 16
815 2483 953 2517 Iahren
991 2484 1071 2517 eine
1108 2486 1255 2519 bessere
1288 2484 1473 2528 Meinung
1503 2494 1576 2516 von

19 2532 21 2537 “
79 2527 162 2560 ihm
187 2528 409 2561 bckommen
437 2528 574 2563 haben.
636 2531 726 2563 Man
763 2532 1012 2566 verwechsele
1037 2533 1148 2566 nicht
1175 2534 1338 2568 Cicero's
1363 2532 1579 2574 Freigelas-

19 2612 21 2619 Ι
79 2585 195 2607 senen
223 2575 286 2608 des
311 2577 474 2610 Namens
500 2577 570 2610 mit
595 2577 685 2611 ihm.
737 2580 769 2612 S.
798 2580 843 2612 ad
868 2579 983 2614 Attic.
1014 2582 1074 2619 Vl,
1105 2584 1134 2615 l.
1163 2582 1217 2615 14.
1248 2582 1303 2617 16.
1333 2582 1386 2616 18.
1422 2580 1500 2617 XV·
1519 2581 1574 2617 27·

20 2624 21 2629 ’
80 2641 125 2647 -
151 2622 184 2655 si
209 2621 311 2656 homo
338 2629 439 2664 esset,
466 2637 570 2658 wenn
600 2637 641 2659 er
666 2627 1056 2662 Menschenverstand
1083 2628 1203 2662 hatte.
1220 2647 1264 2652 —
1291 2629 1351 2672 qui
1379 2653 1387 2662 .
1417 2652 1425 2660 .
1454 2652 1462 2660 .
1487 2631 1576 2670 pet,

20 2696 22 2722 ,Ι
80 2670 147 2703 der
171 2671 273 2704 mich
313 2671 383 2705 mit
415 2673 535 2706 einem
569 2674 696 2707 Briefe
730 2674 995 2721 heimgesucht
1028 2677 1108 2710 hat.
1175 2676 1223 2709 So
1260 2684 1387 2721 petere
1414 2676 1578 2720 aliquem

21 2735 22 2759 j
81 2719 205 2757 ferro,
232 2718 352 2760 malo,
378 2720 487 2754 bello.
550 2723 742 2766 Entgegen
780 2730 925 2768 gesetzt
958 2725 1006 2756 ist
1042 2725 1192 2757 accessit
1227 2725 1252 2758 i.
1282 2736 1314 2759 e.
1351 2725 1424 2758 tibi
1452 2734 1580 2757 coram

21 2773 23 2779 ’
82 2766 261 2801 molestus
288 2767 371 2806 fuit,
399 2768 468 2801 Dir
494 2769 540 2803 ist
566 2781 606 2803 er
633 2780 744 2815 sogar
770 2772 839 2806 auf
864 2771 933 2805 den
960 2771 1053 2805 Leib
1082 2772 1253 2816 geriickt.
1281 2791 1323 2797 -
1366 2772 1579 2806 audiendum

1045 2837 1113 2884 8*
