<?xml version="1.0" encoding="UTF-8"?>
<!DOCTYPE html PUBLIC "-//W3C//DTD XHTML 1.0 Transitional//EN"
    "http://www.w3.org/TR/xhtml1/DTD/xhtml1-transitional.dtd">
<html xmlns="http://www.w3.org/1999/xhtml" xml:lang="en" lang="en">
 <head>
  <title>
</title>
<meta http-equiv="Content-Type" content="text/html;charset=utf-8" />
  <meta name='ocr-system' content='tesseract 3.04.00' />
  <meta name='ocr-capabilities' content='ocr_page ocr_carea ocr_par ocr_line ocrx_word'/>
</head>
<body>
  <div class='ocr_page' id='page_1' title='image "./epistolaeadattic00ciceuoft_0470.png"; bbox 0 0 1742 3006; ppageno 0'>
   <div class='ocr_carea' id='block_1_1' title="bbox 180 93 1384 147">
    <p class='ocr_par' dir='ltr' id='par_1_1' title="bbox 180 93 1384 147">
     <span class='ocr_line' id='line_1_1' title="bbox 180 93 1384 147; baseline 0.006 -15"><span class='ocrx_word' id='word_1_1' title='bbox 180 97 275 147; x_wconf 62' lang='lat'>452</span> <span class='ocrx_word' id='word_1_2' title='bbox 462 98 522 140; x_wconf 86' lang='lat' dir='ltr'>M.</span> <span class='ocrx_word' id='word_1_3' title='bbox 555 98 612 140; x_wconf 90' lang='lat' dir='ltr'>T.</span> <span class='ocrx_word' id='word_1_4' title='bbox 644 93 984 140; x_wconf 87' lang='lat' dir='ltr'><strong>CICERONIS</strong></span> <span class='ocrx_word' id='word_1_5' title='bbox 1015 95 1384 139; x_wconf 86' lang='lat' dir='ltr'>EPISTOLAE.</span> 
     </span>
    </p>
   </div>
   <div class='ocr_carea' id='block_1_2' title="bbox 178 208 1658 318">
    <p class='ocr_par' dir='ltr' id='par_1_2' title="bbox 178 208 1658 318">
     <span class='ocr_line' id='line_1_2' title="bbox 179 208 1657 264; baseline -0.001 -11"><span class='ocrx_word' id='word_1_6' title='bbox 179 214 302 253; x_wconf 70' lang='lat' dir='ltr'>tanta</span> <span class='ocrx_word' id='word_1_7' title='bbox 331 210 474 253; x_wconf 80' lang='lat' dir='ltr'>insula</span> <span class='ocrx_word' id='word_1_8' title='bbox 504 209 688 264; x_wconf 79' lang='lat' dir='ltr'>peritior</span> <span class='ocrx_word' id='word_1_9' title='bbox 717 213 762 250; x_wconf 76' lang='lat' dir='ltr'>te</span> <span class='ocrx_word' id='word_1_10' title='bbox 793 208 961 250; x_wconf 76' lang='lat' dir='ltr'>fuisset.</span> <span class='ocrx_word' id='word_1_11' title='bbox 1021 208 1341 250; x_wconf 75' lang='lat' dir='ltr'><strong>Verumtamen</strong></span> <span class='ocrx_word' id='word_1_12' title='bbox 1365 229 1416 238; x_wconf 79' lang='lat'>—-</span> <span class='ocrx_word' id='word_1_13' title='bbox 1439 208 1657 252; x_wconf 83' lang='lat' dir='ltr'>rideamus</span> 
     </span>
     <span class='ocr_line' id='line_1_3' title="bbox 178 264 1658 318; baseline -0.001 -9"><span class='ocrx_word' id='word_1_14' title='bbox 178 268 307 309; x_wconf 82' lang='lat' dir='ltr'>licet:</span> <span class='ocrx_word' id='word_1_15' title='bbox 348 280 442 308; x_wconf 85' lang='lat' dir='ltr'>sum</span> <span class='ocrx_word' id='word_1_16' title='bbox 475 266 591 306; x_wconf 86' lang='lat' dir='ltr'>enim</span> <span class='ocrx_word' id='word_1_17' title='bbox 622 278 649 306; x_wconf 88' lang='lat' dir='ltr'>a</span> <span class='ocrx_word' id='word_1_18' title='bbox 686 269 729 306; x_wconf 79' lang='lat' dir='ltr'>te</span> <span class='ocrx_word' id='word_1_19' title='bbox 769 265 976 307; x_wconf 76' lang='lat' dir='ltr'>invitatus</span> <span class='ocrx_word' id='word_1_20' title='bbox 1007 287 1058 294; x_wconf 88' lang='lat'><em>-</em></span> <span class='ocrx_word' id='word_1_21' title='bbox 1097 265 1354 307; x_wconf 77' lang='lat' dir='ltr'>subinvideo</span> <span class='ocrx_word' id='word_1_22' title='bbox 1392 264 1496 318; x_wconf 81' lang='lat' dir='ltr'>tibi,</span> <span class='ocrx_word' id='word_1_23' title='bbox 1543 265 1658 307; x_wconf 87' lang='lat' dir='ltr'>ultro</span> 
     </span>
    </p>
   </div>
   <div class='ocr_carea' id='block_1_3' title="bbox 179 319 1733 377">
    <p class='ocr_par' dir='ltr' id='par_1_3' title="bbox 179 319 1733 377">
     <span class='ocr_line' id='line_1_4' title="bbox 179 319 1733 377; baseline -0.002 -12"><span class='ocrx_word' id='word_1_24' title='bbox 179 326 226 365; x_wconf 76' lang='lat' dir='ltr'>le</span> <span class='ocrx_word' id='word_1_25' title='bbox 257 323 390 363; x_wconf 85' lang='lat' dir='ltr'>etiam</span> <span class='ocrx_word' id='word_1_26' title='bbox 419 322 680 363; x_wconf 84' lang='lat' dir='ltr'>arcessitum</span> <span class='ocrx_word' id='word_1_27' title='bbox 711 321 764 361; x_wconf 90' lang='lat' dir='ltr'>ab</span> <span class='ocrx_word' id='word_1_28' title='bbox 793 334 872 372; x_wconf 85' lang='lat' dir='ltr'>eo,</span> <span class='ocrx_word' id='word_1_29' title='bbox 904 319 958 360; x_wconf 84' lang='lat' dir='ltr'>ad</span> <span class='ocrx_word' id='word_1_30' title='bbox 987 332 1115 373; x_wconf 88' lang='lat' dir='ltr'>quem</span> <span class='ocrx_word' id='word_1_31' title='bbox 1147 322 1310 372; x_wconf 81' lang='lat' dir='ltr'>ceteri,</span> <span class='ocrx_word' id='word_1_32' title='bbox 1356 333 1442 362; x_wconf 89' lang='lat' dir='ltr'>non</span> <span class='ocrx_word' id='word_1_33' title='bbox 1479 324 1659 375; x_wconf 81' lang='lat' dir='ltr'>propte-r</span> <span class='ocrx_word' id='word_1_34' title='bbox 1721 323 1733 377; x_wconf 61' lang='lat' dir='ltr'><em>f</em></span> 
     </span>
    </p>
   </div>
   <div class='ocr_carea' id='block_1_4' title="bbox 115 375 1660 1046">
    <p class='ocr_par' dir='ltr' id='par_1_4' title="bbox 115 375 1660 1046">
     <span class='ocr_line' id='line_1_5' title="bbox 179 375 1659 433; baseline -0.001 -13"><span class='ocrx_word' id='word_1_35' title='bbox 179 378 424 433; x_wconf 84' lang='lat' dir='ltr'>superbiam</span> <span class='ocrx_word' id='word_1_36' title='bbox 455 377 572 430; x_wconf 83' lang='lat' dir='ltr'>eius,</span> <span class='ocrx_word' id='word_1_37' title='bbox 615 376 692 418; x_wconf 86' lang='lat' dir='ltr'>sed</span> <span class='ocrx_word' id='word_1_38' title='bbox 733 380 913 430; x_wconf 85' lang='lat' dir='ltr'>propter</span> <span class='ocrx_word' id='word_1_39' title='bbox 951 376 1284 430; x_wconf 74' lang='lat' dir='ltr'>occupationem</span> <span class='ocrx_word' id='word_1_40' title='bbox 1315 375 1543 430; x_wconf 88' lang='lat' dir='ltr'>adspirare</span> <span class='ocrx_word' id='word_1_41' title='bbox 1573 390 1659 418; x_wconf 88' lang='lat' dir='ltr'>non</span> 
     </span>
     <span class='ocr_line' id='line_1_6' title="bbox 179 431 1660 490; baseline 0 -17"><span class='ocrx_word' id='word_1_42' title='bbox 179 436 370 490; x_wconf 82' lang='lat' dir='ltr'>possunt.</span> <span class='ocrx_word' id='word_1_43' title='bbox 440 432 528 474; x_wconf 84' lang='lat' dir='ltr'>Sed</span> <span class='ocrx_word' id='word_1_44' title='bbox 556 437 605 474; x_wconf 80' lang='lat' dir='ltr'>tu</span> <span class='ocrx_word' id='word_1_45' title='bbox 634 433 679 473; x_wconf 91' lang='lat' dir='ltr'>in</span> <span class='ocrx_word' id='word_1_46' title='bbox 708 432 793 473; x_wconf 82' lang='lat' dir='ltr'>ista</span> <span class='ocrx_word' id='word_1_47' title='bbox 824 431 1010 486; x_wconf 82' lang='lat' dir='ltr'>epistola</span> <span class='ocrx_word' id='word_1_48' title='bbox 1048 431 1156 473; x_wconf 89' lang='lat' dir='ltr'>nihil</span> <span class='ocrx_word' id='word_1_49' title='bbox 1195 432 1304 472; x_wconf 89' lang='lat' dir='ltr'>mihi</span> <span class='ocrx_word' id='word_1_50' title='bbox 1348 431 1566 487; x_wconf 82' lang='lat' dir='ltr'>scripsisti</span> <span class='ocrx_word' id='word_1_51' title='bbox 1605 431 1660 473; x_wconf 85' lang='lat' dir='ltr'>de</span> 
     </span>
     <span class='ocr_line' id='line_1_7' title="bbox 180 485 1657 545; baseline -0.002 -14"><span class='ocrx_word' id='word_1_52' title='bbox 180 490 267 531; x_wconf 84' lang='lat' dir='ltr'>tuis</span> <span class='ocrx_word' id='word_1_53' title='bbox 299 489 448 531; x_wconf 88' lang='lat' dir='ltr'>rebus:</span> <span class='ocrx_word' id='word_1_54' title='bbox 491 502 602 545; x_wconf 89' lang='lat' dir='ltr'>quae</span> <span class='ocrx_word' id='word_1_55' title='bbox 639 487 888 529; x_wconf 82' lang='lat' dir='ltr'><strong>mehercule</strong></span> <span class='ocrx_word' id='word_1_56' title='bbox 927 485 1037 526; x_wconf 84' lang='lat' dir='ltr'>mihi</span> <span class='ocrx_word' id='word_1_57' title='bbox 1076 501 1164 529; x_wconf 91' lang='lat' dir='ltr'>non</span> <span class='ocrx_word' id='word_1_58' title='bbox 1193 488 1355 530; x_wconf 86' lang='lat' dir='ltr'>minori</span> <span class='ocrx_word' id='word_1_59' title='bbox 1385 501 1517 529; x_wconf 86' lang='lat' dir='ltr'>curae</span> <span class='ocrx_word' id='word_1_60' title='bbox 1545 492 1657 537; x_wconf 85' lang='lat' dir='ltr'>sunt,</span> 
     </span>
     <span class='ocr_line' id='line_1_8' title="bbox 176 541 1659 600; baseline -0.001 -15"><span class='ocrx_word' id='word_1_61' title='bbox 176 557 307 600; x_wconf 89' lang='lat' dir='ltr'>quam</span> <span class='ocrx_word' id='word_1_62' title='bbox 327 558 463 587; x_wconf 88' lang='lat' dir='ltr'>meae.</span> <span class='ocrx_word' id='word_1_63' title='bbox 523 544 668 587; x_wconf 80' lang='lat' dir='ltr'>Valde</span> <span class='ocrx_word' id='word_1_64' title='bbox 686 547 858 596; x_wconf 69' lang='lat' dir='ltr'>metuo,</span> <span class='ocrx_word' id='word_1_65' title='bbox 889 555 943 583; x_wconf 90' lang='lat' dir='ltr'>ne</span> <span class='ocrx_word' id='word_1_66' title='bbox 972 541 1137 598; x_wconf 84' lang='lat' dir='ltr'>frigeas</span> <span class='ocrx_word' id='word_1_67' title='bbox 1169 544 1213 583; x_wconf 93' lang='lat' dir='ltr'>in</span> <span class='ocrx_word' id='word_1_68' title='bbox 1243 543 1467 585; x_wconf 77' lang='lat' dir='ltr'>hibernis:</span> <span class='ocrx_word' id='word_1_69' title='bbox 1508 557 1659 598; x_wconf 87' lang='lat' dir='ltr'>quam-</span> 
     </span>
     <span class='ocr_line' id='line_1_9' title="bbox 176 598 1659 642; baseline -0.001 0"><span class='ocrx_word' id='word_1_70' title='bbox 176 601 328 642; x_wconf 82' lang='lat' dir='ltr'>obrem</span> <span class='ocrx_word' id='word_1_71' title='bbox 359 602 530 642; x_wconf 88' lang='lat' dir='ltr'>camino</span> <span class='ocrx_word' id='word_1_72' title='bbox 571 600 789 641; x_wconf 81' lang='lat' dir='ltr'>luculento</span> <span class='ocrx_word' id='word_1_73' title='bbox 819 598 1025 640; x_wconf 79' lang='lat' dir='ltr'>utendum</span> <span class='ocrx_word' id='word_1_74' title='bbox 1065 613 1245 641; x_wconf 89' lang='lat' dir='ltr'>censeo:</span> <span class='ocrx_word' id='word_1_75' title='bbox 1287 599 1404 641; x_wconf 80' lang='lat' dir='ltr'>idem</span> <span class='ocrx_word' id='word_1_76' title='bbox 1433 599 1585 641; x_wconf 87' lang='lat' dir='ltr'>Mucio</span> <span class='ocrx_word' id='word_1_77' title='bbox 1616 603 1659 640; x_wconf 82' lang='lat' dir='ltr'>et</span> 
     </span>
     <span class='ocr_line' id='line_1_10' title="bbox 175 655 1657 711; baseline 0.001 -15"><span class='ocrx_word' id='word_1_78' title='bbox 175 655 362 698; x_wconf 87' lang='lat' dir='ltr'>Manilio</span> <span class='ocrx_word' id='word_1_79' title='bbox 409 657 631 711; x_wconf 81' lang='lat' dir='ltr'>placebat:</span> <span class='ocrx_word' id='word_1_80' title='bbox 685 655 944 710; x_wconf 80' lang='lat' dir='ltr'>praesertim</span> <span class='ocrx_word' id='word_1_81' title='bbox 985 655 1061 708; x_wconf 90' lang='lat' dir='ltr'>qui</span> <span class='ocrx_word' id='word_1_82' title='bbox 1109 655 1228 709; x_wconf 82' lang='lat' dir='ltr'>sagis</span> <span class='ocrx_word' id='word_1_83' title='bbox 1274 668 1359 696; x_wconf 92' lang='lat' dir='ltr'>non</span> <span class='ocrx_word' id='word_1_84' title='bbox 1399 656 1657 697; x_wconf 81' lang='lat' dir='ltr'>abundares.</span> 
     </span>
     <span class='ocr_line' id='line_1_11' title="bbox 178 710 1659 767; baseline -0.001 -15"><span class='ocrx_word' id='word_1_85' title='bbox 178 711 455 767; x_wconf 82' lang='lat' dir='ltr'>Quamquam</span> <span class='ocrx_word' id='word_1_86' title='bbox 484 727 563 753; x_wconf 79' lang='lat' dir='ltr'>vos</span> <span class='ocrx_word' id='word_1_87' title='bbox 593 725 707 752; x_wconf 87' lang='lat' dir='ltr'>nunc</span> <span class='ocrx_word' id='word_1_88' title='bbox 736 712 837 752; x_wconf 83' lang='lat' dir='ltr'>istic</span> <span class='ocrx_word' id='word_1_89' title='bbox 867 710 974 751; x_wconf 81' lang='lat' dir='ltr'>satis</span> <span class='ocrx_word' id='word_1_90' title='bbox 1005 711 1149 751; x_wconf 85' lang='lat' dir='ltr'>calere</span> <span class='ocrx_word' id='word_1_91' title='bbox 1180 711 1336 752; x_wconf 88' lang='lat' dir='ltr'>audio:</span> <span class='ocrx_word' id='word_1_92' title='bbox 1377 726 1461 765; x_wconf 87' lang='lat' dir='ltr'>quo</span> <span class='ocrx_word' id='word_1_93' title='bbox 1482 712 1659 767; x_wconf 90' lang='lat' dir='ltr'>quidem</span> 
     </span>
     <span class='ocr_line' id='line_1_12' title="bbox 174 765 1659 811; baseline -0.001 -2"><span class='ocrx_word' id='word_1_94' title='bbox 174 768 325 810; x_wconf 85' lang='lat' dir='ltr'>nuntio</span> <span class='ocrx_word' id='word_1_95' title='bbox 355 769 483 811; x_wconf 83' lang='lat' dir='ltr'>valde</span> <span class='ocrx_word' id='word_1_96' title='bbox 527 767 776 808; x_wconf 78' lang='lat' dir='ltr'>mehercule</span> <span class='ocrx_word' id='word_1_97' title='bbox 816 767 869 807; x_wconf 82' lang='lat' dir='ltr'>(le</span> <span class='ocrx_word' id='word_1_98' title='bbox 913 770 956 806; x_wconf 88' lang='lat' dir='ltr'>te</span> <span class='ocrx_word' id='word_1_99' title='bbox 999 766 1245 808; x_wconf 76' lang='lat' dir='ltr'>timueram.</span> <span class='ocrx_word' id='word_1_100' title='bbox 1315 765 1402 806; x_wconf 81' lang='lat' dir='ltr'>Sed</span> <span class='ocrx_word' id='word_1_101' title='bbox 1439 771 1487 807; x_wconf 71' lang='lat' dir='ltr'>tu</span> <span class='ocrx_word' id='word_1_102' title='bbox 1528 769 1570 808; x_wconf 90' lang='lat' dir='ltr'>in</span> <span class='ocrx_word' id='word_1_103' title='bbox 1613 781 1659 808; x_wconf 90' lang='lat' dir='ltr'>re</span> 
     </span>
     <span class='ocr_line' id='line_1_13' title="bbox 176 822 1659 878; baseline -0.001 -14"><span class='ocrx_word' id='word_1_104' title='bbox 176 825 360 865; x_wconf 79' lang='lat' dir='ltr'>militari</span> <span class='ocrx_word' id='word_1_105' title='bbox 399 824 538 864; x_wconf 86' lang='lat' dir='ltr'>multo</span> <span class='ocrx_word' id='word_1_106' title='bbox 579 837 624 864; x_wconf 90' lang='lat' dir='ltr'>es</span> <span class='ocrx_word' id='word_1_107' title='bbox 663 823 857 874; x_wconf 72' lang='lat' dir='ltr'>cautior,</span> <span class='ocrx_word' id='word_1_108' title='bbox 909 834 1038 876; x_wconf 89' lang='lat' dir='ltr'>quam</span> <span class='ocrx_word' id='word_1_109' title='bbox 1080 823 1124 863; x_wconf 90' lang='lat' dir='ltr'>in</span> <span class='ocrx_word' id='word_1_110' title='bbox 1165 822 1545 869; x_wconf 81' lang='lat' dir='ltr'>advocationibus;</span> <span class='ocrx_word' id='word_1_111' title='bbox 1587 825 1659 878; x_wconf 87' lang='lat' dir='ltr'>qui</span> 
     </span>
     <span class='ocr_line' id='line_1_14' title="bbox 175 878 1659 935; baseline 0 -15"><span class='ocrx_word' id='word_1_112' title='bbox 175 894 313 935; x_wconf 88' lang='lat' dir='ltr'>neque</span> <span class='ocrx_word' id='word_1_113' title='bbox 354 881 399 920; x_wconf 89' lang='lat' dir='ltr'>in</span> <span class='ocrx_word' id='word_1_114' title='bbox 441 878 622 921; x_wconf 83' lang='lat' dir='ltr'>Oceano</span> <span class='ocrx_word' id='word_1_115' title='bbox 664 883 814 920; x_wconf 80' lang='lat' dir='ltr'>natare</span> <span class='ocrx_word' id='word_1_116' title='bbox 859 878 1079 929; x_wconf 82' lang='lat' dir='ltr'>volueris,</span> <span class='ocrx_word' id='word_1_117' title='bbox 1129 878 1478 920; x_wconf 67' lang='lat' dir='ltr'>studiosissimus</span> <span class='ocrx_word' id='word_1_118' title='bbox 1527 878 1659 921; x_wconf 89' lang='lat' dir='ltr'>homo</span> 
     </span>
     <span class='ocr_line' id='line_1_15' title="bbox 176 933 1659 990; baseline 0 -14"><span class='ocrx_word' id='word_1_119' title='bbox 176 936 379 986; x_wconf 85' lang='lat' dir='ltr'>natandi,</span> <span class='ocrx_word' id='word_1_120' title='bbox 411 949 546 990; x_wconf 83' lang='lat' dir='ltr'>neque</span> <span class='ocrx_word' id='word_1_121' title='bbox 575 940 776 990; x_wconf 84' lang='lat' dir='ltr'>spectare</span> <span class='ocrx_word' id='word_1_122' title='bbox 804 933 1054 975; x_wconf 84' lang='lat' dir='ltr'>essedarios</span> <span class='ocrx_word' id='word_1_123' title='bbox 1072 965 1083 981; x_wconf 88' lang='lat'>.‚</span> <span class='ocrx_word' id='word_1_124' title='bbox 1114 948 1241 988; x_wconf 87' lang='lat' dir='ltr'>quem</span> <span class='ocrx_word' id='word_1_125' title='bbox 1272 937 1403 975; x_wconf 79' lang='lat' dir='ltr'>antea</span> <span class='ocrx_word' id='word_1_126' title='bbox 1431 948 1485 976; x_wconf 91' lang='lat' dir='ltr'>ne</span> <span class='ocrx_word' id='word_1_127' title='bbox 1514 935 1659 976; x_wconf 89' lang='lat' dir='ltr'>Anda-</span> 
     </span>
     <span class='ocr_line' id='line_1_16' title="bbox 115 989 1659 1046; baseline -0.003 -10"><span class='ocrx_word' id='word_1_128' title='bbox 115 1025 123 1036; x_wconf 83' lang='lat'>.</span> <span class='ocrx_word' id='word_1_129' title='bbox 177 992 323 1034; x_wconf 87' lang='lat' dir='ltr'>batam</span> <span class='ocrx_word' id='word_1_130' title='bbox 352 991 527 1046; x_wconf 86' lang='lat' dir='ltr'>quidem</span> <span class='ocrx_word' id='word_1_131' title='bbox 559 991 825 1033; x_wconf 82' lang='lat' dir='ltr'>defraudare</span> <span class='ocrx_word' id='word_1_132' title='bbox 863 993 1129 1045; x_wconf 78' lang='lat' dir='ltr'>poteramus.</span> <span class='ocrx_word' id='word_1_133' title='bbox 1201 989 1291 1031; x_wconf 74' lang='lat' dir='ltr'>Sed</span> <span class='ocrx_word' id='word_1_134' title='bbox 1334 991 1421 1031; x_wconf 87' lang='lat' dir='ltr'>iam</span> <span class='ocrx_word' id='word_1_135' title='bbox 1460 992 1566 1032; x_wconf 81' lang='lat' dir='ltr'>satis</span> <span class='ocrx_word' id='word_1_136' title='bbox 1595 992 1659 1032; x_wconf 92' lang='lat' dir='ltr'>io-</span> 
     </span>
    </p>
   </div>
   <div class='ocr_carea' id='block_1_5' title="bbox 175 1155 1658 1439">
    <p class='ocr_par' dir='ltr' id='par_1_5' title="bbox 175 1155 1658 1439">
     <span class='ocr_line' id='line_1_17' title="bbox 176 1155 1658 1204; baseline 0 -13"><span class='ocrx_word' id='word_1_137' title='bbox 176 1169 246 1193; x_wconf 88' lang='lat' dir='ltr'>von</span> <span class='ocrx_word' id='word_1_138' title='bbox 278 1159 382 1204; x_wconf 84' lang='lat' dir='ltr'>Kopf</span> <span class='ocrx_word' id='word_1_139' title='bbox 411 1158 548 1202; x_wconf 80' lang='lat' dir='ltr'>gelten.</span> <span class='ocrx_word' id='word_1_140' title='bbox 587 1175 627 1181; x_wconf 93' lang='lat'>—</span> <span class='ocrx_word' id='word_1_141' title='bbox 663 1157 844 1199; x_wconf 73' lang='lat' dir='ltr'>peritior,</span> <span class='ocrx_word' id='word_1_142' title='bbox 882 1156 942 1189; x_wconf 84' lang='lat' dir='ltr'>ein</span> <span class='ocrx_word' id='word_1_143' title='bbox 983 1157 1174 1204; x_wconf 68' lang='lat' dir='ltr'>griisserer</span> <span class='ocrx_word' id='word_1_144' title='bbox 1205 1156 1335 1197; x_wconf 87' lang='lat' dir='ltr'>Iurist‚</span> <span class='ocrx_word' id='word_1_145' title='bbox 1370 1155 1585 1192; x_wconf 76' lang='lat' dir='ltr'>Gelehrter.</span> <span class='ocrx_word' id='word_1_146' title='bbox 1613 1175 1658 1181; x_wconf 84' lang='lat'>·--</span> 
     </span>
     <span class='ocr_line' id='line_1_18' title="bbox 176 1204 1657 1250; baseline -0.003 -10"><span class='ocrx_word' id='word_1_147' title='bbox 176 1208 273 1240; x_wconf 89' lang='lat' dir='ltr'>ultro</span> <span class='ocrx_word' id='word_1_148' title='bbox 308 1210 350 1239; x_wconf 85' lang='lat' dir='ltr'>te.</span> <span class='ocrx_word' id='word_1_149' title='bbox 388 1205 493 1239; x_wconf 80' lang='lat' dir='ltr'>omis.</span> <span class='ocrx_word' id='word_1_150' title='bbox 529 1210 562 1238; x_wconf 79' lang='lat' dir='ltr'>te</span> <span class='ocrx_word' id='word_1_151' title='bbox 590 1205 668 1238; x_wconf 83' lang='lat' dir='ltr'>Md.</span> <span class='ocrx_word' id='word_1_152' title='bbox 698 1205 797 1238; x_wconf 83' lang='lat' dir='ltr'>Vict.</span> <span class='ocrx_word' id='word_1_153' title='bbox 825 1207 859 1240; x_wconf 83' lang='lat'>2.</span> <span class='ocrx_word' id='word_1_154' title='bbox 888 1206 1025 1238; x_wconf 84' lang='lat' dir='ltr'>Benod.</span> <span class='ocrx_word' id='word_1_155' title='bbox 1079 1204 1239 1238; x_wconf 76' lang='lat' dir='ltr'>Videtur</span> <span class='ocrx_word' id='word_1_156' title='bbox 1265 1206 1481 1250; x_wconf 87' lang='lat' dir='ltr'>absorptum</span> <span class='ocrx_word' id='word_1_157' title='bbox 1509 1216 1528 1238; x_wconf 92' lang='lat' dir='ltr'>a</span> <span class='ocrx_word' id='word_1_158' title='bbox 1555 1216 1657 1249; x_wconf 78' lang='lat' dir='ltr'>seqq.</span> 
     </span>
     <span class='ocr_line' id='line_1_19' title="bbox 175 1252 1653 1298; baseline -0.001 -10"><span class='ocrx_word' id='word_1_159' title='bbox 175 1255 251 1290; x_wconf 80' lang='lat' dir='ltr'>litt.</span> <span class='ocrx_word' id='word_1_160' title='bbox 279 1258 323 1288; x_wconf 85' lang='lat' dir='ltr'>et.</span> <span class='ocrx_word' id='word_1_161' title='bbox 360 1252 556 1287; x_wconf 79' lang='lat' dir='ltr'>ORELLI.</span> <span class='ocrx_word' id='word_1_162' title='bbox 594 1271 634 1276; x_wconf 91' lang='lat'>-—</span> <span class='ocrx_word' id='word_1_163' title='bbox 675 1253 954 1296; x_wconf 71' lang='lat' dir='ltr'>occupationem.</span> <span class='ocrx_word' id='word_1_164' title='bbox 983 1252 1110 1286; x_wconf 71' lang='lat' dir='ltr'>hamb.</span> <span class='ocrx_word' id='word_1_165' title='bbox 1139 1253 1183 1286; x_wconf 85' lang='lat' dir='ltr'>de</span> <span class='ocrx_word' id='word_1_166' title='bbox 1210 1254 1324 1286; x_wconf 77' lang='lat' dir='ltr'>Henr.</span> <span class='ocrx_word' id='word_1_167' title='bbox 1351 1252 1526 1298; x_wconf 84' lang='lat' dir='ltr'>Stephan.</span> <span class='ocrx_word' id='word_1_168' title='bbox 1556 1254 1653 1287; x_wconf 82' lang='lat' dir='ltr'>coni.</span> 
     </span>
     <span class='ocr_line' id='line_1_20' title="bbox 175 1300 1657 1345; baseline -0.001 -10"><span class='ocrx_word' id='word_1_169' title='bbox 175 1301 437 1345; x_wconf 79' lang='lat' dir='ltr'>occupationes.</span> <span class='ocrx_word' id='word_1_170' title='bbox 490 1301 598 1334; x_wconf 83' lang='lat' dir='ltr'>Nihil</span> <span class='ocrx_word' id='word_1_171' title='bbox 625 1311 736 1345; x_wconf 86' lang='lat' dir='ltr'>opus:</span> <span class='ocrx_word' id='word_1_172' title='bbox 773 1302 844 1334; x_wconf 80' lang='lat' dir='ltr'>cfr.</span> <span class='ocrx_word' id='word_1_173' title='bbox 872 1301 971 1333; x_wconf 85' lang='lat' dir='ltr'>infra</span> <span class='ocrx_word' id='word_1_174' title='bbox 996 1300 1063 1343; x_wconf 84' lang='lat' dir='ltr'>Ep.</span> <span class='ocrx_word' id='word_1_175' title='bbox 1094 1302 1153 1334; x_wconf 88' lang='lat'>17:</span> <span class='ocrx_word' id='word_1_176' title='bbox 1189 1311 1292 1343; x_wconf 80' lang='lat' dir='ltr'>quum</span> <span class='ocrx_word' id='word_1_177' title='bbox 1323 1301 1389 1334; x_wconf 73' lang='lat' dir='ltr'>ille</span> <span class='ocrx_word' id='word_1_178' title='bbox 1419 1302 1657 1344; x_wconf 76' lang='lat' dir='ltr'>occupatione</span> 
     </span>
     <span class='ocr_line' id='line_1_21' title="bbox 177 1347 1656 1392; baseline -0.001 -9"><span class='ocrx_word' id='word_1_179' title='bbox 177 1350 320 1383; x_wconf 75' lang='lat' dir='ltr'>tardior</span> <span class='ocrx_word' id='word_1_180' title='bbox 354 1350 421 1382; x_wconf 75' lang='lat' dir='ltr'>tibi</span> <span class='ocrx_word' id='word_1_181' title='bbox 455 1349 526 1382; x_wconf 76' lang='lat' dir='ltr'>erit</span> <span class='ocrx_word' id='word_1_182' title='bbox 559 1349 666 1381; x_wconf 66' lang='lat' dir='ltr'>risus.</span> <span class='ocrx_word' id='word_1_183' title='bbox 701 1367 746 1372; x_wconf 97' lang='lat'><strong>—</strong></span> <span class='ocrx_word' id='word_1_184' title='bbox 784 1349 833 1382; x_wconf 85' lang='lat' dir='ltr'>ad</span> <span class='ocrx_word' id='word_1_185' title='bbox 864 1349 1018 1392; x_wconf 73' lang='lat' dir='ltr'>aliquem</span> <span class='ocrx_word' id='word_1_186' title='bbox 1051 1348 1245 1391; x_wconf 75' lang='lat' dir='ltr'>adspirare</span> <span class='ocrx_word' id='word_1_187' title='bbox 1277 1359 1346 1382; x_wconf 79' lang='lat' dir='ltr'>non</span> <span class='ocrx_word' id='word_1_188' title='bbox 1377 1359 1499 1392; x_wconf 83' lang='lat' dir='ltr'>posse,</span> <span class='ocrx_word' id='word_1_189' title='bbox 1544 1347 1656 1382; x_wconf 79' lang='lat' dir='ltr'>sich’s</span> 
     </span>
     <span class='ocr_line' id='line_1_22' title="bbox 175 1396 1404 1439; baseline -0.002 -7"><span class='ocrx_word' id='word_1_190' title='bbox 175 1398 285 1431; x_wconf 87' lang='lat' dir='ltr'>nicht</span> <span class='ocrx_word' id='word_1_191' title='bbox 309 1398 446 1432; x_wconf 71' lang='lat' dir='ltr'>diii-fen</span> <span class='ocrx_word' id='word_1_192' title='bbox 473 1397 653 1430; x_wconf 83' lang='lat' dir='ltr'>einfallen</span> <span class='ocrx_word' id='word_1_193' title='bbox 679 1397 818 1439; x_wconf 80' lang='lat' dir='ltr'>lassen,</span> <span class='ocrx_word' id='word_1_194' title='bbox 846 1396 1063 1430; x_wconf 84' lang='lat' dir='ltr'>lemandem</span> <span class='ocrx_word' id='word_1_195' title='bbox 1089 1396 1169 1429; x_wconf 76' lang='lat' dir='ltr'>sich</span> <span class='ocrx_word' id='word_1_196' title='bbox 1197 1408 1245 1429; x_wconf 88' lang='lat' dir='ltr'>zu</span> <span class='ocrx_word' id='word_1_197' title='bbox 1271 1396 1404 1430; x_wconf 85' lang='lat' dir='ltr'>nahen.</span> 
     </span>
    </p>
   </div>
   <div class='ocr_carea' id='block_1_6' title="bbox 173 1462 1657 1653">
    <p class='ocr_par' dir='ltr' id='par_1_6' title="bbox 173 1462 1657 1653">
     <span class='ocr_line' id='line_1_23' title="bbox 271 1462 1654 1510; baseline -0.001 -13"><span class='ocrx_word' id='word_1_198' title='bbox 271 1466 308 1501; x_wconf 74' lang='lat'>2.</span> <span class='ocrx_word' id='word_1_199' title='bbox 334 1462 422 1497; x_wconf 63' lang='lat' dir='ltr'>mim·</span> <span class='ocrx_word' id='word_1_200' title='bbox 454 1474 484 1496; x_wconf 81' lang='lat' dir='ltr'>n.</span> <span class='ocrx_word' id='word_1_201' title='bbox 524 1464 653 1497; x_wconf 74' lang='lat' dir='ltr'>minori</span> <span class='ocrx_word' id='word_1_202' title='bbox 684 1474 796 1497; x_wconf 82' lang='lat' dir='ltr'>curae</span> <span class='ocrx_word' id='word_1_203' title='bbox 827 1468 910 1497; x_wconf 78' lang='lat' dir='ltr'>sunt</span> <span class='ocrx_word' id='word_1_204' title='bbox 943 1475 979 1497; x_wconf 91' lang='lat' dir='ltr'>u.</span> <span class='ocrx_word' id='word_1_205' title='bbox 1017 1464 1049 1507; x_wconf 81' lang='lat'>§.</span> <span class='ocrx_word' id='word_1_206' title='bbox 1077 1464 1111 1500; x_wconf 66' lang='lat'>4.</span> <span class='ocrx_word' id='word_1_207' title='bbox 1140 1463 1208 1497; x_wconf 72' lang='lat' dir='ltr'>tibi</span> <span class='ocrx_word' id='word_1_208' title='bbox 1242 1475 1320 1498; x_wconf 81' lang='lat' dir='ltr'>csse</span> <span class='ocrx_word' id='word_1_209' title='bbox 1343 1464 1383 1498; x_wconf 73' lang='lat' dir='ltr'>id</span> <span class='ocrx_word' id='word_1_210' title='bbox 1406 1465 1654 1510; x_wconf 77' lang='lat' dir='ltr'>emolumento.</span> 
     </span>
     <span class='ocr_line' id='line_1_24' title="bbox 175 1510 1655 1559; baseline -0.002 -12"><span class='ocrx_word' id='word_1_211' title='bbox 175 1511 209 1547; x_wconf 89' lang='lat' dir='ltr'>S.</span> <span class='ocrx_word' id='word_1_212' title='bbox 236 1512 387 1547; x_wconf 81' lang='lat' dir='ltr'>Ramsh.</span> <span class='ocrx_word' id='word_1_213' title='bbox 415 1510 442 1553; x_wconf 85' lang='lat'>§-</span> <span class='ocrx_word' id='word_1_214' title='bbox 472 1513 551 1554; x_wconf 83' lang='lat'>12⁰,</span> <span class='ocrx_word' id='word_1_215' title='bbox 582 1514 612 1546; x_wconf 92' lang='lat' dir='ltr'>l.</span> <span class='ocrx_word' id='word_1_216' title='bbox 641 1512 791 1547; x_wconf 81' lang='lat' dir='ltr'>Grotef.</span> <span class='ocrx_word' id='word_1_217' title='bbox 821 1514 849 1556; x_wconf 64' lang='grc' dir='ltr'>ξ.</span> <span class='ocrx_word' id='word_1_218' title='bbox 878 1512 956 1547; x_wconf 84' lang='grc'><strong>253.</strong></span> <span class='ocrx_word' id='word_1_219' title='bbox 993 1531 1039 1536; x_wconf 94' lang='grc'><strong>-</strong></span> <span class='ocrx_word' id='word_1_220' title='bbox 1072 1522 1114 1545; x_wconf 82' lang='lat' dir='ltr'>ne</span> <span class='ocrx_word' id='word_1_221' title='bbox 1142 1512 1296 1554; x_wconf 76' lang='lat' dir='ltr'>frigeas</span> <span class='ocrx_word' id='word_1_222' title='bbox 1320 1512 1358 1545; x_wconf 71' lang='lat' dir='ltr'>in</span> <span class='ocrx_word' id='word_1_223' title='bbox 1383 1511 1565 1559; x_wconf 63' lang='grc' dir='ltr'>Ιιι”ῖ]ετῃη“.ς’ἓ</span> <span class='ocrx_word' id='word_1_224' title='bbox 1597 1513 1655 1546; x_wconf 91' lang='lat' dir='ltr'>Du</span> 
     </span>
     <span class='ocr_line' id='line_1_25' title="bbox 175 1559 1655 1604; baseline 0 -11"><span class='ocrx_word' id='word_1_225' title='bbox 175 1560 335 1595; x_wconf 81' lang='lat' dir='ltr'>werdest</span> <span class='ocrx_word' id='word_1_226' title='bbox 359 1561 418 1593; x_wconf 84' lang='lat' dir='ltr'>ein</span> <span class='ocrx_word' id='word_1_227' title='bbox 446 1560 566 1593; x_wconf 82' lang='lat' dir='ltr'>kaltes</span> <span class='ocrx_word' id='word_1_228' title='bbox 590 1560 926 1604; x_wconf 77' lang='lat' dir='ltr'>W‘interquartier</span> <span class='ocrx_word' id='word_1_229' title='bbox 951 1559 1085 1594; x_wconf 76' lang='lat' dir='ltr'>haben.</span> <span class='ocrx_word' id='word_1_230' title='bbox 1138 1560 1270 1595; x_wconf 87' lang='lat' dir='ltr'>Cicero</span> <span class='ocrx_word' id='word_1_231' title='bbox 1287 1560 1507 1594; x_wconf 83' lang='lat' dir='ltr'>Trebatium</span> <span class='ocrx_word' id='word_1_232' title='bbox 1535 1561 1655 1594; x_wconf 82' lang='lat' dir='ltr'>iocose</span> 
     </span>
     <span class='ocr_line' id='line_1_26' title="bbox 173 1607 1657 1653; baseline -0.001 -11"><span class='ocrx_word' id='word_1_233' title='bbox 173 1609 297 1653; x_wconf 81' lang='lat' dir='ltr'>carpit</span> <span class='ocrx_word' id='word_1_234' title='bbox 328 1607 433 1652; x_wconf 84' lang='lat' dir='ltr'>quasi</span> <span class='ocrx_word' id='word_1_235' title='bbox 467 1609 620 1642; x_wconf 87' lang='lat' dir='ltr'>mollem</span> <span class='ocrx_word' id='word_1_236' title='bbox 654 1614 691 1641; x_wconf 85' lang='lat' dir='ltr'>et</span> <span class='ocrx_word' id='word_1_237' title='bbox 725 1608 914 1642; x_wconf 83' lang='lat' dir='ltr'>laboribus</span> <span class='ocrx_word' id='word_1_238' title='bbox 948 1608 1124 1650; x_wconf 76' lang='lat' dir='ltr'>militiae,</span> <span class='ocrx_word' id='word_1_239' title='bbox 1167 1614 1208 1641; x_wconf 87' lang='lat' dir='ltr'>ut</span> <span class='ocrx_word' id='word_1_240' title='bbox 1247 1608 1453 1652; x_wconf 77' lang='lat' dir='ltr'>frigoribus</span> <span class='ocrx_word' id='word_1_241' title='bbox 1488 1607 1657 1642; x_wconf 83' lang='lat' dir='ltr'>hibernis</span> 
     </span>
    </p>
   </div>
   <div class='ocr_carea' id='block_1_7' title="bbox 171 1656 1654 1798">
    <p class='ocr_par' dir='ltr' id='par_1_7' title="bbox 171 1656 1654 1798">
     <span class='ocr_line' id='line_1_27' title="bbox 173 1656 1654 1702; baseline -0.001 -12"><span class='ocrx_word' id='word_1_242' title='bbox 173 1657 432 1701; x_wconf 68' lang='lat' dir='ltr'>perferendis,</span> <span class='ocrx_word' id='word_1_243' title='bbox 465 1667 600 1702; x_wconf 83' lang='lat' dir='ltr'>parum</span> <span class='ocrx_word' id='word_1_244' title='bbox 634 1662 830 1689; x_wconf 76' lang='lat' dir='ltr'>assuetum.</span> <span class='ocrx_word' id='word_1_245' title='bbox 864 1656 972 1690; x_wconf 90' lang='lat' dir='ltr'>SCH.</span> <span class='ocrx_word' id='word_1_246' title='bbox 1007 1675 1053 1680; x_wconf 94' lang='lat'>—-</span> <span class='ocrx_word' id='word_1_247' title='bbox 1093 1656 1234 1689; x_wconf 65' lang='lat' dir='ltr'>camino</span> <span class='ocrx_word' id='word_1_248' title='bbox 1276 1656 1455 1689; x_wconf 75' lang='lat' dir='ltr'>luculento</span> <span class='ocrx_word' id='word_1_249' title='bbox 1490 1657 1654 1690; x_wconf 79' lang='lat' dir='ltr'>utendum</span> 
     </span>
     <span class='ocr_line' id='line_1_28' title="bbox 173 1697 1654 1750; baseline -0.001 -13"><span class='ocrx_word' id='word_1_250' title='bbox 173 1714 270 1745; x_wconf 83' lang='lat' dir='ltr'>esse,</span> <span class='ocrx_word' id='word_1_251' title='bbox 305 1705 367 1737; x_wconf 88' lang='lat' dir='ltr'>Du</span> <span class='ocrx_word' id='word_1_252' title='bbox 392 1706 549 1738; x_wconf 71' lang='lat' dir='ltr'>mussest</span> <span class='ocrx_word' id='word_1_253' title='bbox 575 1704 644 1738; x_wconf 87' lang='lat' dir='ltr'>Dir</span> <span class='ocrx_word' id='word_1_254' title='bbox 670 1704 730 1737; x_wconf 87' lang='lat' dir='ltr'>ein</span> <span class='ocrx_word' id='word_1_255' title='bbox 757 1704 876 1737; x_wconf 84' lang='lat' dir='ltr'>helles</span> <span class='ocrx_word' id='word_1_256' title='bbox 903 1704 935 1738; x_wconf 88' lang='lat' dir='ltr'>d.</span> <span class='ocrx_word' id='word_1_257' title='bbox 963 1704 985 1737; x_wconf 89' lang='lat' dir='ltr'>i.</span> <span class='ocrx_word' id='word_1_258' title='bbox 1013 1710 1081 1750; x_wconf 76' lang='lat' dir='ltr'>gut</span> <span class='ocrx_word' id='word_1_259' title='bbox 1114 1704 1348 1738; x_wconf 86' lang='lat' dir='ltr'>brennendes</span> <span class='ocrx_word' id='word_1_260' title='bbox 1381 1697 1539 1747; x_wconf 71' lang='lat' dir='ltr'>Kamin,</span> <span class='ocrx_word' id='word_1_261' title='bbox 1573 1704 1654 1738; x_wconf 85' lang='lat' dir='ltr'>eine</span> 
     </span>
     <span class='ocr_line' id='line_1_29' title="bbox 171 1750 1654 1798; baseline -0.001 -13"><span class='ocrx_word' id='word_1_262' title='bbox 171 1751 347 1798; x_wconf 80' lang='lat' dir='ltr'>tiichtige</span> <span class='ocrx_word' id='word_1_263' title='bbox 373 1750 659 1796; x_wconf 69' lang='lat' dir='ltr'>Warmpfa&#39;nne</span> <span class='ocrx_word' id='word_1_264' title='bbox 685 1751 909 1786; x_wconf 81' lang='lat' dir='ltr'>anschaffen.</span> <span class='ocrx_word' id='word_1_265' title='bbox 947 1771 990 1776; x_wconf 86' lang='lat'><strong>—</strong></span> <span class='ocrx_word' id='word_1_266' title='bbox 1026 1753 1116 1786; x_wconf 77' lang='lat' dir='ltr'>idem</span> <span class='ocrx_word' id='word_1_267' title='bbox 1149 1752 1188 1785; x_wconf 88' lang='lat' dir='ltr'>P.</span> <span class='ocrx_word' id='word_1_268' title='bbox 1225 1752 1353 1785; x_wconf 69' lang='lat' dir='ltr'>RIucz&#39;o</span> <span class='ocrx_word' id='word_1_269' title='bbox 1387 1751 1586 1786; x_wconf 85' lang='lat' dir='ltr'>Scaevolae</span> <span class='ocrx_word' id='word_1_270' title='bbox 1621 1755 1654 1785; x_wconf 81' lang='lat' dir='ltr'>et</span> 
     </span>
    </p>
   </div>
   <div class='ocr_carea' id='block_1_8' title="bbox 159 1799 1653 2803">
    <p class='ocr_par' dir='ltr' id='par_1_8' title="bbox 159 1799 1653 2803">
     <span class='ocr_line' id='line_1_30' title="bbox 171 1799 1653 1847; baseline -0.001 -14"><span class='ocrx_word' id='word_1_271' title='bbox 171 1800 237 1833; x_wconf 83' lang='lat' dir='ltr'>M&#39;.</span> <span class='ocrx_word' id='word_1_272' title='bbox 265 1799 424 1832; x_wconf 72' lang='lat' dir='ltr'>Manilio</span> <span class='ocrx_word' id='word_1_273' title='bbox 450 1800 712 1834; x_wconf 82' lang='lat' dir='ltr'>iureconsultis</span> <span class='ocrx_word' id='word_1_274' title='bbox 736 1800 924 1844; x_wconf 75' lang='lat' dir='ltr'>placebat,</span> <span class='ocrx_word' id='word_1_275' title='bbox 963 1800 1155 1834; x_wconf 74' lang='lat' dir='ltr'>‹let-selben</span> <span class='ocrx_word' id='word_1_276' title='bbox 1194 1801 1379 1847; x_wconf 82' lang='lat' dir='ltr'>Meinung</span> <span class='ocrx_word' id='word_1_277' title='bbox 1404 1811 1533 1834; x_wconf 84' lang='lat' dir='ltr'>waren</span> <span class='ocrx_word' id='word_1_278' title='bbox 1558 1799 1653 1833; x_wconf 83' lang='lat' dir='ltr'>auch</span> 
     </span>
     <span class='ocr_line' id='line_1_31' title="bbox 171 1847 1652 1894; baseline 0.001 -14"><span class='ocrx_word' id='word_1_279' title='bbox 171 1859 204 1880; x_wconf 90' lang='lat' dir='ltr'>u.</span> <span class='ocrx_word' id='word_1_280' title='bbox 234 1860 258 1881; x_wconf 85' lang='lat' dir='ltr'>s.</span> <span class='ocrx_word' id='word_1_281' title='bbox 285 1859 331 1883; x_wconf 81' lang='lat' dir='ltr'>w.</span> <span class='ocrx_word' id='word_1_282' title='bbox 382 1848 516 1881; x_wconf 81' lang='lat' dir='ltr'>Cicero</span> <span class='ocrx_word' id='word_1_283' title='bbox 550 1847 676 1881; x_wconf 79' lang='lat' dir='ltr'>berust</span> <span class='ocrx_word' id='word_1_284' title='bbox 710 1847 791 1881; x_wconf 86' lang='lat' dir='ltr'>sich</span> <span class='ocrx_word' id='word_1_285' title='bbox 817 1860 904 1881; x_wconf 87' lang='lat' dir='ltr'>zum</span> <span class='ocrx_word' id='word_1_286' title='bbox 930 1847 1070 1882; x_wconf 83' lang='lat' dir='ltr'>Scherz</span> <span class='ocrx_word' id='word_1_287' title='bbox 1096 1849 1163 1881; x_wconf 81' lang='lat' dir='ltr'>auf</span> <span class='ocrx_word' id='word_1_288' title='bbox 1187 1848 1246 1881; x_wconf 90' lang='lat' dir='ltr'>die</span> <span class='ocrx_word' id='word_1_289' title='bbox 1273 1848 1549 1894; x_wconf 80' lang='lat' dir='ltr'>Beistimmung</span> <span class='ocrx_word' id='word_1_290' title='bbox 1573 1848 1652 1881; x_wconf 80' lang='lat' dir='ltr'>die—</span> 
     </span>
     <span class='ocr_line' id='line_1_32' title="bbox 170 1895 1652 1944; baseline 0.001 -16"><span class='ocrx_word' id='word_1_291' title='bbox 170 1905 229 1928; x_wconf 82' lang='lat' dir='ltr'>ser</span> <span class='ocrx_word' id='word_1_292' title='bbox 254 1896 355 1928; x_wconf 81' lang='lat' dir='ltr'>alten</span> <span class='ocrx_word' id='word_1_293' title='bbox 384 1895 566 1937; x_wconf 70' lang='lat' dir='ltr'>Iun-istm,</span> <span class='ocrx_word' id='word_1_294' title='bbox 606 1907 669 1928; x_wconf 87' lang='lat' dir='ltr'>um</span> <span class='ocrx_word' id='word_1_295' title='bbox 705 1895 777 1928; x_wconf 88' lang='lat' dir='ltr'>den</span> <span class='ocrx_word' id='word_1_296' title='bbox 810 1896 896 1928; x_wconf 79' lang='lat' dir='ltr'>Satz</span> <span class='ocrx_word' id='word_1_297' title='bbox 931 1908 979 1929; x_wconf 86' lang='lat' dir='ltr'>zu</span> <span class='ocrx_word' id='word_1_298' title='bbox 1012 1896 1216 1937; x_wconf 83' lang='lat' dir='ltr'>beweisen,</span> <span class='ocrx_word' id='word_1_299' title='bbox 1253 1895 1334 1928; x_wconf 82' lang='lat' dir='ltr'>dass</span> <span class='ocrx_word' id='word_1_300' title='bbox 1366 1895 1428 1929; x_wconf 87' lang='lat' dir='ltr'>ein</span> <span class='ocrx_word' id='word_1_301' title='bbox 1461 1897 1652 1944; x_wconf 80' lang='lat' dir='ltr'>tiichtiges</span> 
     </span>
     <span class='ocr_line' id='line_1_33' title="bbox 171 1942 1651 1990; baseline 0.002 -15"><span class='ocrx_word' id='word_1_302' title='bbox 171 1943 303 1976; x_wconf 75' lang='lat' dir='ltr'>Kamin</span> <span class='ocrx_word' id='word_1_303' title='bbox 329 1953 451 1990; x_wconf 82' lang='lat' dir='ltr'>gegen</span> <span class='ocrx_word' id='word_1_304' title='bbox 479 1942 537 1976; x_wconf 87' lang='lat' dir='ltr'>die</span> <span class='ocrx_word' id='word_1_305' title='bbox 563 1943 667 1976; x_wconf 67' lang='lat' dir='ltr'>K&#39;ailte</span> <span class='ocrx_word' id='word_1_306' title='bbox 696 1943 746 1975; x_wconf 83' lang='lat' dir='ltr'>im</span> <span class='ocrx_word' id='word_1_307' title='bbox 784 1942 947 1976; x_wconf 75' lang='lat' dir='ltr'>VVinter</span> <span class='ocrx_word' id='word_1_308' title='bbox 984 1949 1052 1989; x_wconf 80' lang='lat' dir='ltr'>gut</span> <span class='ocrx_word' id='word_1_309' title='bbox 1086 1944 1147 1976; x_wconf 84' lang='lat' dir='ltr'>sei.</span> <span class='ocrx_word' id='word_1_310' title='bbox 1208 1943 1281 1976; x_wconf 84' lang='lat' dir='ltr'>Die</span> <span class='ocrx_word' id='word_1_311' title='bbox 1315 1942 1651 1990; x_wconf 82' lang='lat' dir='ltr'>Rechtsgelehrten</span> 
     </span>
     <span class='ocr_line' id='line_1_34' title="bbox 167 1989 1652 2039; baseline 0.001 -15"><span class='ocrx_word' id='word_1_312' title='bbox 167 1991 334 2035; x_wconf 83' lang='lat' dir='ltr'>pflegten</span> <span class='ocrx_word' id='word_1_313' title='bbox 362 1992 419 2025; x_wconf 88' lang='lat' dir='ltr'>bei</span> <span class='ocrx_word' id='word_1_314' title='bbox 447 1991 552 2024; x_wconf 84' lang='lat' dir='ltr'>ieder</span> <span class='ocrx_word' id='word_1_315' title='bbox 578 1989 832 2036; x_wconf 68' lang='lat' dir='ltr'>Gelegenheit</span> <span class='ocrx_word' id='word_1_316' title='bbox 850 1990 1108 2024; x_wconf 64' lang='lat' dir='ltr'>Auctoritaten</span> <span class='ocrx_word' id='word_1_317' title='bbox 1126 1990 1383 2033; x_wconf 76' lang='lat' dir='ltr'>anzufiihren,</span> <span class='ocrx_word' id='word_1_318' title='bbox 1411 1991 1508 2024; x_wconf 82' lang='lat' dir='ltr'>auch</span> <span class='ocrx_word' id='word_1_319' title='bbox 1534 2002 1652 2039; x_wconf 84' lang='lat' dir='ltr'>gerne</span> 
     </span>
     <span class='ocr_line' id='line_1_35' title="bbox 169 2038 1651 2084; baseline 0.001 -13"><span class='ocrx_word' id='word_1_320' title='bbox 169 2050 285 2072; x_wconf 75' lang='lat' dir='ltr'>warin</span> <span class='ocrx_word' id='word_1_321' title='bbox 313 2051 357 2072; x_wconf 82' lang='lat' dir='ltr'>zu</span> <span class='ocrx_word' id='word_1_322' title='bbox 383 2039 519 2072; x_wconf 84' lang='lat' dir='ltr'>sitzen:</span> <span class='ocrx_word' id='word_1_323' title='bbox 557 2050 630 2071; x_wconf 85' lang='lat' dir='ltr'>was</span> <span class='ocrx_word' id='word_1_324' title='bbox 657 2040 791 2072; x_wconf 84' lang='lat' dir='ltr'>Cicero</span> <span class='ocrx_word' id='word_1_325' title='bbox 820 2038 1044 2071; x_wconf 84' lang='lat' dir='ltr'>schelmisch</span> <span class='ocrx_word' id='word_1_326' title='bbox 1080 2039 1262 2072; x_wconf 81' lang='lat' dir='ltr'>bestreift.</span> <span class='ocrx_word' id='word_1_327' title='bbox 1298 2058 1342 2064; x_wconf 88' lang='lat'>—-</span> <span class='ocrx_word' id='word_1_328' title='bbox 1375 2039 1434 2083; x_wconf 69' lang='lat' dir='ltr'>qui</span> <span class='ocrx_word' id='word_1_329' title='bbox 1459 2053 1507 2070; x_wconf 67' lang='lat' dir='ltr'><em>z</em></span> <span class='ocrx_word' id='word_1_330' title='bbox 1533 2050 1651 2084; x_wconf 88' lang='lat' dir='ltr'>quum</span> 
     </span>
     <span class='ocr_line' id='line_1_36' title="bbox 169 2084 1650 2132; baseline 0.001 -13"><span class='ocrx_word' id='word_1_331' title='bbox 169 2092 211 2132; x_wconf 57' lang='lat' dir='ltr'>tp</span> <span class='ocrx_word' id='word_1_332' title='bbox 239 2087 344 2128; x_wconf 81' lang='lat' dir='ltr'>sagis</span> <span class='ocrx_word' id='word_1_333' title='bbox 376 2098 445 2120; x_wconf 84' lang='lat' dir='ltr'>non</span> <span class='ocrx_word' id='word_1_334' title='bbox 479 2086 635 2125; x_wconf 74' lang='lat' dir='ltr'>abund..</span> <span class='ocrx_word' id='word_1_335' title='bbox 678 2084 833 2120; x_wconf 81' lang='lat' dir='ltr'>zumahl</span> <span class='ocrx_word' id='word_1_336' title='bbox 865 2096 975 2118; x_wconf 88' lang='lat' dir='ltr'>wenn</span> <span class='ocrx_word' id='word_1_337' title='bbox 1018 2098 1104 2120; x_wconf 85' lang='lat' dir='ltr'>man</span> <span class='ocrx_word' id='word_1_338' title='bbox 1142 2098 1187 2119; x_wconf 83' lang='lat' dir='ltr'>an</span> <span class='ocrx_word' id='word_1_339' title='bbox 1230 2087 1476 2121; x_wconf 65' lang='lat' dir='ltr'>Filzmanteln</span> <span class='ocrx_word' id='word_1_340' title='bbox 1511 2086 1650 2121; x_wconf 88' lang='lat' dir='ltr'>keinen</span> 
     </span>
     <span class='ocr_line' id='line_1_37' title="bbox 172 2134 1650 2180; baseline 0.001 -14"><span class='ocrx_word' id='word_1_341' title='bbox 172 2135 363 2168; x_wconf 80' lang='lat' dir='ltr'>Uberssuss</span> <span class='ocrx_word' id='word_1_342' title='bbox 387 2134 496 2168; x_wconf 86' lang='lat' dir='ltr'>habe.</span> <span class='ocrx_word' id='word_1_343' title='bbox 547 2134 675 2168; x_wconf 78' lang='lat' dir='ltr'>Daher</span> <span class='ocrx_word' id='word_1_344' title='bbox 690 2146 746 2180; x_wconf 89' lang='lat' dir='ltr'>ep.</span> <span class='ocrx_word' id='word_1_345' title='bbox 767 2134 947 2177; x_wconf 83' lang='lat' dir='ltr'>CXLVII,</span> <span class='ocrx_word' id='word_1_346' title='bbox 970 2136 1006 2168; x_wconf 87' lang='lat'>1:</span> <span class='ocrx_word' id='word_1_347' title='bbox 1033 2135 1194 2168; x_wconf 74' lang='lat' dir='ltr'>inlectus.</span> <span class='ocrx_word' id='word_1_348' title='bbox 1211 2154 1253 2159; x_wconf 86' lang='lat'><strong>—</strong></span> <span class='ocrx_word' id='word_1_349' title='bbox 1284 2135 1426 2179; x_wconf 78' lang='lat' dir='ltr'>Qnamq.</span> <span class='ocrx_word' id='word_1_350' title='bbox 1454 2160 1461 2167; x_wconf 91' lang='lat'>.</span> <span class='ocrx_word' id='word_1_351' title='bbox 1490 2160 1497 2167; x_wconf 91' lang='lat'>.</span> <span class='ocrx_word' id='word_1_352' title='bbox 1526 2136 1650 2169; x_wconf 85' lang='lat' dir='ltr'>calere</span> 
     </span>
     <span class='ocr_line' id='line_1_38' title="bbox 169 2181 1648 2230; baseline 0 -15"><span class='ocrx_word' id='word_1_353' title='bbox 169 2182 297 2222; x_wconf 78' lang='lat' dir='ltr'>audio,</span> <span class='ocrx_word' id='word_1_354' title='bbox 336 2182 485 2226; x_wconf 61' lang='lat' dir='ltr'>„indens</span> <span class='ocrx_word' id='word_1_355' title='bbox 511 2181 604 2230; x_wconf 82' lang='lat' dir='ltr'>geht</span> <span class='ocrx_word' id='word_1_356' title='bbox 630 2194 685 2221; x_wconf 79' lang='lat' dir='ltr'>es,</span> <span class='ocrx_word' id='word_1_357' title='bbox 718 2182 789 2215; x_wconf 87' lang='lat' dir='ltr'>wie</span> <span class='ocrx_word' id='word_1_358' title='bbox 821 2181 883 2215; x_wconf 86' lang='lat' dir='ltr'>ich</span> <span class='ocrx_word' id='word_1_359' title='bbox 919 2181 1031 2224; x_wconf 71' lang='lat' dir='ltr'>hore,</span> <span class='ocrx_word' id='word_1_360' title='bbox 1064 2182 1286 2216; x_wconf 83' lang='lat' dir='ltr'>dermahlen</span> <span class='ocrx_word' id='word_1_361' title='bbox 1313 2182 1410 2216; x_wconf 86' lang='lat' dir='ltr'>heiss</span> <span class='ocrx_word' id='word_1_362' title='bbox 1435 2193 1564 2230; x_wconf 76' lang='lat' dir='ltr'>genug</span> <span class='ocrx_word' id='word_1_363' title='bbox 1590 2183 1648 2217; x_wconf 89' lang='lat' dir='ltr'>bei</span> 
     </span>
     <span class='ocr_line' id='line_1_39' title="bbox 169 2229 1649 2278; baseline -0.001 -14"><span class='ocrx_word' id='word_1_364' title='bbox 169 2229 281 2264; x_wconf 85' lang='lat' dir='ltr'>Euch</span> <span class='ocrx_word' id='word_1_365' title='bbox 306 2234 389 2263; x_wconf 85' lang='lat' dir='ltr'>zu.“</span> <span class='ocrx_word' id='word_1_366' title='bbox 438 2232 596 2278; x_wconf 78' lang='lat' dir='ltr'>Wegen</span> <span class='ocrx_word' id='word_1_367' title='bbox 623 2229 766 2263; x_wconf 86' lang='lat' dir='ltr'>Furcht</span> <span class='ocrx_word' id='word_1_368' title='bbox 785 2241 851 2264; x_wconf 86' lang='lat' dir='ltr'>vor</span> <span class='ocrx_word' id='word_1_369' title='bbox 867 2230 937 2263; x_wconf 85' lang='lat' dir='ltr'>den</span> <span class='ocrx_word' id='word_1_370' title='bbox 954 2230 1117 2264; x_wconf 86' lang='lat' dir='ltr'>Feinden</span> <span class='ocrx_word' id='word_1_371' title='bbox 1135 2231 1174 2264; x_wconf 86' lang='lat' dir='ltr'>in</span> <span class='ocrx_word' id='word_1_372' title='bbox 1193 2230 1355 2265; x_wconf 84' lang='lat' dir='ltr'>Gallien.</span> <span class='ocrx_word' id='word_1_373' title='bbox 1377 2249 1418 2254; x_wconf 93' lang='lat'><em>—</em></span> <span class='ocrx_word' id='word_1_374' title='bbox 1447 2231 1487 2264; x_wconf 73' lang='lat' dir='ltr'>id</span> <span class='ocrx_word' id='word_1_375' title='bbox 1509 2232 1649 2271; x_wconf 60' lang='lat' dir='ltr'>advoc„</span> 
     </span>
     <span class='ocr_line' id='line_1_40' title="bbox 168 2277 1646 2324; baseline 0.001 -13"><span class='ocrx_word' id='word_1_376' title='bbox 168 2279 205 2311; x_wconf 88' lang='lat' dir='ltr'>in</span> <span class='ocrx_word' id='word_1_377' title='bbox 232 2277 564 2311; x_wconf 67' lang='lat' dir='ltr'>Anwaltschaaen.</span> <span class='ocrx_word' id='word_1_378' title='bbox 614 2279 718 2312; x_wconf 88' lang='lat' dir='ltr'>Uber</span> <span class='ocrx_word' id='word_1_379' title='bbox 743 2278 814 2311; x_wconf 85' lang='lat' dir='ltr'>den</span> <span class='ocrx_word' id='word_1_380' title='bbox 842 2277 990 2324; x_wconf 78' lang='lat' dir='ltr'>Begriff</span> <span class='ocrx_word' id='word_1_381' title='bbox 1010 2288 1085 2312; x_wconf 87' lang='lat' dir='ltr'>von</span> <span class='ocrx_word' id='word_1_382' title='bbox 1111 2279 1306 2313; x_wconf 76' lang='lat' dir='ltr'>advocatio</span> <span class='ocrx_word' id='word_1_383' title='bbox 1333 2279 1409 2312; x_wconf 84' lang='lat' dir='ltr'>und</span> <span class='ocrx_word' id='word_1_384' title='bbox 1434 2279 1646 2321; x_wconf 82' lang='lat' dir='ltr'>advocatus,</span> 
     </span>
     <span class='ocr_line' id='line_1_41' title="bbox 167 2326 1646 2371; baseline 0 -13"><span class='ocrx_word' id='word_1_385' title='bbox 167 2333 347 2370; x_wconf 83' lang='lat' dir='ltr'>patronus</span> <span class='ocrx_word' id='word_1_386' title='bbox 380 2338 417 2359; x_wconf 86' lang='lat' dir='ltr'>u.</span> <span class='ocrx_word' id='word_1_387' title='bbox 450 2331 676 2371; x_wconf 75' lang='lat' dir='ltr'>procurator</span> <span class='ocrx_word' id='word_1_388' title='bbox 708 2339 737 2359; x_wconf 81' lang='lat' dir='ltr'>s.</span> <span class='ocrx_word' id='word_1_389' title='bbox 769 2326 843 2359; x_wconf 86' lang='lat' dir='ltr'>Cic.</span> <span class='ocrx_word' id='word_1_390' title='bbox 873 2326 911 2357; x_wconf 86' lang='lat' dir='ltr'>in</span> <span class='ocrx_word' id='word_1_391' title='bbox 939 2326 1075 2360; x_wconf 86' lang='lat' dir='ltr'>Caecil.</span> <span class='ocrx_word' id='word_1_392' title='bbox 1104 2338 1135 2359; x_wconf 90' lang='lat' dir='ltr'>c.</span> <span class='ocrx_word' id='word_1_393' title='bbox 1163 2327 1195 2360; x_wconf 80' lang='lat'>4.</span> <span class='ocrx_word' id='word_1_394' title='bbox 1230 2345 1276 2350; x_wconf 89' lang='lat'>—-</span> <span class='ocrx_word' id='word_1_395' title='bbox 1308 2326 1367 2369; x_wconf 76' lang='lat' dir='ltr'>qui</span> <span class='ocrx_word' id='word_1_396' title='bbox 1390 2340 1439 2358; x_wconf 72' lang='lat' dir='ltr'><em>z</em></span> <span class='ocrx_word' id='word_1_397' title='bbox 1465 2337 1579 2371; x_wconf 88' lang='lat' dir='ltr'>quum</span> <span class='ocrx_word' id='word_1_398' title='bbox 1605 2331 1646 2359; x_wconf 82' lang='lat' dir='ltr'>tu</span> 
     </span>
     <span class='ocr_line' id='line_1_42' title="bbox 166 2373 1646 2418; baseline 0 -12"><span class='ocrx_word' id='word_1_399' title='bbox 166 2385 274 2418; x_wconf 83' lang='lat' dir='ltr'>neque</span> <span class='ocrx_word' id='word_1_400' title='bbox 298 2373 334 2407; x_wconf 85' lang='lat' dir='ltr'>in</span> <span class='ocrx_word' id='word_1_401' title='bbox 361 2375 503 2408; x_wconf 81' lang='lat' dir='ltr'>Oceano</span> <span class='ocrx_word' id='word_1_402' title='bbox 529 2378 658 2406; x_wconf 77' lang='lat' dir='ltr'>natare</span> <span class='ocrx_word' id='word_1_403' title='bbox 682 2374 858 2415; x_wconf 62' lang='lat' dir='ltr'>volueris,</span> <span class='ocrx_word' id='word_1_404' title='bbox 886 2373 930 2406; x_wconf 82' lang='lat' dir='ltr'>da</span> <span class='ocrx_word' id='word_1_405' title='bbox 958 2373 1015 2407; x_wconf 90' lang='lat' dir='ltr'>Du</span> <span class='ocrx_word' id='word_1_406' title='bbox 1043 2374 1169 2407; x_wconf 78' lang='lat' dir='ltr'>weder</span> <span class='ocrx_word' id='word_1_407' title='bbox 1194 2375 1286 2407; x_wconf 81' lang='lat' dir='ltr'>iiber</span> <span class='ocrx_word' id='word_1_408' title='bbox 1310 2375 1382 2408; x_wconf 86' lang='lat' dir='ltr'>den</span> <span class='ocrx_word' id='word_1_409' title='bbox 1408 2375 1523 2409; x_wconf 79' lang='lat' dir='ltr'>Canal</span> <span class='ocrx_word' id='word_1_410' title='bbox 1548 2373 1646 2407; x_wconf 87' lang='lat' dir='ltr'>nach</span> 
     </span>
     <span class='ocr_line' id='line_1_43' title="bbox 166 2420 1645 2469; baseline -0.001 -14"><span class='ocrx_word' id='word_1_411' title='bbox 166 2422 385 2456; x_wconf 81' lang='lat' dir='ltr'>Britannien</span> <span class='ocrx_word' id='word_1_412' title='bbox 411 2420 494 2454; x_wconf 86' lang='lat' dir='ltr'>hast</span> <span class='ocrx_word' id='word_1_413' title='bbox 519 2421 765 2454; x_wconf 76' lang='lat' dir='ltr'>scluviuuneu</span> <span class='ocrx_word' id='word_1_414' title='bbox 800 2420 898 2454; x_wconf 88' lang='lat' dir='ltr'>noch</span> <span class='ocrx_word' id='word_1_415' title='bbox 925 2421 984 2453; x_wconf 81' lang='lat' dir='ltr'>die</span> <span class='ocrx_word' id='word_1_416' title='bbox 1011 2421 1180 2466; x_wconf 83' lang='lat' dir='ltr'>‹lortigen</span> <span class='ocrx_word' id='word_1_417' title='bbox 1200 2422 1508 2469; x_wconf 45' lang='lat' dir='ltr'>&amp;Vagenstreiter</span> <span class='ocrx_word' id='word_1_418' title='bbox 1533 2421 1645 2455; x_wconf 82' lang='lat' dir='ltr'>seben</span> 
     </span>
     <span class='ocr_line' id='line_1_44' title="bbox 165 2468 1643 2515; baseline 0 -12"><span class='ocrx_word' id='word_1_419' title='bbox 165 2470 315 2503; x_wconf 86' lang='lat' dir='ltr'>wollen.</span> <span class='ocrx_word' id='word_1_420' title='bbox 370 2471 421 2502; x_wconf 93' lang='lat' dir='ltr'>Zu</span> <span class='ocrx_word' id='word_1_421' title='bbox 448 2469 624 2502; x_wconf 73' lang='lat' dir='ltr'>essedarii</span> <span class='ocrx_word' id='word_1_422' title='bbox 648 2470 727 2515; x_wconf 77' lang='lat' dir='ltr'>vgl.</span> <span class='ocrx_word' id='word_1_423' title='bbox 753 2480 810 2514; x_wconf 90' lang='lat' dir='ltr'>ep.</span> <span class='ocrx_word' id='word_1_424' title='bbox 840 2469 1010 2504; x_wconf 82' lang='lat' dir='ltr'>CXXXV.</span> <span class='ocrx_word' id='word_1_425' title='bbox 1038 2481 1097 2502; x_wconf 82' lang='lat' dir='ltr'>am</span> <span class='ocrx_word' id='word_1_426' title='bbox 1124 2470 1242 2503; x_wconf 86' lang='lat' dir='ltr'>Ende.</span> <span class='ocrx_word' id='word_1_427' title='bbox 1270 2488 1313 2494; x_wconf 96' lang='lat'>—</span> <span class='ocrx_word' id='word_1_428' title='bbox 1348 2470 1494 2503; x_wconf 75' lang='lat' dir='ltr'>stadios.</span> <span class='ocrx_word' id='word_1_429' title='bbox 1521 2468 1553 2502; x_wconf 85' lang='lat' dir='ltr'>lz.</span> <span class='ocrx_word' id='word_1_430' title='bbox 1579 2480 1643 2503; x_wconf 78' lang='lat' dir='ltr'>mz-</span> 
     </span>
     <span class='ocr_line' id='line_1_45' title="bbox 166 2514 1643 2564; baseline -0.001 -15"><span class='ocrx_word' id='word_1_431' title='bbox 166 2518 289 2558; x_wconf 80' lang='lat' dir='ltr'>tamlz‘,</span> <span class='ocrx_word' id='word_1_432' title='bbox 331 2529 369 2552; x_wconf 85' lang='lat' dir='ltr'>so</span> <span class='ocrx_word' id='word_1_433' title='bbox 397 2517 458 2550; x_wconf 86' lang='lat' dir='ltr'>ein</span> <span class='ocrx_word' id='word_1_434' title='bbox 485 2527 631 2564; x_wconf 70' lang='lat' dir='ltr'>grener</span> <span class='ocrx_word' id='word_1_435' title='bbox 657 2517 808 2550; x_wconf 80' lang='lat' dir='ltr'>Freund</span> <span class='ocrx_word' id='word_1_436' title='bbox 834 2527 921 2551; x_wconf 88' lang='lat' dir='ltr'>vom</span> <span class='ocrx_word' id='word_1_437' title='bbox 947 2514 1203 2550; x_wconf 85' lang='lat' dir='ltr'>Schwimmen</span> <span class='ocrx_word' id='word_1_438' title='bbox 1230 2519 1287 2551; x_wconf 90' lang='lat' dir='ltr'>Du</span> <span class='ocrx_word' id='word_1_439' title='bbox 1313 2515 1411 2551; x_wconf 78' lang='lat' dir='ltr'>auch</span> <span class='ocrx_word' id='word_1_440' title='bbox 1438 2522 1538 2550; x_wconf 74' lang='lat' dir='ltr'>sonst</span> <span class='ocrx_word' id='word_1_441' title='bbox 1562 2517 1643 2551; x_wconf 86' lang='lat' dir='ltr'>bist.</span> 
     </span>
     <span class='ocr_line' id='line_1_46' title="bbox 163 2563 1642 2613; baseline 0 -16"><span class='ocrx_word' id='word_1_442' title='bbox 163 2564 390 2613; x_wconf 71' lang='lat' dir='ltr'>Brachylog.</span> <span class='ocrx_word' id='word_1_443' title='bbox 428 2584 467 2589; x_wconf 88' lang='lat'>—</span> <span class='ocrx_word' id='word_1_444' title='bbox 506 2575 604 2608; x_wconf 83' lang='lat' dir='ltr'>quem</span> <span class='ocrx_word' id='word_1_445' title='bbox 630 2568 737 2597; x_wconf 80' lang='lat' dir='ltr'>antea</span> <span class='ocrx_word' id='word_1_446' title='bbox 762 2575 805 2597; x_wconf 78' lang='lat' dir='ltr'>ne</span> <span class='ocrx_word' id='word_1_447' title='bbox 829 2565 1047 2598; x_wconf 77' lang='lat' dir='ltr'>andabatam</span> <span class='ocrx_word' id='word_1_448' title='bbox 1074 2576 1107 2607; x_wconf 80' lang='lat' dir='ltr'>q.</span> <span class='ocrx_word' id='word_1_449' title='bbox 1137 2566 1308 2606; x_wconf 62' lang='lat' dir='ltr'>defraud.</span> <span class='ocrx_word' id='word_1_450' title='bbox 1332 2569 1429 2608; x_wconf 57' lang='lat' dir='ltr'>pot„</span> <span class='ocrx_word' id='word_1_451' title='bbox 1464 2563 1642 2611; x_wconf 82' lang='lat' dir='ltr'>obgleich</span> 
     </span>
     <span class='ocr_line' id='line_1_47' title="bbox 161 2611 1640 2656; baseline 0 -12"><span class='ocrx_word' id='word_1_452' title='bbox 161 2612 235 2645; x_wconf 78' lang='lat' dir='ltr'>wir</span> <span class='ocrx_word' id='word_1_453' title='bbox 261 2614 357 2646; x_wconf 83' lang='lat' dir='ltr'>Dich</span> <span class='ocrx_word' id='word_1_454' title='bbox 385 2618 487 2646; x_wconf 84' lang='lat' dir='ltr'>sonst</span> <span class='ocrx_word' id='word_1_455' title='bbox 524 2624 585 2645; x_wconf 87' lang='lat' dir='ltr'>um</span> <span class='ocrx_word' id='word_1_456' title='bbox 621 2612 692 2644; x_wconf 88' lang='lat' dir='ltr'>den</span> <span class='ocrx_word' id='word_1_457' title='bbox 725 2611 889 2645; x_wconf 81' lang='lat' dir='ltr'>Anblick</span> <span class='ocrx_word' id='word_1_458' title='bbox 923 2613 1023 2646; x_wconf 87' lang='lat' dir='ltr'>eines</span> <span class='ocrx_word' id='word_1_459' title='bbox 1055 2613 1270 2646; x_wconf 74' lang='lat' dir='ltr'>Andabaten</span> <span class='ocrx_word' id='word_1_460' title='bbox 1305 2611 1412 2646; x_wconf 89' lang='lat' dir='ltr'>nicht</span> <span class='ocrx_word' id='word_1_461' title='bbox 1445 2612 1640 2656; x_wconf 83' lang='lat' dir='ltr'>betriegen</span> 
     </span>
     <span class='ocr_line' id='line_1_48' title="bbox 161 2659 1640 2695; baseline 0.001 -4"><span class='ocrx_word' id='word_1_462' title='bbox 161 2659 194 2692; x_wconf 90' lang='lat' dir='ltr'>d.</span> <span class='ocrx_word' id='word_1_463' title='bbox 223 2660 245 2692; x_wconf 85' lang='lat' dir='ltr'>i.</span> <span class='ocrx_word' id='word_1_464' title='bbox 273 2660 372 2694; x_wconf 87' lang='lat' dir='ltr'>Dich</span> <span class='ocrx_word' id='word_1_465' title='bbox 400 2659 505 2693; x_wconf 83' lang='lat' dir='ltr'>nicht</span> <span class='ocrx_word' id='word_1_466' title='bbox 531 2659 807 2695; x_wconf 73' lang='lat' dir='ltr'>zuriickhalten</span> <span class='ocrx_word' id='word_1_467' title='bbox 834 2659 1003 2693; x_wconf 88' lang='lat' dir='ltr'>konnten</span> <span class='ocrx_word' id='word_1_468' title='bbox 1029 2661 1150 2694; x_wconf 60' lang='lat' dir='ltr'>einen}</span> <span class='ocrx_word' id='word_1_469' title='bbox 1176 2661 1392 2694; x_wconf 86' lang='lat' dir='ltr'>Andabaten</span> <span class='ocrx_word' id='word_1_470' title='bbox 1422 2659 1640 2694; x_wconf 86' lang='lat' dir='ltr'>zuzusehen.</span> 
     </span>
     <span class='ocr_line' id='line_1_49' title="bbox 159 2706 1639 2755; baseline 0.003 -16"><span class='ocrx_word' id='word_1_471' title='bbox 159 2706 376 2741; x_wconf 76' lang='lat' dir='ltr'>Andabatae</span> <span class='ocrx_word' id='word_1_472' title='bbox 409 2707 555 2741; x_wconf 87' lang='lat' dir='ltr'>hiessen</span> <span class='ocrx_word' id='word_1_473' title='bbox 589 2707 672 2741; x_wconf 83' lang='lat' dir='ltr'>eine</span> <span class='ocrx_word' id='word_1_474' title='bbox 716 2708 784 2741; x_wconf 83' lang='lat' dir='ltr'>Art</span> <span class='ocrx_word' id='word_1_475' title='bbox 818 2707 1037 2742; x_wconf 75' lang='lat' dir='ltr'>R‘dmischer</span> <span class='ocrx_word' id='word_1_476' title='bbox 1069 2708 1338 2743; x_wconf 80' lang='lat' dir='ltr'>Kunstfechter</span> <span class='ocrx_word' id='word_1_477' title='bbox 1370 2708 1639 2755; x_wconf 74' lang='lat' dir='ltr'>(gladiatores).</span> 
     </span>
     <span class='ocr_line' id='line_1_50' title="bbox 159 2754 1638 2803; baseline 0 -16"><span class='ocrx_word' id='word_1_478' title='bbox 159 2754 220 2787; x_wconf 83' lang='lat' dir='ltr'>(lie</span> <span class='ocrx_word' id='word_1_479' title='bbox 253 2756 323 2789; x_wconf 82' lang='lat' dir='ltr'>mit</span> <span class='ocrx_word' id='word_1_480' title='bbox 355 2755 622 2789; x_wconf 77' lang='lat' dir='ltr'>verbundenen</span> <span class='ocrx_word' id='word_1_481' title='bbox 656 2754 785 2803; x_wconf 82' lang='lat' dir='ltr'>Augen</span> <span class='ocrx_word' id='word_1_482' title='bbox 828 2754 999 2794; x_wconf 72' lang='lat' dir='ltr'>fochten.</span> <span class='ocrx_word' id='word_1_483' title='bbox 1064 2755 1124 2789; x_wconf 75' lang='lat' dir='ltr'>sie</span> <span class='ocrx_word' id='word_1_484' title='bbox 1159 2756 1309 2790; x_wconf 85' lang='lat' dir='ltr'>werden</span> <span class='ocrx_word' id='word_1_485' title='bbox 1344 2757 1414 2789; x_wconf 88' lang='lat' dir='ltr'>den</span> <span class='ocrx_word' id='word_1_486' title='bbox 1449 2755 1638 2789; x_wconf 79' lang='lat' dir='ltr'>essedariis</span> 
     </span>
    </p>
   </div>
  </div>
 </body>
</html>
