1742 3006
485 86 801 131 EPISTOLA
842 87 1106 132 CXLVIII.
1454 85 1546 136 489

64 203 288 244 henderze
328 199 499 263 gaudeo
529 200 614 241 tibi
643 199 883 241 consilium
912 200 1094 254 probati
1123 213 1281 241 meum.
1350 199 1421 240 De
1452 198 1545 240 Va-

4 286 6 311 ζ
64 259 179 300 tinio
210 262 371 308 autem,
401 255 592 318 primum
624 255 794 297 leditus
824 255 1142 296 inter-cessem
1171 255 1217 296 in
1246 255 1435 311 gratiam
1465 267 1547 309 per

3 314 9 352 1³
65 312 350 375 Pompeium,
383 310 533 352 statim
572 315 622 351 ut
650 311 731 352 ille
761 314 942 374 praetor
971 315 1039 352 est
1074 310 1242 352 factus:
1281 323 1416 366 quum
1445 310 1545 364 qui-

5 374 6 383 *
68 371 169 411 dem
198 383 281 423 ego
312 366 406 408 eius
437 365 701 420 petitionem
731 365 1009 420 gravissimis
1049 365 1098 406 in
1128 370 1284 407 senatu
1314 366 1547 407 sententiis

5 441 11 457 ··
69 435 403 487 oppugnassem,
433 434 576 475 neque
606 425 696 462 tam
726 422 853 464 illius
884 421 1094 463 laedendi
1125 435 1272 474 causa,
1311 435 1443 477 quam
1472 421 1549 462 de-

6 512 10 524 .
70 479 284 522 fendendi
327 481 459 531 atque
500 477 690 518 ornandi
733 477 930 518 Catonis.
1004 477 1120 518 Post
1153 480 1298 518 autem
1328 477 1550 530 Caesaris,

7 534 11 580 ζ
69 541 120 578 ut
147 536 278 576 illum
308 532 611 584 defendelem,
650 532 764 573 mila
792 533 1019 574 contentio
1049 537 1118 574 est
1147 536 1399 574 consecuta.
1459 533 1553 574 Cur

72 595 217 632 autem
246 588 482 640 laudarim,
523 591 626 651 peto
659 601 683 627 a
712 592 771 640 te,
810 592 860 629 ut
897 588 946 628 id
976 602 1001 628 a
1041 602 1110 628 me
1140 601 1251 629 neve
1280 588 1328 628 in
1358 588 1447 629 hoc
1475 602 1552 630 leo

8 654 12 698 ζ
72 661 183 688 neve
212 646 258 686 in
290 644 393 685 aliis
425 643 640 697 requiias,
680 657 734 684 ne
765 643 848 684 tibi
878 658 961 697 ego
990 643 1111 684 idem
1153 656 1377 698 reponam,
1419 658 1554 698 quum

8 703 9 710 ’
72 701 273 744 venelis:
322 699 500 741 tametsi
550 712 726 753 possum
770 700 842 740 vel
885 699 1082 749 absenti3
1132 699 1372 740 recor·da1e
1422 699 1555 752 enim,

74 758 233 820 quibus
265 755 568 796 laudationem
597 767 655 795 ex
687 754 859 795 ultimis
897 755 1031 795 terris
1071 754 1261 796 miseris.
1329 755 1427 797 Nec
1466 754 1556 796 hoc

9 847 11 860 .
75 811 385 877 peitimueris.
434 823 536 850 nam
577 822 603 850 a
641 824 710 850 me
748 809 847 863 ipso
888 810 1129 852 laudantur
1176 815 1221 851 et
1258 811 1557 852 laudabuntur

9 887 15 913 2,
74 869 226 910 iidem.
304 865 394 907 Sed
433 868 578 906 tamen
618 864 892 905 defendendi
930 865 1109 907 Vatinii
1155 864 1244 907 fuit
1292 866 1428 907 etiam
1472 866 1556 907 ille

76 924 305 975 stimulus,
354 921 410 961 de
450 933 537 974 quo
573 919 620 959 in
658 919 857 971 iudicio,
897 934 1040 983 quum
1083 920 1215 961 illum
1253 920 1557 974 defenderem,

11 1003 15 1033 5
77 979 180 1020 dixi
208 992 276 1019 me
307 976 456 1018 facere
486 974 714 1030 quiddam,
743 975 864 1030 quod
893 975 940 1017 in
963 975 1185 1017 Eunucho
1208 976 1428 1030 parasitus
1458 990 1556 1019 sua-

11 1052 16 1079 ε
78 1036 160 1076 del
163 1038 206 1076 et
234 1032 394 1074 militi:

195 1086 284 1132 sz
310 1086 572 1132 nominabil-
596 1086 895 1153 Phaedriam,
927 1090 980 1132 tu
1006 1086 1150 1143 Pamp
1153 1087 1291 1132 Izzlam

193 1143 446 1187 Conlz'mw.
501 1143 562 1188 ›S'z‘
591 1145 780 1199 quando
809 1146 890 1187 illa
921 1145 1061 1200 decet,
1088 1144 1372 1188 Phaedriam
1399 1145 1478 1189 in-

191 1201 499 1243 tromittamus
529 1201 850 1254 comissatum,-
881 1203 947 1280 tu,
974 1176 1258 1255 Pamphzlam

81 1308 146 1349 lx,
170 1309 202 1342 3.
231 1325 274 1331 —
301 1304 569 1350 reprehendere.
598 1306 677 1339 scil.
705 1311 774 1341 me
791 1318 876 1340 cum
901 1307 960 1340 his
989 1307 1029 1340 in
1051 1307 1217 1355 gratiam
1244 1307 1410 1341 rediisse.
1438 1325 1481 1330 —
1509 1306 1566 1340 De

17 1395 20 1406 β
88 1356 123 1391 ἶ
124 1356 237 1389 atinio
265 1359 395 1397 autem,
421 1366 499 1388 was
527 1354 617 1388 aber
643 1355 716 1388 den
743 1356 822 1387 V.at
849 1354 1008 1388 betrifft.
1066 1356 1200 1389 Dieser
1221 1354 1326 1389 hatte
1352 1356 1407 1389 als
1433 1357 1564 1403 Zeuge

16 1411 21 1447 ζ
84 1404 209 1437 wider
231 1403 306 1436 den
331 1402 475 1436 Sestius
502 1401 574 1435 den
601 1402 734 1436 Cicero
761 1402 947 1449 beleidigt
973 1404 1016 1443 (5.
1043 1414 1099 1447 ep.
1127 1403 1208 1445 CII,
1236 1406 1267 1439 1
1272 1403 1306 1446 );
1340 1403 1475 1437 Cicero
1502 1403 1566 1436 da-

84 1463 207 1500 gegen
234 1450 317 1484 sich
343 1450 467 1484 seiner
492 1450 737 1498 Erw'ahlung
763 1462 848 1483 zum
875 1431 1009 1485 Pi'a‘tor
1033 1451 1267 1493 widersetzt,
1293 1462 1356 1484 um
1385 1451 1457 1484 den
1476 1451 1566 1485 Cato

84 1511 133 1534 zu
159 1499 374 1533 bef'ordern.
409 1516 450 1521 -—
496 1498 655 1541 primum
681 1499 817 1531 redllus
843 1504 910 1532 etc.
917 1522 926 1539 ,
953 1537 955 1539 ¹
952 1509 1018 1540 ,5ο
1043 1499 1174 1533 wurde
1200 1499 1270 1532 der
1295 1506 1393 1533 erste
1420 1499 1569 1533 Schxitt

19 1559 21 1564 ⁴
86 1559 158 1580 zur
184 1546 440 1592 Aussb'hnung
465 1545 588 1579 durch
620 1546 679 1579 die
715 1545 1036 1580 vaischenkunft
1072 1547 1331 1589 (intexcessio)
1364 1547 1428 1580 des
1460 1548 1568 1580 Pom-

18 1614 23 1620 ›
85 1595 193 1641 peius
220 1594 399 1635 bewirkt,
426 1605 464 1627 so
490 1593 576 1626 bald
601 1594 710 1627 iener
735 1595 866 1628 Pr'a'toi
891 1595 1095 1641 geworden
1120 1607 1212 1629 war.
1219 1596 1242 1614 “
1292 1596 1365 1628 Das
1393 1595 1500 1628 ward
1528 1605 1571 1627 er

20 1663 23 1672 ·
86 1643 211 1676 durch
238 1643 451 1688 Pompeius,
486 1641 555 1675 der
587 1642 641 1674 als
678 1642 819 1675 Consul
844 1644 915 1677 699
949 1642 1010 1676 die
1035 1642 1161 1677 &vahl
1187 1643 1360 1677 anstellte
1394 1642 1470 1675 und
1496 1642 1569 1676 den

20 1720 22 1730 ,
87 1689 206 1725 sehon
233 1702 318 1723 zum
347 1691 477 1723 Px‘ator
511 1701 551 1723 so
586 1695 654 1738 gut
678 1690 754 1723 wie
781 1690 992 1724 erw'ahlten
1023 1692 1071 1723 M.
1098 1691 1251 1723 Porcius
1278 1691 1369 1724 Cato
1396 1690 1568 1732 (Uticen-

20 1744 24 1751 ’
88 1739 154 1780 sis)
182 1737 350 1771 dadurch
377 1749 447 1770 zur
472 1736 572 1771 Seite
599 1737 729 1778 schob‚
767 1738 846 1771 dass
875 1749 916 1771 ei
940 1739 994 1783 als
1022 1738 1154 1785 Augur
1178 1737 1379 1772 schlimme
1406 1738 1569 1783 auspicia

23 1814 25 1818 .
87 1785 307 1820 vmwandte
340 1785 417 1817 und
453 1784 513 1818 die
546 1784 668 1820 wahl
701 1786 896 1819 ausso’sete.
954 1766 1155 1819 Uberdiess
1190 1785 1296 1820 hatte
1327 1786 1499 1820 Vatinius
1532 1798 1572 1820 es

22 1870 25 1880 ¹
90 1834 199 1868 nicht
235 1845 281 1866 an
305 1834 372 1866 Bes
376 1832 592 1879 techungen
625 1832 760 1867 fehlen
793 1834 926 1867 lassen.
979 1833 1014 1866 S.
1041 1833 1234 1868 Plutarch.
1259 1846 1295 1867 ιι.
1322 1835 1393 1868 Dio
1417 1835 1474 1869 39.
1527 1853 1568 1857 -

88 1882 308 1927 petitionem,
326 1881 438 1914 -seine
464 1881 702 1929 Bewerbung
728 1892 791 1913 um
818 1881 877 1914 die
903 1882 1047 1915 Pr'atur.
1079 1900 1118 1906 --
1148 1882 1391 1924 defenderem.
1445 1883 1570 1915 Accu-

90 1936 192 1964 satus
219 1936 273 1963 est
299 1929 482 1969 Vatinius,
527 1940 600 1972 quo
625 1939 724 1962 anno
749 1928 904 1973 scripsit
939 1929 1074 1963 Cicero
1105 1929 1203 1962 hanc
1230 1930 1443 1984 epistolam,
1481 1941 1499 1963 a
1529 1929 1570 1963 C.

92 1977 244 2011 Licinio
271 1977 387 2010 Calvo
414 1976 459 2008 de
481 1977 637 2018 ambitu,
674 1977 761 2021 quia
793 1978 983 2021 praetoria
1017 1977 1170 2011 comitia
1198 1978 1438 2022 coiiupisset.
1489 1977 1571 2010 Vid

25 2041 27 2074 f
92 2024 270 2067 Quinctil.
303 2025 374 2066 VI,
411 2026 441 2057 1.
491 2024 563 2065 IX,
598 2026 630 2059 2.
682 2023 812 2058 Senec.
852 2025 1045 2058 declamat.
1070 2025 1131 2058 VI.
1186 2026 1327 2060 Auctor
1353 2026 1492 2072 dialog.
1527 2025 1572 2059 (le

93 2079 232 2107 orator.
258 2082 289 2104 e.
316 2074 371 2106 21.
395 2073 452 2105 34.
482 2071 662 2105 Plutarch
689 2071 728 2104 in
754 2072 940 2116 Pompeio.
992 2091 1036 2096 —
1085 2073 1184 2105 mira
1211 2074 1405 2115 contentio,
1432 2074 1572 2115 „Gasar

93 2120 166 2168 gab
192 2118 274 2153 sich
301 2119 668 2153 ausserordentliche
695 2120 819 2162 Muhe,
845 2119 950 2153 mich
977 2133 1024 2153 zu
1050 2120 1174 2154 seiner
1194 2121 1500 2169 Vertheidigung
1526 2134 1574 2155 zu

26 2173 29 2180 ⁴
93 2169 289 2212 bewegen.
294 2169 316 2186 “
367 2166 463 2199 Kein
488 2167 684 2210 Wunder3
719 2168 819 2201 denn
845 2167 1017 2201 Vatinius
1042 2168 1149 2202 hatte
1176 2169 1230 2201 als
1263 2169 1455 2202 Tribunus
1475 2150 1573 2214 D-ple

26 2213 29 2226 ¹
94 2217 150 2249 bis
177 2223 290 2250 unter
314 2214 503 2248 Auderem
529 2216 599 2249 Das
627 2215 909 2263 durchgesetzt,
937 2215 1016 2248 dass
1044 2216 1155 2249 C'asar
1181 2216 1306 2250 wider
1325 2217 1482 2252 vvillen
1509 2217 1572 2251 des

96 2264 227 2297 Senats
254 2262 316 2295 das
344 2263 560 2308 diesseitiwe
586 2263 739 2296 Gallien
763 2270 899 2296 sammt
924 2263 1089 2307 Illyrien
1116 2275 1184 2297 zur
1213 2266 1374 2299 Provinz
1401 2267 1468 2298 auf
1490 2266 1578 2298 su'nf

97 2311 208 2345 Iahre
236 2310 385 2343 erhielt.
437 2309 474 2343 S.
502 2309 654 2344 Sueton.
682 2311 748 2345 vit.
776 2312 877 2345 Caes.
905 2323 935 2344 c.
963 2313 1017 2346 22
1045 2333 1087 2337 -
1122 2313 1316 2354 [Μαῖαν-’,11η
1343 2313 1572 2346 warumich

98 2371 210 2407 sogar
237 2358 299 2391 ein
324 2357 563 2391 1iihmliches
591 2359 774 2403 zeuoeniss
812 2371 857 2392 zu
885 2359 1055 2393 Gunston
1083 2359 1144 2393 des
1169 2360 1408 2408 Angeklaffgt
1402 2374 1437 2392 ιι
1463 2361 1574 2408 abge—

99 2409 182 2454 legt
208 2406 314 2439 habe.
366 2425 408 2430 —-
461 2416 646 2449 reponere.
673 2400 886 2461 ‹lieselbige
913 2407 1034 2454 Fiage
1063 2390 1261 2455 vorlrgen,
1297 2391 1572 2456 zui-iickg‹ben

103 2473 145 2478 —
178 2454 316 2487 veneris
343 2469 391 2485 Ξ
418 2464 531 2497 quum
558 2455 728 2488 redieris.
759 2473 799 2478 —
836 2456 973 2497 quibus,
1000 2468 1076 2489 was
1103 2457 1166 2488 fiir
1191 2458 1306 2490 Leut·
1299 2469 1344 2489 n
1372 2475 1418 2480 —-
1455 2468 1496 2489 ez
1522 2458 1574 2490 ul·-
1599 2471 1604 2475 ·

103 2502 202 2534 imnis
229 2501 341 2535 terrts
377 2502 399 2533 i.
429 2513 459 2534 e.
496 2513 539 2534 ox
563 2502 632 2535 llis
619 2503 744 2546 spania
778 2503 950 2535 citeiiori
983 2505 1031 2542 (v.
1059 2516 1170 2548 supra
1206 2504 1235 2546 §.
1269 2507 1310 2539 13
1335 2505 1461 2545 initio)
1495 2512 1531 2538 et
1557 2516 1575 2537 e

104 2549 249 2583 Cilicia.
278 2561 312 2586 v.
341 2561 397 2594 ep.
427 2549 471 2582 ad
496 2549 580 2583 Div.
607 2551 683 2591 XV,
710 2553 731 2585 9
759 2551 897 2591 (CCXV
902 2551 964 2592 ll).
1003 2570 1044 2576 ——
1078 2553 1221 2585 mescris
1247 2564 1316 2595 per
1342 2552 1469 2585 literas
1497 2553 1576 2585 Iau-

104 2598 283 2629 ‹Iationem
318 2597 342 2629 i.
380 2608 409 2628 e.
453 2597 708 2631 testimonium
743 2598 984 2632 laudativum.
1038 2619 1079 2623 —
1132 2600 1207 2634 Nec
1243 2599 1307 2632 hoc
1331 2601 1577 2644 perlimneris,

106 2644 203 2677 doch
235 2644 345 2678 sollst
381 2647 438 2679 Du
471 2645 609 2678 keinen
644 2647 826 2679 Vorwurf
856 2646 1032 2679 desshalb
1070 2659 1142 2680 von
1179 2647 1253 2679 mir
1279 2660 1323 2680 zu
1351 2647 1576 2682 bcsiirchten

108 2692 240 2725 haben.
288 2710 328 2715 —
373 2693 497 2733 militi,
533 2693 617 2725 dem
647 2695 907 2737 Hauptinanne
933 2694 970 2726 iu
1000 2694 1171 2728 Terentii
1198 2695 1372 2729 Eunuch.
1400 2697 1479 2730 Act.
1509 2697 1578 2736 111,

108 2751 207 2774 scen.
237 2740 266 2781 1,
294 2752 326 2773 v.
355 2740 409 2774 50.
439 2750 518 2784 sqq.
550 2759 589 2765 -
619 2742 816 2775 nominabit
847 2742 925 2776 scil.
955 2742 1032 2775 illa.
1064 2764 1102 2768 —
1134 2741 1313 2777 continuo
1348 2744 1428 2778 scil.
1457 2745 1579 2778 nomi-
