1742 3006
204 104 300 155 368
494 104 556 148 Μ.
588 106 645 150 Τ,
676 102 1017 149 CICERONIS
1046 104 1412 151 EPISTOLAE.

200 223 352 269 mata,
402 220 633 273 postquam
682 217 746 259 mi
785 217 959 274 sillybis
989 216 1144 261 'libros
1189 218 1479 262 illustrarunt.
1548 219 1690 265 Valde

200 277 376 319 iscribas
416 273 473 314 ad
511 286 581 315 me
619 274 752 316 velim
791 274 848 317 de
890 274 1235 330 gladiatoribu53
1284 276 1363 317 sed
1392 277 1481 328 ita,
1511 277 1622 321 bene
1651 282 1689 322 si

208 345 303 374 rem
333 333 510 385 gerunt:
555 342 640 372 non
670 342 850 386 quaero,
882 331 996 373 male
1025 330 1066 372 si
1094 344 1141 374 se
1169 344 1355 386 gessere.

473 532 790 578 EPISTOLA
830 531 986 577 CXII.
1044 533 1121 584 (ad
1149 534 1254 577 Div.
1286 533 1343 577 V.
1373 536 1434 586 3.)

470 610 550 644 Ser.
587 610 626 644 in
650 609 832 657 Hispania
857 608 904 648 A.
932 610 975 645 U.
1004 608 1046 645 c.
1072 610 1154 646 698.
1210 610 1258 651 (a.
1289 611 1327 644 c.
1354 611 1431 653 56.)

203 677 347 712 Fratris
381 677 629 711 contumelias
653 689 673 710 a
700 689 739 711 se
765 677 908 723 despici
941 683 980 711 et
1005 677 1199 710 Ciceronis
1227 677 1369 711 officiis
1394 678 1529 720 leniri,
1565 689 1609 712 ac
1646 677 1689 712 de

429 726 505 760 suis
532 726 644 759 rebus
669 725 716 760 ad
741 726 904 760 Lollium
930 725 1126 771 scripsisse
1151 725 1350 770 significat.
1378 729 1470 762 1-2.

347 810 391 854 Q.
435 810 706 847 METELLUS
749 811 908 847 NEPOS
955 811 992 847 S.
1035 813 1081 846 D.
1115 813 1171 847 Μ.
1208 813 1252 846 Τ.
1285 812 1541 848 CICERONI.

313 879 521 922 Hominis
558 879 928 934 importunissimi
968 879 1287 932 contumeliae,
1336 879 1493 935 quibus
1522 880 1690 922 crebris

205 937 493 978 concionibus
521 949 593 977 me
623 940 795 988 onerat,
824 935 913 976 tuis
944 948 1052 989 erga
1081 949 1152 976 me
1181 934 1349 977 officiis
1378 936 1601 977 leniuntur
1629 940 1688 987 et,

201 995 250 1032 ut
277 996 377 1033 sunt
405 993 525 1035 leves
555 993 611 1032 ab
641 990 857 1032 eiusmodi
885 990 1087 1044 homine,
1118 1004 1145 1032 a
1172 1005 1244 1032 me
1273 991 1598 1046 despiciuntur3
1634 993 1688 1034 li-

203 1047 465 1103 benterque,
512 1050 781 1089 commutata
808 1060 1023 1100 persona,
1064 1051 1108 1088 te
1138 1046 1249 1088 mihi
1280 1047 1436 1090 fratris
1464 1049 1564 1090 loco
1593 1062 1689 1090 esse

199 1102 327 1146 duco.
408 1104 482 1145 De
516 1104 619 1155 illo,
669 1116 723 1143 ne
751 1102 1006 1144 meminisse
1035 1102 1212 1158 quidem
1241 1105 1366 1154 v0103
1415 1104 1593 1146 tametsi
1620 1105 1688 1146 bis

200 1174 302 1202 eum
329 1160 517 1202 invitum
546 1159 736 1201 servavi.
805 1158 878 1200 De
917 1159 1028 1200 meis
1059 1159 1212 1209 rebuS,
1250 1173 1306 1203 ue
1334 1161 1460 1202 vobis
1489 1161 1686 1202 multitu-

201 1216 306 1257 dine
343 1217 573 1257 literarum
608 1213 841 1256 molestior
880 1228 1050 1266 essem,
1093 1214 1151 1257 ad
1189 1214 1384 1257 Lollium
1422 1217 1687 1272 perscripsi3

201 1271 258 1313 de
286 1272 531 1313 rationibus
560 1269 818 1325 provinciae
848 1270 957 1326 quid
984 1270 1144 1312 vellem
1172 1270 1300 1322 fieri,
1348 1276 1395 1313 ut
1432 1273 1472 1313 is
1501 1286 1580 1315 vos
1611 1273 1688 1314 do-

201 1331 323 1369 ceret
352 1331 397 1369 et
425 1326 840 1369 commonefaceret.
900 1326 950 1367 Si
981 1327 1163 1380 poteris,
1192 1327 1325 1369 velim
1356 1328 1590 1383 pristinam
1620 1333 1686 1370 tu-

201 1397 273 1426 am
304 1397 412 1439 erga
440 1397 513 1425 me
542 1382 811 1425 voluntatem
840 1394 1087 1425 conserves,

197 1515 398 1564 πήγνυμι),
440 1516 741 1553 constructiones
780 1527 842 1562 ep.
891 1516 984 1553 CVI.
1018 1528 1078 1551 am
1127 1516 1251 1559 Ende,
1310 1517 1370 1552 dio
1418 1518 1688 1563 ausgefachten

201 1568 541 1612 Buchergestene,
583 1567 725 1613 plutei,
777 1565 838 1599 die
874 1565 949 1599 wie
990 1564 1051 1599 die
1085 1565 1270 1610 Deinigen
1297 1566 1369 1600 und
1404 1567 1501 1600 eben
1543 1578 1582 1600 so
1621 1578 1687 1611 ge-

199 1615 460 1650 schmackvoll
491 1614 749 1661 eingerichtet
786 1612 886 1649 sind.
947 1613 1028 1658 vgl.
1061 1614 1226 1648 Iuvenal.
1262 1614 1314 1656 11,
1342 1617 1373 1649 7.
1421 1615 1526 1652 Pers,
1549 1615 1579 1658 1,
1605 1616 1684 1650 106.

200 1683 243 1689 -—-
281 1664 439 1709 sillybis.
499 1665 535 1699 S.
568 1675 614 1698 zu
647 1674 708 1707 ep.
749 1661 858 1703 CVI,
883 1662 918 1696 3.
953 1680 999 1687 -
1043 1661 1161 1697 Valde
1185 1673 1272 1696 cum
1305 1662 1416 1696 velim
1441 1663 1684 1707 iungendum.

200 1712 288 1747 Sch.
334 1714 431 1747 Li'm.
462 1712 582 1747 Valde
615 1711 725 1745 velim
757 1710 901 1743 scribas
935 1717 1008 1746 etc.
1035 1727 1083 1735 —-
1125 1710 1169 1743 de
1193 1709 1349 1752 gladiat.
1397 1710 1434 1745 S.
1459 1723 1515 1756 ep.
1545 1713 1625 1751 CV,
1652 1712 1685 1747 2.

202 1760 352 1795 Attikus
386 1758 540 1794 scheint
576 1761 677 1793 seine
703 1757 951 1793 Gladiatoren
982 1769 1027 1792 an
1054 1757 1162 1792 einen
1186 1758 1294 1792 Aedil
1319 1770 1364 1793 zu
1391 1758 1519 1793 dessen
1545 1758 1686 1794 Schau·

203 1809 344 1856 spielen
371 1808 595 1842 vermiethet
619 1818 667 1843 zu
692 1806 825 1841 haben.

300 1876 340 1912 Q.
367 1875 491 1909 MET.
518 1875 649 1918 NEP.‚
678 1886 724 1908 an
750 1874 924 1909 welchen
951 1874 1018 1908 der
1039 1872 1234 1910 LXXXVI.
1253 1872 1360 1908 Brief
1383 1872 1573 1919 gericlitet
1600 1885 1684 1913 war,

203 1924 357 1960 schrieb
385 1925 440 1957 als
465 1923 676 1957 Proconsul
701 1924 739 1956 in
765 1923 926 1968 Spanien
951 1923 1081 1956 diesen
1106 1921 1214 1956 Brief
1237 1933 1282 1954 an
1310 1921 1457 1954 Cicero.
1488 1941 1532 1947 —
1561 1922 1686 1955 Homi-
1716 1951 1720 1954 .

199 1974 259 2008 nis
283 1973 427 2016 import.
479 1972 615 2006 Dieser
645 1971 695 2004 ist
727 1970 867 2004 hochst
892 1969 1213 2004 wahrscheinlich
1240 1970 1308 2003 der
1340 1969 1494 2003 Publius
1520 1969 1685 2012 Clodius,

198 2023 278 2055 sein
317 2020 591 2063 Consobrinus,
639 2019 718 2053 also
750 2020 882 2052 Frater
914 2018 967 2051 im
1003 2019 1263 2051 entfernteren
1298 2017 1439 2059 Sinne;
1491 2018 1589 2051 deun
1625 2018 1685 2051 die
1724 2042 1731 2049 .

198 2072 345 2105 Mutter
370 2068 436 2102 des
463 2068 615 2102 Clodius
640 2067 714 2101 und
740 2066 807 2100 der
831 2066 941 2099 vater
968 2066 1032 2100 des
1059 2067 1236 2100 Metellus
1273 2077 1392 2099 waren
1419 2066 1683 2100 Geschwister.

202 2139 244 2145 —
281 2117 406 2162 quibus
429 2128 486 2151 me
512 2119 659 2159 onerat,
709 2114 910 2149 besonders
945 2113 1183 2162 desswegen‚
1234 2115 1323 2148 weil
1363 2114 1542 2149 Metellus
1582 2114 1684 2148 seine

197 2165 444 2200 Feindschaft
461 2175 580 2211 gegen
607 2164 743 2197 Cicero
768 2164 814 2206 (s.
836 2174 894 2208 ep.
920 2161 1023 2197 XIII.
1051 2163 1146 2197 XIV.
1168 2162 1281 2205 XXI.)
1309 2163 1483 2208 abgelegt
1511 2163 1622 2196 hatte.
1648 2161 1683 2196 S.

199 2226 259 2260 ep.
291 2213 500 2253 LXXVIII,
546 2215 582 2249 2.
609 2212 756 2255 LXXX,
784 2214 818 2246 1.
852 2228 900 2236 —
934 2211 1023 2245 duco
1052 2210 1095 2249 h,
1121 2222 1152 2245 e.
1187 2211 1225 2244 in
1252 2210 1384 2247 Clodio
1419 2211 1577 2244 fratrem
1611 2222 1683 2244 non

199 2262 361 2308 amplius
387 2273 579 2306 agnosco;
612 2272 657 2294 ac
683 2266 722 2293 te
748 2259 893 2306 potius,
921 2271 1039 2305 quum
1066 2259 1159 2293 adeo
1185 2260 1233 2294 sis
1257 2259 1299 2293 in
1326 2269 1385 2293 me
1412 2258 1614 2299 officiosus,
1645 2259 1683 2292 in

199 2310 330 2345 fratris
356 2310 442 2343 loco
470 2311 604 2343 habeo.
641 2308 753 2344 8011.
1180 2321 1182 2325 ·

295 2360 329 2394 2.
359 2358 415 2391 De
439 2357 507 2391 illo
534 2371 582 2388 z
608 2356 707 2402 quod
732 2356 780 2389 nd
806 2357 912 2390 illum
938 2356 1087 2390 attinet.
1116 2374 1159 2381 —-
1186 2354 1242 2389 bis
1267 2365 1347 2389 eum
1370 2355 1519 2389 invitum
1543 2355 1683 2388 servavi

200 2419 230 2441 e.
257 2418 290 2440 c.
317 2418 434 2452 quum
461 2406 508 2439 de
534 2406 607 2438 via
625 2405 772 2439 Milone
799 2411 992 2438 accusatus
1018 2409 1114 2437 esset
1138 2403 1226 2446 (vid.
1254 2415 1312 2449 ep.
1332 2403 1524 2444 LXXXIX,
1550 2404 1601 2445 3).
1629 2403 1684 2435 in-

200 2458 326 2494 vitum,
378 2453 478 2500 quod
505 2453 655 2489 Clodius
681 2455 812 2487 furore
837 2465 903 2486 suo
929 2453 1002 2486 hoc
1035 2453 1155 2498 ipsum
1187 2452 1283 2485 velle
1308 2451 1522 2492 videbatur,
1572 2459 1611 2483 ut
1646 2461 1684 2484 se

200 2504 387 2548 perditum
414 2503 502 2539 iret.
528 2501 635 2535 SCH.
664 2522 705 2528 —
734 2501 783 2534 ad
807 2503 861 2535 M.
888 2500 1047 2534 Lollium
1073 2500 1314 2534 Clodianum.
1365 2499 1452 2533 Vid.
1481 2499 1587 2535 Orat.
1615 2509 1681 2543 pro

199 2553 337 2585 Domo.
371 2551 407 2586 5.
445 2552 478 2586 6.
512 2550 569 2584 33.
622 2552 757 2591 „Haec
785 2549 839 2583 sic
865 2549 1028 2582 inversa:
1052 2548 1256 2592 perscripsi
1281 2547 1329 2581 ad
1352 2546 1511 2580 Lollium
1536 2553 1620 2591 post
1646 2559 1679 2580 v.

197 2600 326 2632 vellem
353 2597 443 2639 fieri
480 2597 659 2632 audacter
682 2603 994 2644 transposuerunt
1016 2597 1256 2641 Murt.-I.ng.
1282 2596 1443 2630 Liinem.
1485 2594 1678 2637 ORELLI.
1724 2621 1727 2625 .

202 2665 245 2671 -—-
270 2646 486 2690 prot-inciae
517 2646 741 2693 Hispaniae,
768 2657 881 2692 quum
906 2645 1081 2680 Metellus
1106 2645 1229 2690 Nepos
1253 2656 1320 2689 pro
1347 2642 1496 2678 consule
1521 2642 1679 2678 admini-

203 2696 354 2728 strabat
387 2695 497 2730 SCH.
