1742 3006
12 0 27 80 3:

12 83 28 114 ΒΞ

581 24 899 69 EPISTOLA
929 24 1097 73 CXLI.
1489 28 1581 78 ¹139

100 137 226 182 brevi
256 137 452 192 epistola
478 138 758 187 πραγματικῶς
788 135 917 179 valde
947 138 1186 192 scripsisti.
1237 138 1309 180 De
1338 153 1426 204 quo
1450 142 1580 195 petis,

96 197 146 235 ut
172 193 228 234 ad
261 191 328 245 te',
371 193 489 235 nihil
519 193 777 244 occultans,
809 190 927 233 nihil
960 192 1249 236 dissimulans
1327 194 1443 236 mhil
1495 198 1578 239 tibi

94 249 349 303 indulgens,
378 261 586 303 germane
615 246 902 304 fraterneque
933 250 1202 303 rescribam,
1232 226 1279 292 id
1309 255 1400 304 est,
1430 255 1579 293 utrum

94 305 222 346 voles
251 304 463 357 dixerim,
493 306 542 346 ut
571 303 628 344 ad
660 303 988 359 expediendum
1019 306 1088 353 te?‚
1117 306 1157 346 si
1187 319 1322 348 causa
1349 307 1424 357 sit,
1457 321 1579 348 com-

92 374 283 403 morere.
341 359 416 413 Si,
459 359 521 400 mi
552 358 737 411 Quinte,
766 372 905 414 parva
934 360 1086 415 aliqua
1116 374 1186 403 res
1216 365 1360 414 esset,
1403 363 1450 404 in
1490 377 1578 418 qua

93 416 397 467 sciscitarere,
427 414 537 470 quid
570 415 750 457 vellem:
796 419 974 468 tamen,
1003 429 1138 471 quum
1170 417 1252 458 tibi
1283 419 1576 472 permissurus

91 485 256 523 essem,
306 474 354 511 ut
383 469 578 523 faceres,
609 471 729 525 quod
759 472 926 524 velles,
970 484 1053 525 ego
1085 473 1205 525 ipse,
1255 474 1367 527 quid
1396 475 1575 528 vellem,

91 527 389 570 ostenderem.
447 525 502 567 In
531 525 618 567 hac
647 540 753 567 vero
787 540 832 568 re
862 526 948 568 hoc
975 526 1182 581 profecto
1205 529 1399 583 quaeris,
1429 531 1576 572 cuius-

90 582 215 624 modi
243 582 374 624 illum
403 595 588 635 annum,
619 583 694 638 qui
725 583 950 637 sequitur,
990 589 1267 638 exspectem:
1329 585 1460 639 plane
1497 591 1574 628 aut

92 642 191 680 tran
225 638 386 679 uillum
424 639 552 679 nobis
593 642 671 679 aut
700 642 822 679 certe
851 638 1221 680 munitissimum:
1268 640 1389 694 quod
1427 643 1571 696 quoti-

90 693 165 735 die
230 706 370 745 omus,
403 694 522 748 quod
555 692 726 746 forum,
756 694 876 748 quod
906 693 1075 735 theatri
1105 694 1462 750 significationes
1494 697 1571 739 de-

87 750 287 792 clamat:
325 762 468 804 neque
498 750 730 802 laborant,
775 748 804 801 †
834 749 954 804 quod
983 764 1082 792 mea
1110 752 1391 794 conscientia
1420 754 1571 807 copia-

89 819 186 846 rum
229 808 505 858 nostrarum,
559 805 678 860 quod
708 804 939 859 Caesaris,
985 806 1104 861 quod
1133 807 1342 862 Pompeii
1378 810 1571 862 gratiam

181 997 216 1032 2.
252 992 604 1042 πραγματικῶς,
641 995 711 1028 wie
745 995 803 1028 ein
837 997 999 1040 geiibter
1032 995 1361 1031 Geschiiftsmann.
1398 1014 1440 1021 --
1482 1007 1570 1040 ger-

83 1054 201 1079 mane.
266 1045 329 1078 sic
365 1044 458 1079 Edd.
491 1050 577 1078 vett.
609 1050 761 1089 praeter
793 1044 904 1078 Rom.
935 1045 1039 1081 Orat.
1077 1045 1220 1080 Manut.
1255 1045 1386 1081 hamb.
1427 1045 1571 1087 gemine

84 1094 210 1129 Oxon.
237 1093 270 1126 1.
298 1093 334 1128 2.
361 1091 519 1135 genuine
544 1091 689 1134 (Md.?)
712 1092 820 1127 Rom.
848 1093 950 1128 Vict.
977 1095 1008 1127 l.
1036 1094 1069 1128 2.
1093 1095 1184 1128 Ern.
1214 1092 1300 1127 Sch.
1325 1094 1425 1129 Liin.
1470 1093 1569 1126 Mihi

82 1140 229 1174 videtur
253 1140 461 1175 Italismus.
491 1139 686 1174 ORELLI.
738 1159 782 1165 —
831 1144 869 1174 ut
895 1141 950 1174 ad.
999 1141 1062 1174 Sic
1095 1141 1210 1175 scrib.
1239 1141 1439 1176 videbatur
1463 1141 1569 1174 locus

85 1195 284 1234 corruptus
317 1194 354 1222 et
386 1200 407 1222 a
440 1188 606 1222 librariis
641 1194 679 1222 et
703 1200 723 1222 a
751 1188 911 1223 criticis.
962 1187 1050 1222 Scil.
1076 1189 1245 1222 fraterne
1271 1189 1422 1223 Marcus
1447 1189 1568 1235 signi-

82 1238 176 1272 sicat
201 1236 367 1283 QuintO,
408 1237 521 1270 satius
554 1237 711 1270 omnino
738 1247 835 1278 esse,
874 1243 936 1280 ut,
977 1236 1101 1270 donec
1126 1237 1300 1283 expedita
1325 1237 1375 1276 sit
1401 1236 1482 1270 eius
1507 1248 1566 1270 res

83 1284 280 1318 familiaris
295 1309 306 1327 ‚
333 1284 431 1330 apud
457 1285 651 1319 caesarem
676 1290 883 1319 remaneat.
938 1285 1020 1319 Iam
1045 1290 1195 1319 nostrae
1220 1284 1396 1320 lectionis
1421 1291 1566 1319 senten-

81 1334 136 1368 tia
161 1333 257 1366 haec
284 1339 356 1366 est:
411 1332 557 1377 „Quod
592 1332 638 1366 ad
663 1332 702 1366 id
726 1333 875 1370 attinet,
903 1333 1004 1377 quod
1029 1334 1149 1378 petis,
1191 1339 1234 1367 ut
1260 1333 1306 1366 ad
1331 1339 1370 1366 te
1396 1334 1565 1366 fraterne

81 1381 304 1423 rescribam,
331 1381 371 1413 id
396 1387 452 1414 est
477 1381 542 1422 (z
566 1380 606 1413 id
632 1390 675 1414 eo
701 1383 877 1426 spectat),
904 1386 948 1413 ut
963 1381 1010 1414 ad
1025 1381 1296 1426 expediendum
1323 1387 1372 1425 te,
1399 1381 1429 1414 si
1456 1393 1564 1415 causa

80 1430 142 1471 sit,
168 1429 293 1474 potius
316 1428 402 1462 istic
429 1439 682 1472 commorere3
709 1433 827 1462 utrum
852 1429 954 1462 voles
978 1429 1155 1471 dixerim,
1189 1430 1212 1462 i.
1241 1440 1272 1462 e.
1298 1431 1372 1462 sive
1398 1430 1563 1474 apertius

78 1489 178 1512 nunc
205 1477 344 1518 dicam,
371 1483 409 1510 te
435 1476 668 1510 commorari
694 1477 855 1518 debere,
881 1476 958 1510 sivo
984 1479 1157 1511 contra.“
1212 1477 1295 1511 Nisi
1320 1476 1436 1522 igitur
1461 1489 1560 1522 mag-

78 1538 128 1560 no
155 1536 266 1571 opere
291 1524 415 1566 fallor,
442 1525 636 1570 optionem
662 1525 725 1558 dat
750 1525 882 1566 fratri,
906 1524 961 1557 ita
986 1531 1130 1566 tamen,
1157 1531 1199 1558 ut
1225 1526 1563 1559 commorationem

80 1574 158 1608 eius
183 1573 282 1619 apud
309 1575 503 1606 Caesarem
529 1573 732 1607 manifesto
757 1573 962 1618 praeferat.
1013 1574 1141 1607 Verba
1166 1581 1292 1607 autem
1319 1585 1425 1617 quam
1451 1574 1561 1614 coles,

79 1626 248 1667 quantum
278 1622 395 1663 voles,
445 1625 565 1655 utrum
591 1621 688 1655 voles
720 1621 842 1654 minus
866 1621 1057 1655 intellecta
1090 1633 1199 1667 saepe
1233 1622 1471 1666 corruptelae
1497 1633 1561 1654 an·

79 1682 158 1704 sam
183 1670 450 1716 praebuerunt.
498 1671 581 1702 Hoc
607 1670 693 1703 loco
711 1670 875 1714 primum
901 1680 943 1701 ex
960 1670 1117 1703 dixerim
1141 1674 1181 1702 ut
1206 1670 1350 1702 factum
1377 1675 1434 1702 est
1460 1669 1560 1702 dixe-

80 1719 204 1761 rimuS,
227 1723 311 1752 tum
338 1717 571 1751 inculcatum
597 1722 635 1751 ut
659 1724 745 1751 ante
771 1718 845 1751 hoc
871 1729 904 1751 v.
932 1717 1017 1750 loco
1043 1729 1120 1751 non
1147 1729 1236 1760 suo3
1267 1718 1323 1751 uti
1351 1728 1466 1762 supra
1490 1719 1559 1762 Ep,

80 1768 136 1803 15.
165 1778 196 1799 a.
222 1766 255 1810 §-
282 1767 316 1801 2.
342 1772 415 1800 etc.
446 1765 642 1801 ORELLI.
670 1784 711 1790 -—
740 1765 784 1799 Sz·
810 1791 818 1800 .
846 1791 854 1799 .
878 1776 996 1808 parra
1021 1765 1146 1809 aliqua
1171 1776 1228 1799 res
1254 1769 1359 1808 esset,
1384 1776 1494 1798 wenn
1521 1777 1559 1798 es

79 1815 173 1848 auch
190 1814 271 1847 eine
283 1813 517 1858 Kleinigkeit
535 1817 646 1848 ware.
664 1833 710 1839 —
731 1824 837 1858 quum
857 1813 926 1846 tihi
936 1823 1048 1857 perm.
1069 1824 1189 1856 essem,
1211 1812 1391 1862 obgleieh
1409 1813 1472 1846 ich
1490 1814 1560 1847 Dir

78 1863 150 1897 frei
173 1862 292 1896 lassen
318 1861 461 1904 warde,
486 1861 646 1895 Deinem
665 1862 818 1906 eigenen
836 1861 975 1895 Willen
1002 1873 1046 1895 zu
1072 1862 1212 1906 folgen.
1239 1881 1281 1887 —-
1308 1862 1353 1894 1η
1379 1860 1446 1894 Ιιαε
1473 1873 1557 1895 sero

80 1923 132 1945 re.
190 1909 349 1952 Quintus
381 1909 532 1944 mochte
564 1910 604 1943 in
637 1910 764 1944 seinen
798 1909 950 1944 Briefen
982 1910 1221 1955 Besorgnisse
1245 1920 1374 1954 wegen
1404 1909 1558 1943 Clodius

77 1963 267 2004 geaussert
291 1958 365 1991 und
391 1959 473 1992 sich
500 1958 653 1992 erboten
680 1958 828 2000 haben,
871 1968 981 1992 wenn
1012 1958 1090 1992 sein
1123 1959 1273 1991 Bruder
1305 1968 1343 1990 es
1376 1958 1558 1991 wiinsche

80 2008 171 2041 oder
195 2007 259 2040 fiir
283 2006 416 2049 nb'thig
439 2007 561 2048 halte,
611 2006 727 2040 selbst
751 2005 898 2040 zuriick
922 2018 966 2040 zu
989 2005 1188 2047 kommen,
1240 2018 1301 2039 nm
1327 2005 1467 2039 diesem
1494 2016 1559 2050 ge-

80 2056 314 2089 meinsamen
339 2054 479 2088 Feinde
505 2053 758 2088 widerstehen
783 2066 827 2088 zu
848 2055 988 2089 helsen.
1016 2075 1058 2080 —
1084 2055 1194 2098 plane
1220 2055 1426 2099 erg,scito‚
1447 2054 1558 2097 plane

78 2108 143 2137 aut
169 2108 290 2146 tranq.
321 2127 331 2138 .
359 2128 368 2136 .
397 2126 406 2142 ,
434 2103 710 2136 munitissimum
735 2102 814 2136 scil.
842 2109 1030 2148 exspecto,
1056 2104 1178 2136 meine
1203 2103 1374 2136 Antwort
1396 2102 1464 2135 ist:
1490 2101 1557 2135 ich

79 2157 236 2185 erwarte
262 2151 323 2183 ein
349 2151 539 2183 entweder
573 2151 639 2184 fiir
674 2151 778 2183 mich
811 2161 906 2195 ganz
942 2151 1096 2195 ruhiges
1131 2150 1218 2183 Iahr
1254 2151 1344 2184 oder
1370 2151 1471 2183 doch
1498 2150 1557 2183 ein

81 2200 248 2240 solches,
287 2199 406 2231 worin
440 2198 505 2231 ich
539 2199 604 2231 auf
637 2199 709 2232 alle
734 2199 836 2232 Faue
863 2198 958 2232 wohl
985 2199 1169 2232 verwahrt
1194 2199 1272 2236 bin.
1322 2218 1366 2223 —
1416 2199 1554 2237 (Ionius,

80 2249 179 2282 mein
204 2247 352 2293 taglich
378 2258 453 2281 von
481 2246 653 2280 Clienten
679 2247 755 2280 und
779 2247 1009 2295 Anhang-ern
1035 2258 1074 2280 so
1101 2247 1202 2280 stark
1219 2247 1417 2281 besuchtes
1434 2248 1553 2286 Hau33

72 2297 214 2339 forum,
241 2295 364 2328 meine
389 2295 515 2328 vielen-
535 2296 744 2328 Geschzifte
768 2296 837 2328 auf
860 2295 945 2328 dem
973 2297 1089 2338 Foro,
1130 2307 1188 2328 res
1213 2297 1404 2337 forenses,
1456 2294 1556 2327 thea—

81 2344 133 2378 tri
157 2344 309 2387 signif„
360 2342 421 2376 die
452 2343 542 2384 Art,
583 2344 656 2376 wie
687 2342 754 2376 ich
785 2355 871 2376 vom
903 2343 1019 2377 Volke
1052 2343 1105 2377 im
1131 2343 1301 2378 Theate'r
1335 2343 1557 2387 empfangen

82 2393 227 2426 werde:
262 2406 310 2423 z
346 2391 406 2425 die
439 2391 504 2424 fiir
538 2391 643 2425 mich
679 2392 849 2436 giinstige
881 2392 1094 2440 Stimmung
1126 2393 1187 2426 des
1220 2392 1433 2426 Publicums
1466 2391 1558 2422 lasst

82 2440 188 2474 mich
213 2441 286 2474 Das
312 2446 509 2472 erwarten.
535 2458 582 2464 -—
605 2450 718 2484 neque
744 2440 926 2473 laborant.
977 2441 1098 2473 Locus
1132 2442 1401 2474 conclamatus.
1453 2437 1555 2470 Nihil

82 2488 208 2521 iuvant
234 2487 326 2523 Cdd.
376 2488 476 2522 Mihi
502 2487 704 2532 legendum
727 2488 891 2521 videtur:
931 2499 1042 2532 neque
1066 2489 1303 2522 laborandam
1327 2487 1384 2520 vel
1410 2486 1558 2519 labora-

83 2545 176 2575 mus,
201 2546 292 2579 quae
316 2545 394 2568 mea
419 2536 638 2569 conscientia
662 2536 850 2580 copiarum
875 2541 1103 2580 nostrarum‚·
1130 2538 1240 2582 (quae
1266 2546 1332 2581 per
1359 2546 1397 2567 se
1413 2540 1558 2579 specta·

83 2590 144 2615 tae
170 2594 258 2616 sane
282 2590 412 2617 tenues
438 2590 540 2617 sunt:
568 2595 698 2618 verum
723 2584 808 2618 idco
835 2596 909 2618 non
935 2585 1218 2626 laborandumt)
1254 2583 1350 2627 quod
1375 2582 1561 2622 Caesaris,

85 2631 179 2674 quod
202 2632 362 2674 Pompeii
385 2632 552 2674 gratiam
578 2636 743 2667 tenemus
777 2632 865 2667 sch.
894 2634 993 2668 coni.
1019 2635 1114 2668 Lim.
1149 2643 1212 2665 nec
1240 2631 1451 2664 laboramus
1477 2640 1559 2663 con—

86 2679 240 2713 scicntia
265 2690 345 2723 cop.
374 2690 405 2712 η.
434 2680 630 2717 ORELLI.
691 2682 745 2714 Zu
779 2682 918 2725 copiar.
954 2686 1066 2715 nostr.
1106 2681 1223 2726 vergl.
1260 2679 1322 2712 die
1346 2679 1460 2712 letztc
1487 2679 1560 2710 An-
