<?xml version="1.0" encoding="UTF-8"?>
<!DOCTYPE html PUBLIC "-//W3C//DTD XHTML 1.0 Transitional//EN"
    "http://www.w3.org/TR/xhtml1/DTD/xhtml1-transitional.dtd">
<html xmlns="http://www.w3.org/1999/xhtml" xml:lang="en" lang="en">
 <head>
  <title>
</title>
<meta http-equiv="Content-Type" content="text/html;charset=utf-8" />
  <meta name='ocr-system' content='tesseract 3.04.00' />
  <meta name='ocr-capabilities' content='ocr_page ocr_carea ocr_par ocr_line ocrx_word'/>
</head>
<body>
  <div class='ocr_page' id='page_1' title='image "./epistolaeadattic00ciceuoft_0502.png"; bbox 0 0 1742 3006; ppageno 0'>
   <div class='ocr_carea' id='block_1_1' title="bbox 167 85 1379 138">
    <p class='ocr_par' dir='ltr' id='par_1_1' title="bbox 167 85 1379 138">
     <span class='ocr_line' id='line_1_1' title="bbox 167 85 1379 138; baseline -0.005 0"><span class='ocrx_word' id='word_1_1' title='bbox 167 89 263 138; x_wconf 62' lang='grc'>482</span> <span class='ocrx_word' id='word_1_2' title='bbox 445 86 509 132; x_wconf 87' lang='grc' dir='ltr'>Μ.</span> <span class='ocrx_word' id='word_1_3' title='bbox 542 90 598 132; x_wconf 89' lang='grc' dir='ltr'>Τ.</span> <span class='ocrx_word' id='word_1_4' title='bbox 632 86 976 132; x_wconf 84' lang='lat' dir='ltr'>CICERONIS</span> <span class='ocrx_word' id='word_1_5' title='bbox 1006 85 1379 132; x_wconf 85' lang='lat' dir='ltr'><strong>EPISTOLAE.</strong></span> 
     </span>
    </p>
   </div>
   <div class='ocr_carea' id='block_1_2' title="bbox 106 199 1742 1356">
    <p class='ocr_par' dir='ltr' id='par_1_2' title="bbox 106 199 1742 1356">
     <span class='ocr_line' id='line_1_2' title="bbox 172 199 1742 255; baseline -0.001 -11"><span class='ocrx_word' id='word_1_6' title='bbox 172 203 228 244; x_wconf 89' lang='lat' dir='ltr'>iis</span> <span class='ocrx_word' id='word_1_7' title='bbox 258 200 404 255; x_wconf 84' lang='lat' dir='ltr'>culpa,</span> <span class='ocrx_word' id='word_1_8' title='bbox 435 201 513 255; x_wconf 89' lang='lat' dir='ltr'>qui</span> <span class='ocrx_word' id='word_1_9' title='bbox 542 214 612 242; x_wconf 86' lang='lat' dir='ltr'>me</span> <span class='ocrx_word' id='word_1_10' title='bbox 641 214 728 242; x_wconf 89' lang='lat' dir='ltr'>non</span> <span class='ocrx_word' id='word_1_11' title='bbox 759 199 1069 253; x_wconf 74' lang='lat' dir='ltr'>defenderunt,</span> <span class='ocrx_word' id='word_1_12' title='bbox 1115 213 1202 243; x_wconf 88' lang='lat' dir='ltr'>non</span> <span class='ocrx_word' id='word_1_13' title='bbox 1232 202 1381 242; x_wconf 83' lang='lat' dir='ltr'>minm</span> <span class='ocrx_word' id='word_1_14' title='bbox 1409 203 1477 242; x_wconf 85' lang='lat' dir='ltr'>est</span> <span class='ocrx_word' id='word_1_15' title='bbox 1503 201 1550 241; x_wconf 91' lang='lat' dir='ltr'>in</span> <span class='ocrx_word' id='word_1_16' title='bbox 1579 201 1653 254; x_wconf 81' lang='lat' dir='ltr'>iis,</span> <span class='ocrx_word' id='word_1_17' title='bbox 1738 241 1742 254; x_wconf 79' lang='grc'><em>,</em></span> 
     </span>
     <span class='ocr_line' id='line_1_3' title="bbox 171 256 1742 321; baseline -0.001 -23"><span class='ocrx_word' id='word_1_18' title='bbox 171 259 247 313; x_wconf 88' lang='lat' dir='ltr'>qui</span> <span class='ocrx_word' id='word_1_19' title='bbox 278 259 579 311; x_wconf 74' lang='lat' dir='ltr'>teliquerunt:</span> <span class='ocrx_word' id='word_1_20' title='bbox 622 261 681 309; x_wconf 89' lang='lat' dir='ltr'>et,</span> <span class='ocrx_word' id='word_1_21' title='bbox 724 257 763 297; x_wconf 85' lang='lat' dir='ltr'>si</span> <span class='ocrx_word' id='word_1_22' title='bbox 794 256 1036 298; x_wconf 80' lang='lat' dir='ltr'>accusandi</span> <span class='ocrx_word' id='word_1_23' title='bbox 1066 262 1184 310; x_wconf 79' lang='lat' dir='ltr'>sunt,</span> <span class='ocrx_word' id='word_1_24' title='bbox 1225 258 1263 297; x_wconf 92' lang='lat' dir='ltr'>si</span> <span class='ocrx_word' id='word_1_25' title='bbox 1304 257 1382 311; x_wconf 88' lang='lat' dir='ltr'>qui</span> <span class='ocrx_word' id='word_1_26' title='bbox 1412 257 1655 321; x_wconf 81' lang='lat' dir='ltr'>pertimue-</span> <span class='ocrx_word' id='word_1_27' title='bbox 1737 262 1742 313; x_wconf 53' lang='grc' dir='ltr'><strong><em>ᾗ</em></strong></span> 
     </span>
     <span class='ocr_line' id='line_1_4' title="bbox 172 311 1655 367; baseline -0.002 -12"><span class='ocrx_word' id='word_1_28' title='bbox 172 319 289 366; x_wconf 83' lang='lat' dir='ltr'>runt,</span> <span class='ocrx_word' id='word_1_29' title='bbox 319 313 462 366; x_wconf 82' lang='lat' dir='ltr'>magis</span> <span class='ocrx_word' id='word_1_30' title='bbox 493 313 628 354; x_wconf 81' lang='lat' dir='ltr'>etiam</span> <span class='ocrx_word' id='word_1_31' title='bbox 658 311 1033 367; x_wconf 81' lang='lat' dir='ltr'>ieprehendemli,</span> <span class='ocrx_word' id='word_1_32' title='bbox 1074 313 1113 353; x_wconf 88' lang='lat' dir='ltr'>si</span> <span class='ocrx_word' id='word_1_33' title='bbox 1143 313 1223 367; x_wconf 90' lang='lat' dir='ltr'>qui</span> <span class='ocrx_word' id='word_1_34' title='bbox 1252 326 1299 353; x_wconf 90' lang='lat' dir='ltr'>se</span> <span class='ocrx_word' id='word_1_35' title='bbox 1328 313 1489 353; x_wconf 87' lang='lat' dir='ltr'>timere</span> <span class='ocrx_word' id='word_1_36' title='bbox 1517 312 1655 353; x_wconf 90' lang='lat' dir='ltr'>simu-</span> 
     </span>
     <span class='ocr_line' id='line_1_5' title="bbox 172 368 1654 423; baseline -0.002 -12"><span class='ocrx_word' id='word_1_37' title='bbox 172 371 331 411; x_wconf 79' lang='lat' dir='ltr'><strong>larunt.</strong></span> <span class='ocrx_word' id='word_1_38' title='bbox 390 368 515 408; x_wconf 87' lang='lat' dir='ltr'>Illud</span> <span class='ocrx_word' id='word_1_39' title='bbox 544 368 726 423; x_wconf 87' lang='lat' dir='ltr'>quidem</span> <span class='ocrx_word' id='word_1_40' title='bbox 757 373 878 410; x_wconf 77' lang='lat' dir='ltr'>celte</span> <span class='ocrx_word' id='word_1_41' title='bbox 908 372 1108 409; x_wconf 87' lang='lat' dir='ltr'>nostrum</span> <span class='ocrx_word' id='word_1_42' title='bbox 1149 368 1389 409; x_wconf 88' lang='lat' dir='ltr'>consilium</span> <span class='ocrx_word' id='word_1_43' title='bbox 1429 369 1528 409; x_wconf 81' lang='lat' dir='ltr'>ime</span> <span class='ocrx_word' id='word_1_44' title='bbox 1557 368 1654 408; x_wconf 85' lang='lat' dir='ltr'>lau-</span> 
     </span>
     <span class='ocr_line' id='line_1_6' title="bbox 171 424 1655 478; baseline -0.001 -12"><span class='ocrx_word' id='word_1_45' title='bbox 171 424 366 466; x_wconf 85' lang='lat' dir='ltr'>dandum</span> <span class='ocrx_word' id='word_1_46' title='bbox 405 428 487 475; x_wconf 87' lang='lat' dir='ltr'>est,</span> <span class='ocrx_word' id='word_1_47' title='bbox 527 425 606 478; x_wconf 91' lang='lat' dir='ltr'>qui</span> <span class='ocrx_word' id='word_1_48' title='bbox 644 437 767 465; x_wconf 90' lang='lat' dir='ltr'>meos</span> <span class='ocrx_word' id='word_1_49' title='bbox 809 425 931 466; x_wconf 83' lang='lat' dir='ltr'>cives</span> <span class='ocrx_word' id='word_1_50' title='bbox 962 427 1008 464; x_wconf 88' lang='lat' dir='ltr'>et</span> <span class='ocrx_word' id='word_1_51' title='bbox 1035 437 1064 464; x_wconf 83' lang='lat' dir='ltr'>a</span> <span class='ocrx_word' id='word_1_52' title='bbox 1090 437 1160 465; x_wconf 86' lang='lat' dir='ltr'>mc</span> <span class='ocrx_word' id='word_1_53' title='bbox 1190 427 1480 465; x_wconf 86' lang='lat' dir='ltr'>conservatos</span> <span class='ocrx_word' id='word_1_54' title='bbox 1510 426 1556 464; x_wconf 87' lang='lat' dir='ltr'>et</span> <span class='ocrx_word' id='word_1_55' title='bbox 1584 436 1655 464; x_wconf 86' lang='lat' dir='ltr'>me</span> 
     </span>
     <span class='ocr_line' id='line_1_7' title="bbox 169 478 1655 534; baseline -0.002 -13"><span class='ocrx_word' id='word_1_56' title='bbox 169 492 350 522; x_wconf 83' lang='lat' dir='ltr'>servare</span> <span class='ocrx_word' id='word_1_57' title='bbox 380 480 611 534; x_wconf 86' lang='lat' dir='ltr'>cupientes</span> <span class='ocrx_word' id='word_1_58' title='bbox 641 481 860 534; x_wconf 85' lang='lat' dir='ltr'>spoliatos</span> <span class='ocrx_word' id='word_1_59' title='bbox 891 478 1096 533; x_wconf 88' lang='lat' dir='ltr'>ducibus,</span> <span class='ocrx_word' id='word_1_60' title='bbox 1125 481 1269 522; x_wconf 86' lang='lat' dir='ltr'>servis</span> <span class='ocrx_word' id='word_1_61' title='bbox 1300 480 1486 522; x_wconf 83' lang='lat' dir='ltr'>armatis</span> <span class='ocrx_word' id='word_1_62' title='bbox 1512 478 1655 520; x_wconf 89' lang='lat' dir='ltr'>obiici</span> 
     </span>
     <span class='ocr_line' id='line_1_8' title="bbox 170 535 1655 590; baseline -0.001 -14"><span class='ocrx_word' id='word_1_63' title='bbox 170 536 393 577; x_wconf 85' lang='lat' dir='ltr'>noluerim</span> <span class='ocrx_word' id='word_1_64' title='bbox 424 536 739 590; x_wconf 84' lang='lat' dir='ltr'>declararique</span> <span class='ocrx_word' id='word_1_65' title='bbox 768 536 1019 587; x_wconf 85' lang='lat' dir='ltr'>maluerim,</span> <span class='ocrx_word' id='word_1_66' title='bbox 1060 539 1227 590; x_wconf 84' lang='lat' dir='ltr'>quanta</span> <span class='ocrx_word' id='word_1_67' title='bbox 1254 536 1324 577; x_wconf 82' lang='lat' dir='ltr'>vis</span> <span class='ocrx_word' id='word_1_68' title='bbox 1354 548 1452 577; x_wconf 87' lang='lat' dir='ltr'>esse</span> <span class='ocrx_word' id='word_1_69' title='bbox 1483 535 1655 590; x_wconf 90' lang='lat' dir='ltr'>potuis·-</span> 
     </span>
     <span class='ocr_line' id='line_1_9' title="bbox 170 591 1742 646; baseline -0.001 -15"><span class='ocrx_word' id='word_1_70' title='bbox 170 592 311 632; x_wconf 85' lang='lat' dir='ltr'>setin</span> <span class='ocrx_word' id='word_1_71' title='bbox 350 604 568 632; x_wconf 86' lang='lat' dir='ltr'>consensu</span> <span class='ocrx_word' id='word_1_72' title='bbox 606 592 836 643; x_wconf 84' lang='lat' dir='ltr'>bonorum,</span> <span class='ocrx_word' id='word_1_73' title='bbox 875 591 915 630; x_wconf 89' lang='lat' dir='ltr'>si</span> <span class='ocrx_word' id='word_1_74' title='bbox 954 591 1012 631; x_wconf 85' lang='lat' dir='ltr'>iis</span> <span class='ocrx_word' id='word_1_75' title='bbox 1049 604 1130 646; x_wconf 89' lang='lat' dir='ltr'>pro</span> <span class='ocrx_word' id='word_1_76' title='bbox 1171 605 1241 643; x_wconf 89' lang='lat' dir='ltr'>mc</span> <span class='ocrx_word' id='word_1_77' title='bbox 1279 595 1425 633; x_wconf 82' lang='lat' dir='ltr'>stante</span> <span class='ocrx_word' id='word_1_78' title='bbox 1455 603 1654 645; x_wconf 82' lang='lat' dir='ltr'>pugnare</span> <span class='ocrx_word' id='word_1_79' title='bbox 1736 598 1742 646; x_wconf 73' lang='lat' dir='ltr'>j</span> 
     </span>
     <span class='ocr_line' id='line_1_10' title="bbox 172 646 1742 711; baseline 0 -25"><span class='ocrx_word' id='word_1_80' title='bbox 172 648 389 699; x_wconf 81' lang='lat' dir='ltr'><strong>licuisset,</strong></span> <span class='ocrx_word' id='word_1_81' title='bbox 431 660 566 711; x_wconf 82' lang='lat' dir='ltr'>quum</span> <span class='ocrx_word' id='word_1_82' title='bbox 599 646 821 688; x_wconf 84' lang='lat' dir='ltr'>afflictum</span> <span class='ocrx_word' id='word_1_83' title='bbox 860 646 1062 688; x_wconf 84' lang='lat' dir='ltr'>excitare</span> <span class='ocrx_word' id='word_1_84' title='bbox 1102 647 1363 702; x_wconf 78' lang='lat' dir='ltr'>potuissent.</span> <span class='ocrx_word' id='word_1_85' title='bbox 1450 646 1655 696; x_wconf 78' lang='lat' dir='ltr'>Quorum</span> <span class='ocrx_word' id='word_1_86' title='bbox 1730 651 1742 662; x_wconf 57' lang='lat'>‘¹</span> 
     </span>
     <span class='ocr_line' id='line_1_11' title="bbox 169 702 1656 757; baseline -0.001 -14"><span class='ocrx_word' id='word_1_87' title='bbox 169 702 350 757; x_wconf 87' lang='lat' dir='ltr'>quidem</span> <span class='ocrx_word' id='word_1_88' title='bbox 381 704 576 744; x_wconf 89' lang='lat' dir='ltr'>animum</span> <span class='ocrx_word' id='word_1_89' title='bbox 606 706 654 743; x_wconf 86' lang='lat' dir='ltr'>tu</span> <span class='ocrx_word' id='word_1_90' title='bbox 692 717 781 744; x_wconf 89' lang='lat' dir='ltr'>non</span> <span class='ocrx_word' id='word_1_91' title='bbox 811 702 1084 757; x_wconf 77' lang='lat' dir='ltr'>perspexisti</span> <span class='ocrx_word' id='word_1_92' title='bbox 1123 702 1282 753; x_wconf 85' lang='lat' dir='ltr'>solum,</span> <span class='ocrx_word' id='word_1_93' title='bbox 1321 716 1456 756; x_wconf 89' lang='lat' dir='ltr'>quum</span> <span class='ocrx_word' id='word_1_94' title='bbox 1499 702 1555 742; x_wconf 88' lang='lat' dir='ltr'>de</span> <span class='ocrx_word' id='word_1_95' title='bbox 1584 714 1656 742; x_wconf 91' lang='lat' dir='ltr'>me</span> 
     </span>
     <span class='ocr_line' id='line_1_12' title="bbox 106 757 1654 813; baseline -0.002 -13"><span class='ocrx_word' id='word_1_96' title='bbox 106 771 349 813; x_wconf 67' lang='lat' dir='ltr'>mageles,</span> <span class='ocrx_word' id='word_1_97' title='bbox 389 758 469 799; x_wconf 90' lang='lat' dir='ltr'>sed</span> <span class='ocrx_word' id='word_1_98' title='bbox 510 759 644 799; x_wconf 84' lang='lat' dir='ltr'>etiam</span> <span class='ocrx_word' id='word_1_99' title='bbox 687 758 966 800; x_wconf 83' lang='lat' dir='ltr'>confirmasti</span> <span class='ocrx_word' id='word_1_100' title='bbox 1003 760 1137 812; x_wconf 84' lang='lat' dir='ltr'>atque</span> <span class='ocrx_word' id='word_1_101' title='bbox 1177 758 1377 799; x_wconf 81' lang='lat' dir='ltr'>tenuisti.</span> <span class='ocrx_word' id='word_1_102' title='bbox 1465 757 1568 807; x_wconf 79' lang='lat' dir='ltr'>Qua</span> <span class='ocrx_word' id='word_1_103' title='bbox 1606 758 1654 797; x_wconf 90' lang='lat' dir='ltr'>in</span> 
     </span>
     <span class='ocr_line' id='line_1_13' title="bbox 171 812 1655 867; baseline -0.002 -11"><span class='ocrx_word' id='word_1_104' title='bbox 171 828 305 856; x_wconf 79' lang='lat' dir='ltr'>causa.</span> <span class='ocrx_word' id='word_1_105' title='bbox 345 838 398 843; x_wconf 90' lang='lat'>-—</span> <span class='ocrx_word' id='word_1_106' title='bbox 436 828 524 855; x_wconf 90' lang='lat' dir='ltr'>non</span> <span class='ocrx_word' id='word_1_107' title='bbox 563 813 696 855; x_wconf 87' lang='lat' dir='ltr'>modo</span> <span class='ocrx_word' id='word_1_108' title='bbox 737 828 824 855; x_wconf 89' lang='lat' dir='ltr'>non</span> <span class='ocrx_word' id='word_1_109' title='bbox 865 813 1050 867; x_wconf 82' lang='lat' dir='ltr'>negabo,</span> <span class='ocrx_word' id='word_1_110' title='bbox 1101 812 1180 854; x_wconf 92' lang='lat' dir='ltr'>sed</span> <span class='ocrx_word' id='word_1_111' title='bbox 1221 814 1356 854; x_wconf 81' lang='lat' dir='ltr'>etiam</span> <span class='ocrx_word' id='word_1_112' title='bbox 1394 826 1570 867; x_wconf 84' lang='lat' dir='ltr'>semper</span> <span class='ocrx_word' id='word_1_113' title='bbox 1610 817 1655 853; x_wconf 88' lang='lat' dir='ltr'>et</span> 
     </span>
     <span class='ocr_line' id='line_1_14' title="bbox 170 867 1654 924; baseline -0.002 -13"><span class='ocrx_word' id='word_1_114' title='bbox 170 871 413 912; x_wconf 83' lang='lat' dir='ltr'>meminero</span> <span class='ocrx_word' id='word_1_115' title='bbox 443 874 489 911; x_wconf 88' lang='lat' dir='ltr'>et</span> <span class='ocrx_word' id='word_1_116' title='bbox 517 870 788 924; x_wconf 83' lang='lat' dir='ltr'>praedicabo</span> <span class='ocrx_word' id='word_1_117' title='bbox 831 870 1024 910; x_wconf 83' lang='lat' dir='ltr'>libenter</span> <span class='ocrx_word' id='word_1_118' title='bbox 1064 889 1116 895; x_wconf 93' lang='grc'>-</span> <span class='ocrx_word' id='word_1_119' title='bbox 1154 881 1259 909; x_wconf 88' lang='lat' dir='ltr'>usus</span> <span class='ocrx_word' id='word_1_120' title='bbox 1301 882 1348 909; x_wconf 91' lang='lat' dir='ltr'>es</span> <span class='ocrx_word' id='word_1_121' title='bbox 1389 867 1654 922; x_wconf 86' lang='lat' dir='ltr'>quibusdam</span> 
     </span>
     <span class='ocr_line' id='line_1_15' title="bbox 169 924 1653 974; baseline -0.002 -7"><span class='ocrx_word' id='word_1_122' title='bbox 169 925 463 967; x_wconf 85' lang='lat' dir='ltr'>nobilissimis</span> <span class='ocrx_word' id='word_1_123' title='bbox 514 925 770 966; x_wconf 88' lang='lat' dir='ltr'>hominibus</span> <span class='ocrx_word' id='word_1_124' title='bbox 819 924 1083 966; x_wconf 81' lang='lat' dir='ltr'>fmtioribus</span> <span class='ocrx_word' id='word_1_125' title='bbox 1141 925 1188 964; x_wconf 91' lang='lat' dir='ltr'>in</span> <span class='ocrx_word' id='word_1_126' title='bbox 1236 938 1306 965; x_wconf 91' lang='lat' dir='ltr'>me</span> <span class='ocrx_word' id='word_1_127' title='bbox 1358 924 1653 974; x_wconf 81' lang='lat' dir='ltr'>restituendo,</span> 
     </span>
     <span class='ocr_line' id='line_1_16' title="bbox 170 980 1652 1036; baseline -0.002 -14"><span class='ocrx_word' id='word_1_128' title='bbox 170 995 302 1036; x_wconf 87' lang='lat' dir='ltr'>quam</span> <span class='ocrx_word' id='word_1_129' title='bbox 332 981 510 1022; x_wconf 79' lang='lat' dir='ltr'>fueiant</span> <span class='ocrx_word' id='word_1_130' title='bbox 538 981 678 1021; x_wconf 88' lang='lat' dir='ltr'>iidem</span> <span class='ocrx_word' id='word_1_131' title='bbox 709 982 756 1020; x_wconf 90' lang='lat' dir='ltr'>in</span> <span class='ocrx_word' id='word_1_132' title='bbox 786 980 1003 1021; x_wconf 84' lang='lat' dir='ltr'>tenendo:</span> <span class='ocrx_word' id='word_1_133' title='bbox 1034 992 1123 1033; x_wconf 82' lang='lat' dir='ltr'>qua</span> <span class='ocrx_word' id='word_1_134' title='bbox 1151 981 1197 1020; x_wconf 90' lang='lat' dir='ltr'>in</span> <span class='ocrx_word' id='word_1_135' title='bbox 1228 980 1449 1021; x_wconf 85' lang='lat' dir='ltr'>sententia</span> <span class='ocrx_word' id='word_1_136' title='bbox 1478 980 1518 1020; x_wconf 92' lang='lat' dir='ltr'>si</span> <span class='ocrx_word' id='word_1_137' title='bbox 1548 993 1652 1020; x_wconf 90' lang='lat' dir='ltr'>con-</span> 
     </span>
     <span class='ocr_line' id='line_1_17' title="bbox 169 1035 1653 1088; baseline -0.002 -10"><span class='ocrx_word' id='word_1_138' title='bbox 169 1042 288 1079; x_wconf 86' lang='lat' dir='ltr'>stare</span> <span class='ocrx_word' id='word_1_139' title='bbox 317 1038 579 1088; x_wconf 83' lang='lat' dir='ltr'>voluissent,</span> <span class='ocrx_word' id='word_1_140' title='bbox 610 1049 735 1077; x_wconf 83' lang='lat' dir='ltr'>suam</span> <span class='ocrx_word' id='word_1_141' title='bbox 764 1036 1080 1077; x_wconf 80' lang='lat' dir='ltr'>auct01itatem</span> <span class='ocrx_word' id='word_1_142' title='bbox 1110 1036 1244 1075; x_wconf 89' lang='lat' dir='ltr'>simul</span> <span class='ocrx_word' id='word_1_143' title='bbox 1267 1049 1368 1076; x_wconf 92' lang='lat' dir='ltr'>cum</span> <span class='ocrx_word' id='word_1_144' title='bbox 1388 1035 1532 1076; x_wconf 82' lang='lat' dir='ltr'>salute</span> <span class='ocrx_word' id='word_1_145' title='bbox 1555 1046 1653 1075; x_wconf 83' lang='lat' dir='ltr'>mea</span> 
     </span>
     <span class='ocr_line' id='line_1_18' title="bbox 169 1090 1651 1147; baseline -0.002 -14"><span class='ocrx_word' id='word_1_146' title='bbox 169 1096 521 1147; x_wconf 81' lang='lat' dir='ltr'>recuperassent</span> <span class='ocrx_word' id='word_1_147' title='bbox 579 1090 819 1132; x_wconf 76' lang='lat' dir='ltr'>Rem-eatis</span> <span class='ocrx_word' id='word_1_148' title='bbox 861 1092 980 1131; x_wconf 87' lang='lat' dir='ltr'>enim</span> <span class='ocrx_word' id='word_1_149' title='bbox 1009 1091 1137 1131; x_wconf 86' lang='lat' dir='ltr'>bonis</span> <span class='ocrx_word' id='word_1_150' title='bbox 1168 1092 1281 1133; x_wconf 85' lang='lat' dir='ltr'>viris</span> <span class='ocrx_word' id='word_1_151' title='bbox 1311 1092 1546 1136; x_wconf 76' lang='lat' dir='ltr'>consulatu</span> <span class='ocrx_word' id='word_1_152' title='bbox 1574 1095 1651 1131; x_wconf 91' lang='lat' dir='ltr'>tuo</span> 
     </span>
     <span class='ocr_line' id='line_1_19' title="bbox 169 1147 1650 1201; baseline -0.002 -12"><span class='ocrx_word' id='word_1_153' title='bbox 169 1153 214 1189; x_wconf 83' lang='lat' dir='ltr'>et</span> <span class='ocrx_word' id='word_1_154' title='bbox 244 1148 619 1189; x_wconf 86' lang='lat' dir='ltr'>constantissimis</span> <span class='ocrx_word' id='word_1_155' title='bbox 652 1151 785 1200; x_wconf 83' lang='lat' dir='ltr'>atque</span> <span class='ocrx_word' id='word_1_156' title='bbox 816 1147 997 1201; x_wconf 90' lang='lat' dir='ltr'>optimis</span> <span class='ocrx_word' id='word_1_157' title='bbox 1020 1147 1271 1188; x_wconf 83' lang='lat' dir='ltr'>actionibus</span> <span class='ocrx_word' id='word_1_158' title='bbox 1303 1148 1391 1187; x_wconf 88' lang='lat' dir='ltr'>tuis</span> <span class='ocrx_word' id='word_1_159' title='bbox 1422 1147 1650 1198; x_wconf 84' lang='lat' dir='ltr'>excitatis,</span> 
     </span>
     <span class='ocr_line' id='line_1_20' title="bbox 169 1202 1651 1257; baseline -0.002 -13"><span class='ocrx_word' id='word_1_160' title='bbox 169 1204 250 1245; x_wconf 87' lang='lat' dir='ltr'>Cn.</span> <span class='ocrx_word' id='word_1_161' title='bbox 272 1203 490 1257; x_wconf 87' lang='lat' dir='ltr'>Pompeio</span> <span class='ocrx_word' id='word_1_162' title='bbox 521 1203 788 1256; x_wconf 78' lang='lat' dir='ltr'>praescitim</span> <span class='ocrx_word' id='word_1_163' title='bbox 818 1203 875 1244; x_wconf 83' lang='lat' dir='ltr'>ad</span> <span class='ocrx_word' id='word_1_164' title='bbox 895 1215 1073 1243; x_wconf 83' lang='lat' dir='ltr'>causam</span> <span class='ocrx_word' id='word_1_165' title='bbox 1102 1202 1327 1254; x_wconf 82' lang='lat' dir='ltr'>adiuncto,</span> <span class='ocrx_word' id='word_1_166' title='bbox 1358 1216 1493 1257; x_wconf 89' lang='lat' dir='ltr'>quum</span> <span class='ocrx_word' id='word_1_167' title='bbox 1515 1203 1651 1243; x_wconf 81' lang='lat' dir='ltr'>etiam</span> 
     </span>
     <span class='ocr_line' id='line_1_21' title="bbox 169 1258 1651 1313; baseline -0.001 -13"><span class='ocrx_word' id='word_1_168' title='bbox 169 1259 361 1310; x_wconf 80' lang='lat' dir='ltr'>Caesar,</span> <span class='ocrx_word' id='word_1_169' title='bbox 405 1258 535 1298; x_wconf 84' lang='lat' dir='ltr'>rebus</span> <span class='ocrx_word' id='word_1_170' title='bbox 574 1259 785 1298; x_wconf 83' lang='lat' dir='ltr'>maximis</span> <span class='ocrx_word' id='word_1_171' title='bbox 832 1259 995 1312; x_wconf 73' lang='lat' dir='ltr'>gestiS,</span> <span class='ocrx_word' id='word_1_172' title='bbox 1041 1259 1343 1313; x_wconf 78' lang='lat' dir='ltr'>singularibus</span> <span class='ocrx_word' id='word_1_173' title='bbox 1385 1263 1568 1298; x_wconf 84' lang='lat' dir='ltr'>ornatus</span> <span class='ocrx_word' id='word_1_174' title='bbox 1607 1261 1651 1298; x_wconf 83' lang='lat' dir='ltr'>et</span> 
     </span>
     <span class='ocr_line' id='line_1_22' title="bbox 168 1288 1650 1356; baseline -0.002 0"><span class='ocrx_word' id='word_1_175' title='bbox 168 1315 296 1356; x_wconf 83' lang='lat' dir='ltr'>novis</span> <span class='ocrx_word' id='word_1_176' title='bbox 326 1312 571 1354; x_wconf 89' lang='lat' dir='ltr'>hon01ibus</span> <span class='ocrx_word' id='word_1_177' title='bbox 611 1327 664 1355; x_wconf 84' lang='lat' dir='ltr'>ac</span> <span class='ocrx_word' id='word_1_178' title='bbox 692 1313 877 1354; x_wconf 80' lang='lat' dir='ltr'>iudiciis</span> <span class='ocrx_word' id='word_1_179' title='bbox 908 1315 1084 1355; x_wconf 84' lang='lat' dir='ltr'>senatus</span> <span class='ocrx_word' id='word_1_180' title='bbox 1113 1288 1181 1354; x_wconf 55' lang='lat' dir='ltr'>2²ad</span> <span class='ocrx_word' id='word_1_181' title='bbox 1213 1314 1525 1354; x_wconf 83' lang='lat' dir='ltr'>auctmitatem</span> <span class='ocrx_word' id='word_1_182' title='bbox 1555 1314 1650 1353; x_wconf 86' lang='lat' dir='ltr'>eius</span> 
     </span>
    </p>
   </div>
   <div class='ocr_carea' id='block_1_3' title="bbox 168 1419 1649 1462">
    <p class='ocr_par' dir='ltr' id='par_1_3' title="bbox 168 1419 1649 1462">
     <span class='ocr_line' id='line_1_23' title="bbox 168 1419 1649 1462; baseline -0.001 -8"><span class='ocrx_word' id='word_1_183' title='bbox 168 1422 288 1454; x_wconf 85' lang='lat' dir='ltr'>haben</span> <span class='ocrx_word' id='word_1_184' title='bbox 314 1420 473 1461; x_wconf 87' lang='lat' dir='ltr'>Schuld,</span> <span class='ocrx_word' id='word_1_185' title='bbox 499 1420 649 1452; x_wconf 83' lang='lat' dir='ltr'>welche</span> <span class='ocrx_word' id='word_1_186' title='bbox 675 1432 708 1453; x_wconf 75' lang='grc' dir='ltr'>ιι.</span> <span class='ocrx_word' id='word_1_187' title='bbox 738 1432 765 1453; x_wconf 85' lang='grc'><strong>5.</strong></span> <span class='ocrx_word' id='word_1_188' title='bbox 793 1433 843 1454; x_wconf 77' lang='lat' dir='ltr'>w.</span> <span class='ocrx_word' id='word_1_189' title='bbox 880 1420 916 1454; x_wconf 87' lang='lat' dir='ltr'>S.</span> <span class='ocrx_word' id='word_1_190' title='bbox 946 1419 1097 1453; x_wconf 77' lang='lat' dir='ltr'>Ramsh.</span> <span class='ocrx_word' id='word_1_191' title='bbox 1127 1420 1154 1462; x_wconf 83' lang='lat'>§.</span> <span class='ocrx_word' id='word_1_192' title='bbox 1185 1422 1265 1462; x_wconf 86' lang='lat'>191,</span> <span class='ocrx_word' id='word_1_193' title='bbox 1293 1423 1327 1455; x_wconf 87' lang='lat'>2.</span> <span class='ocrx_word' id='word_1_194' title='bbox 1354 1420 1501 1456; x_wconf 72' lang='lat' dir='ltr'>Grotei’,</span> <span class='ocrx_word' id='word_1_195' title='bbox 1529 1420 1649 1462; x_wconf 79' lang='lat'>§.401‚</span> 
     </span>
    </p>
   </div>
   <div class='ocr_carea' id='block_1_4' title="bbox 164 1467 1650 1608">
    <p class='ocr_par' dir='ltr' id='par_1_4' title="bbox 164 1467 1650 1608">
     <span class='ocr_line' id='line_1_24' title="bbox 167 1467 1650 1510; baseline -0.002 -7"><span class='ocrx_word' id='word_1_196' title='bbox 167 1470 275 1503; x_wconf 89' lang='lat' dir='ltr'>Anm.</span> <span class='ocrx_word' id='word_1_197' title='bbox 295 1470 327 1503; x_wconf 89' lang='lat'>3.</span> <span class='ocrx_word' id='word_1_198' title='bbox 357 1487 399 1492; x_wconf 93' lang='grc'>--</span> <span class='ocrx_word' id='word_1_199' title='bbox 427 1468 465 1501; x_wconf 77' lang='lat' dir='ltr'>in</span> <span class='ocrx_word' id='word_1_200' title='bbox 491 1468 550 1506; x_wconf 75' lang='lat' dir='ltr'>iis,</span> <span class='ocrx_word' id='word_1_201' title='bbox 579 1467 650 1501; x_wconf 81' lang='lat' dir='ltr'>Md.</span> <span class='ocrx_word' id='word_1_202' title='bbox 679 1467 774 1502; x_wconf 83' lang='lat' dir='ltr'>Vict.</span> <span class='ocrx_word' id='word_1_203' title='bbox 802 1469 834 1502; x_wconf 82' lang='lat'>2.</span> <span class='ocrx_word' id='word_1_204' title='bbox 861 1467 916 1501; x_wconf 90' lang='lat' dir='ltr'>bis</span> <span class='ocrx_word' id='word_1_205' title='bbox 940 1469 978 1501; x_wconf 71' lang='lat' dir='ltr'>in</span> <span class='ocrx_word' id='word_1_206' title='bbox 1004 1468 1071 1501; x_wconf 75' lang='lat' dir='ltr'>hz&#39;s.</span> <span class='ocrx_word' id='word_1_207' title='bbox 1101 1488 1141 1493; x_wconf 93' lang='lat'>-—</span> <span class='ocrx_word' id='word_1_208' title='bbox 1170 1479 1241 1501; x_wconf 79' lang='grc' dir='ltr'>ηοη</span> <span class='ocrx_word' id='word_1_209' title='bbox 1268 1468 1427 1510; x_wconf 68' lang='lat' dir='ltr'>defend„</span> <span class='ocrx_word' id='word_1_210' title='bbox 1447 1467 1523 1502; x_wconf 83' lang='lat' dir='ltr'>wie</span> <span class='ocrx_word' id='word_1_211' title='bbox 1537 1468 1650 1501; x_wconf 60' lang='lat' dir='ltr'>C&#39;aisar</span> 
     </span>
     <span class='ocr_line' id='line_1_25' title="bbox 164 1515 1647 1562; baseline -0.003 -12"><span class='ocrx_word' id='word_1_212' title='bbox 164 1517 244 1550; x_wconf 84' lang='lat' dir='ltr'>und</span> <span class='ocrx_word' id='word_1_213' title='bbox 269 1516 431 1550; x_wconf 82' lang='lat' dir='ltr'>Crassus.</span> <span class='ocrx_word' id='word_1_214' title='bbox 461 1536 502 1541; x_wconf 93' lang='lat'>—</span> <span class='ocrx_word' id='word_1_215' title='bbox 531 1516 649 1559; x_wconf 64' lang='lat' dir='ltr'>reliq„</span> <span class='ocrx_word' id='word_1_216' title='bbox 677 1516 751 1550; x_wconf 82' lang='lat' dir='ltr'>wie</span> <span class='ocrx_word' id='word_1_217' title='bbox 780 1516 986 1562; x_wconf 82' lang='lat' dir='ltr'>Pompeius.</span> <span class='ocrx_word' id='word_1_218' title='bbox 1015 1515 1050 1549; x_wconf 91' lang='lat' dir='ltr'>S.</span> <span class='ocrx_word' id='word_1_219' title='bbox 1079 1527 1136 1560; x_wconf 88' lang='lat' dir='ltr'>ep.</span> <span class='ocrx_word' id='word_1_220' title='bbox 1164 1516 1293 1558; x_wconf 84' lang='lat' dir='ltr'>XLVI,</span> <span class='ocrx_word' id='word_1_221' title='bbox 1321 1517 1355 1551; x_wconf 86' lang='lat'>2.</span> <span class='ocrx_word' id='word_1_222' title='bbox 1385 1534 1426 1540; x_wconf 89' lang='lat'>-—</span> <span class='ocrx_word' id='word_1_223' title='bbox 1454 1516 1487 1549; x_wconf 81' lang='lat' dir='ltr'>si</span> <span class='ocrx_word' id='word_1_224' title='bbox 1513 1515 1576 1559; x_wconf 81' lang='lat' dir='ltr'>qui</span> <span class='ocrx_word' id='word_1_225' title='bbox 1600 1529 1647 1546; x_wconf 63' lang='lat' dir='ltr'><em>z</em></span> 
     </span>
     <span class='ocr_line' id='line_1_26' title="bbox 166 1562 1648 1608; baseline -0.001 -11"><span class='ocrx_word' id='word_1_226' title='bbox 166 1565 227 1599; x_wconf 82' lang='lat' dir='ltr'>die</span> <span class='ocrx_word' id='word_1_227' title='bbox 254 1571 366 1607; x_wconf 76' lang='lat' dir='ltr'>etwa,</span> <span class='ocrx_word' id='word_1_228' title='bbox 393 1579 440 1595; x_wconf 68' lang='lat'>:-</span> <span class='ocrx_word' id='word_1_229' title='bbox 469 1563 504 1597; x_wconf 69' lang='grc' dir='ltr'>εἴ</span> <span class='ocrx_word' id='word_1_230' title='bbox 524 1575 616 1603; x_wconf 77' lang='grc' dir='ltr'>τινες</span> <span class='ocrx_word' id='word_1_231' title='bbox 651 1570 695 1597; x_wconf 84' lang='lat' dir='ltr'>st.</span> <span class='ocrx_word' id='word_1_232' title='bbox 722 1562 885 1604; x_wconf 70' lang='grc' dir='ltr'>οἵτινες.</span> <span class='ocrx_word' id='word_1_233' title='bbox 924 1583 966 1588; x_wconf 91' lang='lat'>—</span> <span class='ocrx_word' id='word_1_234' title='bbox 1018 1564 1250 1597; x_wconf 74' lang='lat' dir='ltr'>simularunt.</span> <span class='ocrx_word' id='word_1_235' title='bbox 1301 1562 1336 1597; x_wconf 88' lang='lat' dir='ltr'>S.</span> <span class='ocrx_word' id='word_1_236' title='bbox 1366 1575 1426 1608; x_wconf 88' lang='lat' dir='ltr'>ep.</span> <span class='ocrx_word' id='word_1_237' title='bbox 1455 1563 1591 1602; x_wconf 83' lang='lat' dir='ltr'><strong>LXIII,</strong></span> <span class='ocrx_word' id='word_1_238' title='bbox 1616 1564 1648 1597; x_wconf 84' lang='lat'>8.</span> 
     </span>
    </p>
   </div>
   <div class='ocr_carea' id='block_1_5' title="bbox 163 1610 1721 1995">
    <p class='ocr_par' dir='ltr' id='par_1_5' title="bbox 163 1610 1742 1995">
     <span class='ocr_line' id='line_1_27' title="bbox 168 1610 1649 1657; baseline -0.001 -11"><span class='ocrx_word' id='word_1_239' title='bbox 168 1632 209 1637; x_wconf 95' lang='lat'>—-</span> <span class='ocrx_word' id='word_1_240' title='bbox 237 1613 296 1656; x_wconf 79' lang='lat' dir='ltr'>qui</span> <span class='ocrx_word' id='word_1_241' title='bbox 320 1613 442 1657; x_wconf 82' lang='lat' dir='ltr'>(quod</span> <span class='ocrx_word' id='word_1_242' title='bbox 465 1612 560 1645; x_wconf 85' lang='lat' dir='ltr'>Vict.</span> <span class='ocrx_word' id='word_1_243' title='bbox 590 1615 619 1646; x_wconf 89' lang='lat'>1.</span> <span class='ocrx_word' id='word_1_244' title='bbox 648 1618 777 1645; x_wconf 79' lang='lat' dir='ltr'>contra</span> <span class='ocrx_word' id='word_1_245' title='bbox 805 1612 895 1654; x_wconf 82' lang='lat' dir='ltr'>Md)</span> <span class='ocrx_word' id='word_1_246' title='bbox 922 1637 930 1645; x_wconf 90' lang='lat'>.</span> <span class='ocrx_word' id='word_1_247' title='bbox 960 1637 966 1644; x_wconf 97' lang='lat'>.</span> <span class='ocrx_word' id='word_1_248' title='bbox 994 1612 1172 1645; x_wconf 81' lang='lat' dir='ltr'>noluerim</span> <span class='ocrx_word' id='word_1_249' title='bbox 1197 1611 1452 1655; x_wconf 77' lang='lat' dir='ltr'>declararique</span> <span class='ocrx_word' id='word_1_250' title='bbox 1486 1612 1559 1653; x_wconf 69' lang='lat' dir='ltr'>(z</span> <span class='ocrx_word' id='word_1_251' title='bbox 1584 1610 1649 1644; x_wconf 84' lang='lat' dir='ltr'>sed</span> 
     </span>
     <span class='ocr_line' id='line_1_28' title="bbox 165 1658 1647 1702; baseline -0.001 -8"><span class='ocrx_word' id='word_1_252' title='bbox 165 1660 371 1702; x_wconf 83' lang='lat' dir='ltr'>declarari)</span> <span class='ocrx_word' id='word_1_253' title='bbox 405 1660 607 1699; x_wconf 78' lang='lat' dir='ltr'>maluerim,</span> <span class='ocrx_word' id='word_1_254' title='bbox 649 1660 762 1701; x_wconf 83' lang='lat' dir='ltr'>„dass</span> <span class='ocrx_word' id='word_1_255' title='bbox 790 1660 854 1693; x_wconf 75' lang='lat' dir='ltr'>ich</span> <span class='ocrx_word' id='word_1_256' title='bbox 881 1659 988 1692; x_wconf 89' lang='lat' dir='ltr'>nicht</span> <span class='ocrx_word' id='word_1_257' title='bbox 1014 1659 1161 1702; x_wconf 82' lang='lat' dir='ltr'>wollte,</span> <span class='ocrx_word' id='word_1_258' title='bbox 1194 1659 1361 1693; x_wconf 84' lang='lat' dir='ltr'>sondern</span> <span class='ocrx_word' id='word_1_259' title='bbox 1393 1658 1515 1693; x_wconf 86' lang='lat' dir='ltr'>lieber</span> <span class='ocrx_word' id='word_1_260' title='bbox 1540 1658 1647 1692; x_wconf 78' lang='lat' dir='ltr'>sah.“</span> 
     </span>
     <span class='ocr_line' id='line_1_29' title="bbox 165 1705 1649 1754; baseline -0.002 -11"><span class='ocrx_word' id='word_1_261' title='bbox 165 1710 238 1743; x_wconf 87' lang='lat' dir='ltr'>Das</span> <span class='ocrx_word' id='word_1_262' title='bbox 262 1719 414 1749; x_wconf 85' lang='lat' dir='ltr'>nomen,</span> <span class='ocrx_word' id='word_1_263' title='bbox 453 1709 604 1741; x_wconf 83' lang='lat' dir='ltr'>worauf</span> <span class='ocrx_word' id='word_1_264' title='bbox 626 1707 710 1741; x_wconf 88' lang='lat' dir='ltr'>sich</span> <span class='ocrx_word' id='word_1_265' title='bbox 736 1709 795 1752; x_wconf 77' lang='lat' dir='ltr'>qui</span> <span class='ocrx_word' id='word_1_266' title='bbox 827 1707 991 1749; x_wconf 83' lang='lat' dir='ltr'>bezieht,</span> <span class='ocrx_word' id='word_1_267' title='bbox 1030 1708 1079 1741; x_wconf 85' lang='lat' dir='ltr'>ist</span> <span class='ocrx_word' id='word_1_268' title='bbox 1112 1708 1152 1740; x_wconf 88' lang='lat' dir='ltr'>in</span> <span class='ocrx_word' id='word_1_269' title='bbox 1185 1707 1269 1740; x_wconf 87' lang='lat' dir='ltr'>dem</span> <span class='ocrx_word' id='word_1_270' title='bbox 1301 1705 1649 1754; x_wconf 80' lang='lat' dir='ltr'>vorhergehenden</span> 
     </span>
     <span class='ocr_line' id='line_1_30' title="bbox 165 1754 1649 1801; baseline -0.001 -12"><span class='ocrx_word' id='word_1_271' title='bbox 165 1760 330 1789; x_wconf 80' lang='lat' dir='ltr'>nostrum</span> <span class='ocrx_word' id='word_1_272' title='bbox 346 1766 519 1788; x_wconf 65' lang='lat' dir='ltr'>:meum</span> <span class='ocrx_word' id='word_1_273' title='bbox 545 1754 735 1801; x_wconf 79' lang='lat' dir='ltr'>begriffen</span> <span class='ocrx_word' id='word_1_274' title='bbox 762 1756 855 1793; x_wconf 79' lang='lat' dir='ltr'>(also</span> <span class='ocrx_word' id='word_1_275' title='bbox 878 1756 939 1799; x_wconf 79' lang='lat' dir='ltr'>qui</span> <span class='ocrx_word' id='word_1_276' title='bbox 964 1756 1017 1788; x_wconf 87' lang='lat' dir='ltr'>im</span> <span class='ocrx_word' id='word_1_277' title='bbox 1043 1767 1158 1800; x_wconf 84' lang='lat' dir='ltr'>genus</span> <span class='ocrx_word' id='word_1_278' title='bbox 1185 1767 1256 1800; x_wconf 86' lang='lat' dir='ltr'>per</span> <span class='ocrx_word' id='word_1_279' title='bbox 1281 1755 1453 1799; x_wconf 81' lang='lat' dir='ltr'>synesin)</span> <span class='ocrx_word' id='word_1_280' title='bbox 1485 1754 1563 1788; x_wconf 85' lang='lat' dir='ltr'>und</span> <span class='ocrx_word' id='word_1_281' title='bbox 1588 1754 1649 1799; x_wconf 80' lang='lat' dir='ltr'>qui</span> 
     </span>
     <span class='ocr_line' id='line_1_31' title="bbox 164 1794 1721 1850; baseline -0.001 -13"><span class='ocrx_word' id='word_1_282' title='bbox 164 1804 307 1838; x_wconf 84' lang='lat' dir='ltr'>konnte</span> <span class='ocrx_word' id='word_1_283' title='bbox 332 1803 408 1836; x_wconf 84' lang='lat' dir='ltr'>und</span> <span class='ocrx_word' id='word_1_284' title='bbox 433 1809 573 1836; x_wconf 82' lang='lat' dir='ltr'>musste</span> <span class='ocrx_word' id='word_1_285' title='bbox 611 1804 681 1837; x_wconf 85' lang='lat' dir='ltr'>mit</span> <span class='ocrx_word' id='word_1_286' title='bbox 706 1804 834 1838; x_wconf 84' lang='lat' dir='ltr'>seinen</span> <span class='ocrx_word' id='word_1_287' title='bbox 861 1803 987 1837; x_wconf 85' lang='lat' dir='ltr'>verbis</span> <span class='ocrx_word' id='word_1_288' title='bbox 1021 1803 1075 1837; x_wconf 84' lang='lat' dir='ltr'>im</span> <span class='ocrx_word' id='word_1_289' title='bbox 1100 1802 1284 1850; x_wconf 77' lang='lat' dir='ltr'>Singular</span> <span class='ocrx_word' id='word_1_290' title='bbox 1306 1809 1453 1849; x_wconf 82' lang='lat' dir='ltr'>gesetzt</span> <span class='ocrx_word' id='word_1_291' title='bbox 1479 1802 1647 1843; x_wconf 76' lang='lat' dir='ltr'>welden,</span> <span class='ocrx_word' id='word_1_292' title='bbox 1700 1794 1742 1836; x_wconf 36' lang='lat' dir='ltr'>f&#39;</span> 
     </span>
     <span class='ocr_line' id='line_1_32' title="bbox 163 1843 1647 1890; baseline -0.003 -4"><span class='ocrx_word' id='word_1_293' title='bbox 163 1851 258 1887; x_wconf 86' lang='lat' dir='ltr'>weil</span> <span class='ocrx_word' id='word_1_294' title='bbox 283 1855 443 1885; x_wconf 80' lang='lat' dir='ltr'>nostrum</span> <span class='ocrx_word' id='word_1_295' title='bbox 468 1861 541 1883; x_wconf 87' lang='lat' dir='ltr'>nul</span> <span class='ocrx_word' id='word_1_296' title='bbox 565 1852 633 1883; x_wconf 81' lang='lat' dir='ltr'>auf</span> <span class='ocrx_word' id='word_1_297' title='bbox 655 1851 792 1890; x_wconf 69' lang='lat' dir='ltr'>Einem</span> <span class='ocrx_word' id='word_1_298' title='bbox 819 1852 891 1886; x_wconf 80' lang='lat' dir='ltr'>den</span> <span class='ocrx_word' id='word_1_299' title='bbox 918 1851 1066 1890; x_wconf 83' lang='lat' dir='ltr'>Cicero,</span> <span class='ocrx_word' id='word_1_300' title='bbox 1105 1843 1309 1884; x_wconf 40' lang='lat' dir='ltr'>hinssveiset</span> <span class='ocrx_word' id='word_1_301' title='bbox 1332 1850 1409 1883; x_wconf 83' lang='lat' dir='ltr'>und</span> <span class='ocrx_word' id='word_1_302' title='bbox 1433 1850 1647 1884; x_wconf 84' lang='lat' dir='ltr'>hinweisen</span> 
     </span>
     <span class='ocr_line' id='line_1_33' title="bbox 163 1898 1707 1939; baseline -0.001 -6"><span class='ocrx_word' id='word_1_303' title='bbox 163 1899 251 1934; x_wconf 85' lang='lat' dir='ltr'>soll.</span> <span class='ocrx_word' id='word_1_304' title='bbox 309 1899 389 1933; x_wconf 82' lang='lat' dir='ltr'>Der</span> <span class='ocrx_word' id='word_1_305' title='bbox 415 1898 576 1931; x_wconf 86' lang='lat' dir='ltr'>Pluralis</span> <span class='ocrx_word' id='word_1_306' title='bbox 603 1898 707 1933; x_wconf 80' lang='lat' dir='ltr'>h‘atte</span> <span class='ocrx_word' id='word_1_307' title='bbox 732 1899 813 1932; x_wconf 80' lang='lat' dir='ltr'>sich</span> <span class='ocrx_word' id='word_1_308' title='bbox 850 1901 922 1932; x_wconf 85' lang='lat' dir='ltr'>mit</span> <span class='ocrx_word' id='word_1_309' title='bbox 961 1900 1028 1932; x_wconf 83' lang='lat' dir='ltr'>auf</span> <span class='ocrx_word' id='word_1_310' title='bbox 1049 1898 1120 1932; x_wconf 89' lang='lat' dir='ltr'>Die</span> <span class='ocrx_word' id='word_1_311' title='bbox 1153 1898 1288 1931; x_wconf 71' lang='lat' dir='ltr'>clemen</span> <span class='ocrx_word' id='word_1_312' title='bbox 1323 1898 1460 1939; x_wconf 84' lang='lat' dir='ltr'>lassen,</span> <span class='ocrx_word' id='word_1_313' title='bbox 1499 1898 1559 1931; x_wconf 82' lang='lat' dir='ltr'>die</span> <span class='ocrx_word' id='word_1_314' title='bbox 1583 1910 1648 1932; x_wconf 85' lang='lat' dir='ltr'>aus</span> <span class='ocrx_word' id='word_1_315' title='bbox 1706 1924 1707 1927; x_wconf 22' lang='grc' dir='ltr'>η</span> 
     </span>
     <span class='ocr_line' id='line_1_34' title="bbox 164 1945 1645 1995; baseline -0.002 -13"><span class='ocrx_word' id='word_1_316' title='bbox 164 1947 344 1995; x_wconf 78' lang='lat' dir='ltr'>Feigheit</span> <span class='ocrx_word' id='word_1_317' title='bbox 369 1946 455 1979; x_wconf 80' lang='lat' dir='ltr'>dem</span> <span class='ocrx_word' id='word_1_318' title='bbox 482 1946 617 1979; x_wconf 88' lang='lat' dir='ltr'>Cicero</span> <span class='ocrx_word' id='word_1_319' title='bbox 644 1946 889 1992; x_wconf 65' lang='lat' dir='ltr'>denselbiwen</span> <span class='ocrx_word' id='word_1_320' title='bbox 915 1947 1009 1978; x_wconf 63' lang='lat' dir='ltr'>Eme.</span> <span class='ocrx_word' id='word_1_321' title='bbox 1015 1945 1141 1979; x_wconf 80' lang='lat' dir='ltr'>chluss</span> <span class='ocrx_word' id='word_1_322' title='bbox 1168 1945 1404 1993; x_wconf 79' lang='lat' dir='ltr'>angerathen</span> <span class='ocrx_word' id='word_1_323' title='bbox 1429 1945 1572 1979; x_wconf 74' lang='lat' dir='ltr'>hatten.</span> <span class='ocrx_word' id='word_1_324' title='bbox 1607 1945 1645 1980; x_wconf 91' lang='lat' dir='ltr'>S.</span> 
     </span>
    </p>
   </div>
   <div class='ocr_carea' id='block_1_6' title="bbox 164 1975 1710 2090">
    <p class='ocr_par' dir='ltr' id='par_1_6' title="bbox 164 1975 1710 2089">
     <span class='ocr_line' id='line_1_35' title="bbox 164 1975 1710 2037; baseline 0 -9"><span class='ocrx_word' id='word_1_325' title='bbox 164 1995 318 2031; x_wconf 83' lang='lat' dir='ltr'>Ramsh.</span> <span class='ocrx_word' id='word_1_326' title='bbox 343 1994 372 2037; x_wconf 84' lang='lat'>§.</span> <span class='ocrx_word' id='word_1_327' title='bbox 403 1995 480 2035; x_wconf 83' lang='lat'>159,</span> <span class='ocrx_word' id='word_1_328' title='bbox 507 1995 540 2029; x_wconf 78' lang='lat'>2,</span> <span class='ocrx_word' id='word_1_329' title='bbox 570 2005 590 2026; x_wconf 92' lang='lat' dir='ltr'>c</span> <span class='ocrx_word' id='word_1_330' title='bbox 616 2006 651 2026; x_wconf 87' lang='grc' dir='ltr'>ιι</span> <span class='ocrx_word' id='word_1_331' title='bbox 681 2005 710 2026; x_wconf 88' lang='lat' dir='ltr'>e.</span> <span class='ocrx_word' id='word_1_332' title='bbox 773 1975 1090 2037; x_wconf 68' lang='lat' dir='ltr'>Ub1ige115ube1</span> <span class='ocrx_word' id='word_1_333' title='bbox 1116 1994 1175 2037; x_wconf 79' lang='lat' dir='ltr'>qui</span> <span class='ocrx_word' id='word_1_334' title='bbox 1212 2000 1256 2026; x_wconf 81' lang='lat' dir='ltr'>st.</span> <span class='ocrx_word' id='word_1_335' title='bbox 1286 2005 1403 2037; x_wconf 89' lang='lat' dir='ltr'>quum</span> <span class='ocrx_word' id='word_1_336' title='bbox 1429 1994 1523 2028; x_wconf 85' lang='lat' dir='ltr'>oder</span> <span class='ocrx_word' id='word_1_337' title='bbox 1548 1994 1646 2037; x_wconf 79' lang='lat' dir='ltr'>quod</span> <span class='ocrx_word' id='word_1_338' title='bbox 1708 1990 1710 1994; x_wconf 57' lang='grc'>’</span> 
     </span>
     <span class='ocr_line' id='line_1_36' title="bbox 167 2020 1645 2090; baseline -0.002 -12"><span class='ocrx_word' id='word_1_339' title='bbox 167 2054 236 2090; x_wconf 65' lang='lat' dir='ltr'>ego</span> <span class='ocrx_word' id='word_1_340' title='bbox 269 2040 628 2089; x_wconf 76' lang='lat' dir='ltr'>vergl.Ran1sh.§.</span> <span class='ocrx_word' id='word_1_341' title='bbox 657 2020 988 2083; x_wconf 57' lang='lat' dir='ltr'>194‚1.G³}·0t‹›.s</span> <span class='ocrx_word' id='word_1_342' title='bbox 1028 2041 1055 2082; x_wconf 83' lang='lat'>§.</span> <span class='ocrx_word' id='word_1_343' title='bbox 1083 2043 1164 2081; x_wconf 69' lang='lat'>131,</span> <span class='ocrx_word' id='word_1_344' title='bbox 1188 2043 1220 2075; x_wconf 73' lang='lat'>*2</span> <span class='ocrx_word' id='word_1_345' title='bbox 1272 2052 1295 2074; x_wconf 83' lang='grc' dir='ltr'>(ι</span> <span class='ocrx_word' id='word_1_346' title='bbox 1321 2053 1377 2074; x_wconf 83' lang='lat' dir='ltr'>me</span> <span class='ocrx_word' id='word_1_347' title='bbox 1402 2046 1645 2083; x_wconf 58' lang='lat' dir='ltr'>comm-latos,</span> 
     </span>
    </p>
   </div>
   <div class='ocr_carea' id='block_1_7' title="bbox 1710 869 1742 1850">
    <p class='ocr_par' dir='ltr' id='par_1_7' title="bbox 1710 869 1742 1850">
     <span class='ocr_line' id='line_1_37' title="bbox 1710 869 1742 1850; baseline 0 0"><span class='ocrx_word' id='word_1_348' title='bbox 1710 869 1742 1850; x_wconf 95' lang='lat' dir='ltr'> </span> 
     </span>
    </p>
   </div>
   <div class='ocr_carea' id='block_1_8' title="bbox 163 2065 1742 2758">
    <p class='ocr_par' dir='ltr' id='par_1_8' title="bbox 163 2065 1742 2758">
     <span class='ocr_line' id='line_1_38' title="bbox 164 2065 1737 2137; baseline -0.002 -11"><span class='ocrx_word' id='word_1_349' title='bbox 164 2074 396 2137; x_wconf 78' lang='lat' dir='ltr'>temporibus</span> <span class='ocrx_word' id='word_1_350' title='bbox 424 2090 617 2123; x_wconf 75' lang='lat' dir='ltr'>Catilinae.</span> <span class='ocrx_word' id='word_1_351' title='bbox 670 2110 710 2115; x_wconf 77' lang='lat'>—</span> <span class='ocrx_word' id='word_1_352' title='bbox 762 2090 939 2132; x_wconf 76' lang='lat' dir='ltr'>spolzatos</span> <span class='ocrx_word' id='word_1_353' title='bbox 966 2065 1220 2133; x_wconf 72' lang='lat' dir='ltr'>duc.quil1us</span> <span class='ocrx_word' id='word_1_354' title='bbox 1249 2089 1360 2123; x_wconf 82' lang='lat' dir='ltr'>duces</span> <span class='ocrx_word' id='word_1_355' title='bbox 1387 2090 1572 2123; x_wconf 79' lang='lat' dir='ltr'>deessent.</span> <span class='ocrx_word' id='word_1_356' title='bbox 1602 2109 1641 2114; x_wconf 80' lang='lat'><em>—</em></span> <span class='ocrx_word' id='word_1_357' title='bbox 1711 2074 1737 2123; x_wconf 63' lang='grc' dir='ltr'>,ὶῖ</span> 
     </span>
     <span class='ocr_line' id='line_1_39' title="bbox 163 2137 1727 2189; baseline -0.002 -16"><span class='ocrx_word' id='word_1_358' title='bbox 163 2139 280 2173; x_wconf 78' lang='lat' dir='ltr'>servis</span> <span class='ocrx_word' id='word_1_359' title='bbox 305 2138 469 2179; x_wconf 78' lang='lat' dir='ltr'>armatis,</span> <span class='ocrx_word' id='word_1_360' title='bbox 499 2149 591 2181; x_wconf 84' lang='lat' dir='ltr'>quos</span> <span class='ocrx_word' id='word_1_361' title='bbox 618 2137 772 2170; x_wconf 73' lang='lat' dir='ltr'>Clodius</span> <span class='ocrx_word' id='word_1_362' title='bbox 798 2138 870 2170; x_wconf 82' lang='lat' dir='ltr'>sibi</span> <span class='ocrx_word' id='word_1_363' title='bbox 895 2137 1146 2184; x_wconf 76' lang='lat' dir='ltr'>collegimum</span> <span class='ocrx_word' id='word_1_364' title='bbox 1186 2138 1337 2170; x_wconf 82' lang='lat' dir='ltr'>nomine</span> <span class='ocrx_word' id='word_1_365' title='bbox 1362 2137 1641 2172; x_wconf 82' lang='lat' dir='ltr'>conciliaverat.</span> <span class='ocrx_word' id='word_1_366' title='bbox 1716 2140 1727 2189; x_wconf 58' lang='lat'>‘2</span> 
     </span>
     <span class='ocr_line' id='line_1_40' title="bbox 163 2185 1730 2229; baseline 0 -9"><span class='ocrx_word' id='word_1_367' title='bbox 163 2186 246 2220; x_wconf 87' lang='lat' dir='ltr'>Vid.</span> <span class='ocrx_word' id='word_1_368' title='bbox 274 2186 372 2219; x_wconf 85' lang='lat' dir='ltr'>Orat.</span> <span class='ocrx_word' id='word_1_369' title='bbox 400 2196 470 2229; x_wconf 88' lang='lat' dir='ltr'>pro</span> <span class='ocrx_word' id='word_1_370' title='bbox 496 2185 597 2220; x_wconf 79' lang='lat' dir='ltr'>Sext.</span> <span class='ocrx_word' id='word_1_371' title='bbox 624 2197 654 2218; x_wconf 87' lang='lat' dir='ltr'>c.</span> <span class='ocrx_word' id='word_1_372' title='bbox 684 2188 738 2220; x_wconf 83' lang='lat'>20.</span> <span class='ocrx_word' id='word_1_373' title='bbox 770 2185 808 2217; x_wconf 80' lang='lat' dir='ltr'>in</span> <span class='ocrx_word' id='word_1_374' title='bbox 836 2186 953 2218; x_wconf 78' lang='lat' dir='ltr'>Pison.</span> <span class='ocrx_word' id='word_1_375' title='bbox 983 2197 1012 2217; x_wconf 77' lang='grc'><strong>0.</strong></span> <span class='ocrx_word' id='word_1_376' title='bbox 1042 2186 1060 2218; x_wconf 79' lang='lat'>1</span> <span class='ocrx_word' id='word_1_377' title='bbox 1084 2192 1120 2218; x_wconf 73' lang='lat' dir='ltr'>et</span> <span class='ocrx_word' id='word_1_378' title='bbox 1140 2187 1170 2219; x_wconf 76' lang='grc' dir='ltr'>Γ).</span> <span class='ocrx_word' id='word_1_379' title='bbox 1200 2204 1242 2208; x_wconf 39' lang='grc' dir='ltr'>κ-</span> <span class='ocrx_word' id='word_1_380' title='bbox 1269 2186 1471 2225; x_wconf 67' lang='lat' dir='ltr'>declaravi,</span> <span class='ocrx_word' id='word_1_381' title='bbox 1498 2185 1579 2219; x_wconf 77' lang='lat' dir='ltr'>(lass</span> <span class='ocrx_word' id='word_1_382' title='bbox 1606 2197 1643 2220; x_wconf 86' lang='lat' dir='ltr'>es</span> <span class='ocrx_word' id='word_1_383' title='bbox 1723 2203 1730 2212; x_wconf 93' lang='lat'>·</span> 
     </span>
     <span class='ocr_line' id='line_1_41' title="bbox 165 2232 1642 2275; baseline -0.001 -6"><span class='ocrx_word' id='word_1_384' title='bbox 165 2235 253 2269; x_wconf 80' lang='lat' dir='ltr'>klar</span> <span class='ocrx_word' id='word_1_385' title='bbox 278 2233 432 2275; x_wconf 75' lang='lat' dir='ltr'>wiird03</span> <span class='ocrx_word' id='word_1_386' title='bbox 458 2233 537 2266; x_wconf 77' lang='lat' dir='ltr'>dass</span> <span class='ocrx_word' id='word_1_387' title='bbox 564 2245 650 2266; x_wconf 79' lang='lat' dir='ltr'>man</span> <span class='ocrx_word' id='word_1_388' title='bbox 676 2234 753 2266; x_wconf 66' lang='lat' dir='ltr'>eins</span> <span class='ocrx_word' id='word_1_389' title='bbox 741 2233 855 2266; x_wconf 77' lang='lat' dir='ltr'>eheu</span> <span class='ocrx_word' id='word_1_390' title='bbox 882 2234 1016 2266; x_wconf 63' lang='lat' dir='ltr'>lw-xnts·</span> <span class='ocrx_word' id='word_1_391' title='bbox 1048 2252 1090 2256; x_wconf 91' lang='lat'>——</span> <span class='ocrx_word' id='word_1_392' title='bbox 1118 2234 1149 2266; x_wconf 81' lang='lat' dir='ltr'>si</span> <span class='ocrx_word' id='word_1_393' title='bbox 1174 2233 1230 2266; x_wconf 44' lang='lat' dir='ltr'>iius*</span> <span class='ocrx_word' id='word_1_394' title='bbox 1258 2233 1352 2267; x_wconf 81' lang='lat' dir='ltr'>Vict.</span> <span class='ocrx_word' id='word_1_395' title='bbox 1385 2236 1414 2267; x_wconf 92' lang='lat'>1.</span> <span class='ocrx_word' id='word_1_396' title='bbox 1443 2235 1474 2267; x_wconf 91' lang='lat'><strong>2</strong></span> <span class='ocrx_word' id='word_1_397' title='bbox 1503 2232 1572 2267; x_wconf 76' lang='lat' dir='ltr'>Ins.</span> <span class='ocrx_word' id='word_1_398' title='bbox 1601 2252 1642 2256; x_wconf 88' lang='grc'>-</span> 
     </span>
     <span class='ocr_line' id='line_1_42' title="bbox 164 2281 1642 2328; baseline -0.001 -12"><span class='ocrx_word' id='word_1_399' title='bbox 164 2286 294 2324; x_wconf 81' lang='lat' dir='ltr'>stante,</span> <span class='ocrx_word' id='word_1_400' title='bbox 321 2282 375 2314; x_wconf 80' lang='lat' dir='ltr'>als</span> <span class='ocrx_word' id='word_1_401' title='bbox 400 2281 464 2314; x_wconf 77' lang='lat' dir='ltr'>ich</span> <span class='ocrx_word' id='word_1_402' title='bbox 492 2281 591 2314; x_wconf 79' lang='lat' dir='ltr'>noch</span> <span class='ocrx_word' id='word_1_403' title='bbox 619 2281 797 2314; x_wconf 67' lang='lat' dir='ltr'>1us1eeht</span> <span class='ocrx_word' id='word_1_404' title='bbox 824 2281 1037 2320; x_wconf 73' lang='lat' dir='ltr'>sta11‹l·in1</span> <span class='ocrx_word' id='word_1_405' title='bbox 1066 2281 1119 2313; x_wconf 83' lang='lat' dir='ltr'>G</span> <span class='ocrx_word' id='word_1_406' title='bbox 1113 2291 1226 2328; x_wconf 78' lang='lat' dir='ltr'>oens.</span> <span class='ocrx_word' id='word_1_407' title='bbox 1253 2291 1328 2314; x_wconf 86' lang='lat' dir='ltr'>von</span> <span class='ocrx_word' id='word_1_408' title='bbox 1353 2281 1537 2323; x_wconf 78' lang='lat' dir='ltr'>afflictum</span> <span class='ocrx_word' id='word_1_409' title='bbox 1563 2281 1642 2323; x_wconf 76' lang='lat' dir='ltr'>(ex-</span> 
     </span>
     <span class='ocr_line' id='line_1_43' title="bbox 164 2328 1709 2375; baseline -0.001 -11"><span class='ocrx_word' id='word_1_410' title='bbox 164 2331 295 2372; x_wconf 77' lang='lat' dir='ltr'>citare)</span> <span class='ocrx_word' id='word_1_411' title='bbox 320 2329 393 2363; x_wconf 81' lang='lat' dir='ltr'>deu</span> <span class='ocrx_word' id='word_1_412' title='bbox 420 2342 464 2361; x_wconf 87' lang='lat' dir='ltr'>zu</span> <span class='ocrx_word' id='word_1_413' title='bbox 487 2330 514 2361; x_wconf 79' lang='grc' dir='ltr'><strong><em>Β</em></strong></span> <span class='ocrx_word' id='word_1_414' title='bbox 520 2329 614 2362; x_wconf 70' lang='lat' dir='ltr'>oden</span> <span class='ocrx_word' id='word_1_415' title='bbox 639 2341 726 2375; x_wconf 50' lang='grc' dir='ltr'>ἔζων</span> <span class='ocrx_word' id='word_1_416' title='bbox 717 2330 885 2362; x_wconf 72' lang='lat' dir='ltr'>orsenen</span> <span class='ocrx_word' id='word_1_417' title='bbox 912 2329 1012 2368; x_wconf 64' lang='lat' dir='ltr'>(xvim</span> <span class='ocrx_word' id='word_1_418' title='bbox 1006 2328 1050 2359; x_wconf 97' lang='grc'>«01</span> <span class='ocrx_word' id='word_1_419' title='bbox 1041 2340 1074 2361; x_wconf 91' lang='grc' dir='ltr'>ι</span> <span class='ocrx_word' id='word_1_420' title='bbox 1099 2329 1338 2370; x_wconf 73' lang='lat' dir='ltr'>aus1ich¹en).</span> <span class='ocrx_word' id='word_1_421' title='bbox 1384 2347 1426 2352; x_wconf 89' lang='lat'><em>-</em></span> <span class='ocrx_word' id='word_1_422' title='bbox 1473 2340 1577 2371; x_wconf 80' lang='lat' dir='ltr'>quum</span> <span class='ocrx_word' id='word_1_423' title='bbox 1602 2329 1643 2362; x_wconf 80' lang='lat' dir='ltr'>de</span> <span class='ocrx_word' id='word_1_424' title='bbox 1704 2356 1709 2366; x_wconf 65' lang='grc'>,</span> 
     </span>
     <span class='ocr_line' id='line_1_44' title="bbox 163 2376 1641 2424; baseline 0 -13"><span class='ocrx_word' id='word_1_425' title='bbox 163 2390 218 2411; x_wconf 82' lang='lat' dir='ltr'>me</span> <span class='ocrx_word' id='word_1_426' title='bbox 243 2388 377 2419; x_wconf 77' lang='lat' dir='ltr'>ageres</span> <span class='ocrx_word' id='word_1_427' title='bbox 404 2377 443 2408; x_wconf 84' lang='lat' dir='ltr'>in</span> <span class='ocrx_word' id='word_1_428' title='bbox 470 2388 532 2409; x_wconf 74' lang='lat' dir='ltr'>sm</span> <span class='ocrx_word' id='word_1_429' title='bbox 537 2383 611 2418; x_wconf 69' lang='lat' dir='ltr'>atu,</span> <span class='ocrx_word' id='word_1_430' title='bbox 650 2377 704 2410; x_wconf 75' lang='lat' dir='ltr'>als</span> <span class='ocrx_word' id='word_1_431' title='bbox 740 2379 798 2411; x_wconf 85' lang='lat' dir='ltr'>Du</span> <span class='ocrx_word' id='word_1_432' title='bbox 832 2378 897 2410; x_wconf 77' lang='lat' dir='ltr'>aus</span> <span class='ocrx_word' id='word_1_433' title='bbox 919 2376 1042 2410; x_wconf 76' lang='lat' dir='ltr'>meino</span> <span class='ocrx_word' id='word_1_434' title='bbox 1075 2377 1423 2424; x_wconf 75' lang='lat' dir='ltr'>Zuriickbelufung</span> <span class='ocrx_word' id='word_1_435' title='bbox 1450 2376 1548 2410; x_wconf 69' lang='lat' dir='ltr'>bvim</span> <span class='ocrx_word' id='word_1_436' title='bbox 1575 2376 1641 2411; x_wconf 80' lang='lat' dir='ltr'>Se-</span> 
     </span>
     <span class='ocr_line' id='line_1_45' title="bbox 163 2430 1732 2471; baseline -0.003 -11"><span class='ocrx_word' id='word_1_437' title='bbox 163 2433 249 2460; x_wconf 76' lang='lat' dir='ltr'>nate</span> <span class='ocrx_word' id='word_1_438' title='bbox 276 2430 482 2471; x_wconf 68' lang='lat' dir='ltr'>antrugest.</span> <span class='ocrx_word' id='word_1_439' title='bbox 1727 2435 1732 2444; x_wconf 92' lang='lat'><em>·</em></span> 
     </span>
     <span class='ocr_line' id='line_1_46' title="bbox 265 2472 1721 2507; baseline -0.002 0"><span class='ocrx_word' id='word_1_440' title='bbox 265 2475 317 2507; x_wconf 74' lang='lat'>14.</span> <span class='ocrx_word' id='word_1_441' title='bbox 359 2473 508 2505; x_wconf 74' lang='lat' dir='ltr'>tenendo</span> <span class='ocrx_word' id='word_1_442' title='bbox 537 2472 558 2503; x_wconf 85' lang='lat' dir='ltr'>i.</span> <span class='ocrx_word' id='word_1_443' title='bbox 586 2484 617 2506; x_wconf 81' lang='lat' dir='ltr'>e.</span> <span class='ocrx_word' id='word_1_444' title='bbox 645 2473 746 2505; x_wconf 83' lang='lat' dir='ltr'>mich</span> <span class='ocrx_word' id='word_1_445' title='bbox 774 2486 819 2506; x_wconf 85' lang='lat' dir='ltr'>zu</span> <span class='ocrx_word' id='word_1_446' title='bbox 847 2472 1030 2505; x_wconf 65' lang='lat' dir='ltr'>erhalton.</span> <span class='ocrx_word' id='word_1_447' title='bbox 1084 2472 1145 2505; x_wconf 83' lang='lat' dir='ltr'>Sic</span> <span class='ocrx_word' id='word_1_448' title='bbox 1174 2472 1242 2506; x_wconf 60' lang='lat' dir='ltr'>Md.</span> <span class='ocrx_word' id='word_1_449' title='bbox 1271 2473 1363 2505; x_wconf 78' lang='lat' dir='ltr'>vict.</span> <span class='ocrx_word' id='word_1_450' title='bbox 1395 2475 1421 2506; x_wconf 92' lang='lat' dir='ltr'>l.</span> <span class='ocrx_word' id='word_1_451' title='bbox 1450 2473 1485 2507; x_wconf 86' lang='lat'>2.</span> <span class='ocrx_word' id='word_1_452' title='bbox 1514 2472 1638 2505; x_wconf 78' lang='lat' dir='ltr'>anb.</span> <span class='ocrx_word' id='word_1_453' title='bbox 1712 2475 1721 2503; x_wconf 86' lang='grc'>.·“</span> 
     </span>
     <span class='ocr_line' id='line_1_47' title="bbox 168 2506 1713 2569; baseline 0 -16"><span class='ocrx_word' id='word_1_454' title='bbox 168 2522 259 2553; x_wconf 76' lang='grc' dir='ltr'>ΕΓη.</span> <span class='ocrx_word' id='word_1_455' title='bbox 285 2520 421 2554; x_wconf 81' lang='lat' dir='ltr'>Bened.</span> <span class='ocrx_word' id='word_1_456' title='bbox 464 2520 603 2553; x_wconf 75' lang='lat' dir='ltr'>tuendo.</span> <span class='ocrx_word' id='word_1_457' title='bbox 641 2522 775 2554; x_wconf 77' lang='lat' dir='ltr'>Graev</span> <span class='ocrx_word' id='word_1_458' title='bbox 812 2521 994 2553; x_wconf 77' lang='lat' dir='ltr'>rclinem&#39;n</span> <span class='ocrx_word' id='word_1_459' title='bbox 1029 2519 1115 2553; x_wconf 81' lang='lat' dir='ltr'>Sch.</span> <span class='ocrx_word' id='word_1_460' title='bbox 1153 2522 1246 2554; x_wconf 31' lang='lat' dir='ltr'>lwiin</span> <span class='ocrx_word' id='word_1_461' title='bbox 1283 2521 1327 2554; x_wconf 88' lang='lat' dir='ltr'>de</span> <span class='ocrx_word' id='word_1_462' title='bbox 1352 2520 1502 2553; x_wconf 75' lang='lat' dir='ltr'>Frnest.</span> <span class='ocrx_word' id='word_1_463' title='bbox 1541 2532 1637 2565; x_wconf 80' lang='lat' dir='ltr'>susp.</span> <span class='ocrx_word' id='word_1_464' title='bbox 1697 2506 1713 2569; x_wconf 57' lang='lat' dir='ltr'><em>f</em></span> 
     </span>
     <span class='ocr_line' id='line_1_48' title="bbox 166 2567 1708 2611; baseline 0.001 -12"><span class='ocrx_word' id='word_1_465' title='bbox 166 2568 360 2601; x_wconf 76' lang='lat' dir='ltr'><em>ORELLJ</em></span> <span class='ocrx_word' id='word_1_466' title='bbox 412 2568 460 2602; x_wconf 81' lang='lat' dir='ltr'>So</span> <span class='ocrx_word' id='word_1_467' title='bbox 488 2568 609 2600; x_wconf 72' lang='lat' dir='ltr'>Cicer.</span> <span class='ocrx_word' id='word_1_468' title='bbox 637 2569 680 2601; x_wconf 80' lang='lat' dir='ltr'>ad</span> <span class='ocrx_word' id='word_1_469' title='bbox 708 2569 948 2607; x_wconf 80' lang='lat' dir='ltr'>Attic.v,111</span> <span class='ocrx_word' id='word_1_470' title='bbox 974 2570 1014 2601; x_wconf 97' lang='lat'>3</span> <span class='ocrx_word' id='word_1_471' title='bbox 1049 2569 1144 2609; x_wconf 63' lang='lat' dir='ltr'>„ille</span> <span class='ocrx_word' id='word_1_472' title='bbox 1170 2567 1393 2602; x_wconf 71' lang='lat' dir='ltr'>restituendi</span> <span class='ocrx_word' id='word_1_473' title='bbox 1428 2568 1502 2601; x_wconf 81' lang='lat' dir='ltr'>mei</span> <span class='ocrx_word' id='word_1_474' title='bbox 1528 2578 1639 2611; x_wconf 78' lang='lat' dir='ltr'>quam</span> <span class='ocrx_word' id='word_1_475' title='bbox 1706 2572 1708 2581; x_wconf 80' lang='lat'><strong>¹</strong></span> 
     </span>
     <span class='ocr_line' id='line_1_49' title="bbox 168 2615 1637 2661; baseline 0 -12"><span class='ocrx_word' id='word_1_476' title='bbox 168 2617 340 2649; x_wconf 29' lang='lat' dir='ltr'>‚setcnemli</span> <span class='ocrx_word' id='word_1_477' title='bbox 381 2615 623 2650; x_wconf 75' lang='lat' dir='ltr'>studiosior-‘⁶</span> <span class='ocrx_word' id='word_1_478' title='bbox 676 2635 711 2640; x_wconf 92' lang='lat'>-—</span> <span class='ocrx_word' id='word_1_479' title='bbox 769 2621 935 2649; x_wconf 71' lang='grc' dir='ltr'>Ὁηεέηνε</span> <span class='ocrx_word' id='word_1_480' title='bbox 970 2617 1020 2653; x_wconf 62' lang='lat' dir='ltr'>im</span> <span class='ocrx_word' id='word_1_481' title='bbox 1053 2616 1135 2649; x_wconf 79' lang='lat' dir='ltr'>sich</span> <span class='ocrx_word' id='word_1_482' title='bbox 1163 2617 1284 2650; x_wconf 74' lang='lat' dir='ltr'>wolin</span> <span class='ocrx_word' id='word_1_483' title='bbox 1310 2615 1440 2661; x_wconf 52' lang='lat' dir='ltr'>‹wls-ich</span> <span class='ocrx_word' id='word_1_484' title='bbox 1475 2615 1637 2649; x_wconf 80' lang='lat' dir='ltr'>bleiben.</span> 
     </span>
     <span class='ocr_line' id='line_1_50' title="bbox 166 2645 1641 2711; baseline 0 -15"><span class='ocrx_word' id='word_1_485' title='bbox 166 2683 206 2687; x_wconf 88' lang='lat'>——</span> <span class='ocrx_word' id='word_1_486' title='bbox 236 2664 439 2697; x_wconf 78' lang='lat' dir='ltr'>actionibus·</span> <span class='ocrx_word' id='word_1_487' title='bbox 465 2664 550 2705; x_wconf 73' lang='lat' dir='ltr'>turs,</span> <span class='ocrx_word' id='word_1_488' title='bbox 585 2663 705 2698; x_wconf 86' lang='lat' dir='ltr'>durch</span> <span class='ocrx_word' id='word_1_489' title='bbox 731 2664 849 2698; x_wconf 83' lang='lat' dir='ltr'>Deine</span> <span class='ocrx_word' id='word_1_490' title='bbox 874 2664 1055 2709; x_wconf 74' lang='lat' dir='ltr'>Vortx&#39;age</span> <span class='ocrx_word' id='word_1_491' title='bbox 1088 2665 1162 2697; x_wconf 85' lang='lat' dir='ltr'>und</span> <span class='ocrx_word' id='word_1_492' title='bbox 1191 2645 1479 2711; x_wconf 72' lang='lat' dir='ltr'>Amtsfiihrung</span> <span class='ocrx_word' id='word_1_493' title='bbox 1514 2682 1560 2687; x_wconf 97' lang='lat'>—</span> <span class='ocrx_word' id='word_1_494' title='bbox 1593 2663 1641 2696; x_wconf 75' lang='lat' dir='ltr'>ad</span> 
     </span>
     <span class='ocr_line' id='line_1_51' title="bbox 164 2673 1742 2758; baseline -0.001 -13"><span class='ocrx_word' id='word_1_495' title='bbox 164 2722 305 2745; x_wconf 76' lang='lat' dir='ltr'>causam</span> <span class='ocrx_word' id='word_1_496' title='bbox 332 2712 402 2743; x_wconf 63' lang='grc' dir='ltr'>(αἰψ’</span> <span class='ocrx_word' id='word_1_497' title='bbox 429 2711 465 2744; x_wconf 81' lang='lat' dir='ltr'>S.</span> <span class='ocrx_word' id='word_1_498' title='bbox 495 2711 521 2752; x_wconf 82' lang='lat'>§.</span> <span class='ocrx_word' id='word_1_499' title='bbox 553 2714 607 2745; x_wconf 88' lang='grc'>11</span> <span class='ocrx_word' id='word_1_500' title='bbox 635 2731 675 2735; x_wconf 89' lang='lat'>-</span> <span class='ocrx_word' id='word_1_501' title='bbox 704 2713 809 2745; x_wconf 68' lang='lat' dir='ltr'>mbas</span> <span class='ocrx_word' id='word_1_502' title='bbox 834 2723 876 2744; x_wconf 81' lang='lat' dir='ltr'>m.</span> <span class='ocrx_word' id='word_1_503' title='bbox 905 2713 1019 2753; x_wconf 60' lang='lat' dir='ltr'>gestie</span> <span class='ocrx_word' id='word_1_504' title='bbox 1046 2718 1089 2746; x_wconf 75' lang='lat' dir='ltr'>st</span> <span class='ocrx_word' id='word_1_505' title='bbox 1119 2719 1277 2757; x_wconf 68' lang='lat' dir='ltr'>propiet</span> <span class='ocrx_word' id='word_1_506' title='bbox 1304 2724 1362 2745; x_wconf 72' lang='lat' dir='ltr'>res</span> <span class='ocrx_word' id='word_1_507' title='bbox 1389 2711 1568 2744; x_wconf 80' lang='lat' dir='ltr'>maximas</span> <span class='ocrx_word' id='word_1_508' title='bbox 1595 2711 1634 2744; x_wconf 87' lang='lat' dir='ltr'>in</span> <span class='ocrx_word' id='word_1_509' title='bbox 1706 2673 1742 2758; x_wconf 52' lang='grc' dir='ltr'><em>ί</em></span> 
     </span>
    </p>
   </div>
   <div class='ocr_carea' id='block_1_9' title="bbox 161 2759 1634 2806">
    <p class='ocr_par' dir='ltr' id='par_1_9' title="bbox 161 2759 1634 2806">
     <span class='ocr_line' id='line_1_52' title="bbox 161 2759 1634 2806; baseline -0.001 -13"><span class='ocrx_word' id='word_1_510' title='bbox 161 2759 289 2793; x_wconf 79' lang='lat' dir='ltr'>Gallia</span> <span class='ocrx_word' id='word_1_511' title='bbox 314 2764 349 2792; x_wconf 81' lang='lat' dir='ltr'>ct</span> <span class='ocrx_word' id='word_1_512' title='bbox 375 2760 569 2793; x_wconf 74' lang='lat' dir='ltr'>Britannia</span> <span class='ocrx_word' id='word_1_513' title='bbox 595 2766 723 2804; x_wconf 77' lang='lat' dir='ltr'>gestas.</span> <span class='ocrx_word' id='word_1_514' title='bbox 755 2779 792 2784; x_wconf 81' lang='lat'>-—</span> <span class='ocrx_word' id='word_1_515' title='bbox 824 2759 1018 2794; x_wconf 78' lang='lat' dir='ltr'>honoribus</span> <span class='ocrx_word' id='word_1_516' title='bbox 1045 2771 1086 2792; x_wconf 80' lang='lat' dir='ltr'>ac</span> <span class='ocrx_word' id='word_1_517' title='bbox 1111 2761 1195 2802; x_wconf 72' lang='lat' dir='ltr'>iud,</span> <span class='ocrx_word' id='word_1_518' title='bbox 1224 2759 1497 2806; x_wconf 80' lang='lat' dir='ltr'>upplicatione</span> <span class='ocrx_word' id='word_1_519' title='bbox 1525 2759 1634 2803; x_wconf 83' lang='lat' dir='ltr'>quin-</span> 
     </span>
    </p>
   </div>
  </div>
 </body>
</html>
