1742 3006
350 72 668 122 EPISTOLA
698 73 1024 119 cxxxvln,
1056 75 1328 121 cxxxix.
1486 78 1581 129 435

91 199 350 241 cognosces.
438 185 705 229 Trebatium
744 188 794 226 ut
833 184 969 229 valde
1010 201 1157 242 ames,
1204 189 1497 234 vehementer
1533 198 1577 235 te

94 257 216 299 roge.

256 445 576 488 EPISTOLA
607 445 881 490 CXXXIX.
951 448 1030 499 (ad
1060 448 1167 491 Div.
1198 449 1308 493 VII.
1338 452 1399 500 8.)

355 519 437 556 scr.
465 531 591 555 mense
614 521 723 556 Maio
750 524 788 556 A.
815 523 859 558 [J.
888 523 930 559 e.
958 524 1039 558 τοο.
1091 525 1140 566 (a.
1170 526 1210 559 c,
1237 526 1316 568 54.)

95 589 236 625 Scribit
276 600 315 624 se
348 587 576 622 Trebatium
611 588 758 622 Caesari
797 588 938 622 iterum
976 589 1280 634 commendasse3
1332 591 1576 637 reprehendxt

141 645 263 672 autem
297 637 374 671 eius
398 635 682 671 festinationem
706 643 744 670 et
768 637 949 679 miratur,
990 648 1060 671 cur
1093 639 1305 674 tribunatus
1329 642 1528 676 commoda

629 685 905 731 contempserit.
949 687 1039 721 1-2

587 772 786 808 CICERO>
808 770 1073 807 TREBATIO.

199 839 394 894 Scripsit
434 840 490 881 ad
520 852 591 879 me
622 839 791 880 Caesar
819 837 1158 892 perhumaniter
1185 841 1382 882 nondum
1414 846 1457 884 te
1486 844 1575 886 sibi

91 895 202 936 satis
232 909 328 937 esse
358 894 630 936 familiarem
659 897 844 948 propter
873 896 1188 949 occupationes
1217 909 1335 947 suas,
1365 898 1444 938 sed
1475 912 1573 940 cer-

89 955 133 991 te
163 950 276 992 sore.
335 951 421 992 Cui
451 950 632 1006 quidem
661 963 744 1004 ego
776 949 1014 1004 rescripsi,
1067 964 1200 1004 quam
1237 951 1353 992 mihi
1397 958 1574 1007 gratum

90 1012 210 1048 esset
240 1006 451 1059 futurum,
482 1006 522 1048 si
551 1019 684 1060 quam
713 1005 956 1059 plurimum
986 1006 1033 1045 in
1063 1010 1108 1047 te
1137 1006 1294 1059 studii,
1324 1006 1487 1061 officii,
1517 1010 1573 1050 li-

89 1063 342 1104 beralitatis
370 1076 476 1104 suae
506 1061 786 1103 contulisset.
858 1060 950 1102 Sed
991 1074 1050 1102 ex
1079 1062 1170 1103 tuis
1201 1063 1349 1104 literis
1379 1066 1574 1118 cognovi

87 1131 432 1173 praeproperam
461 1117 685 1172 quandam
706 1116 1043 1158 festinationem
1071 1119 1214 1159 tuam:
1244 1123 1290 1160 et
1319 1119 1452 1161 simul
1477 1134 1574 1162 sum

88 1174 336 1216 admiratus
353 1205 366 1226 ,
423 1187 505 1215 cur
532 1174 784 1215 tribunatus
814 1172 1070 1223 commoda,
1099 1173 1280 1228 dempto
1309 1177 1576 1228 praesertim

89 1231 241 1271 labore
271 1229 490 1283 militiae,
530 1229 868 1284 contempseris.
936 1228 1112 1278 Querar
1147 1241 1249 1270 cum
1287 1229 1491 1273 Vacerra
1529 1236 1575 1274 et
1610 1239 1639 1278 2

91 1286 305 1328 Manilio:
354 1299 457 1327 nam
489 1285 703 1327 Cornelio
733 1283 851 1325 nihil
882 1284 1025 1325 audeo
1056 1284 1234 1338 dicere,
1264 1286 1390 1328 cuius
1420 1291 1469 1328 tu
1497 1301 1575 1342 pe-

91 1342 239 1382 riculo
259 1342 423 1383 stultus
451 1354 525 1393 es,
555 1340 765 1395 quoniam
794 1343 840 1380 te
872 1341 927 1381 ab
956 1354 1011 1381 eo
1039 1353 1195 1394 sapere
1225 1341 1442 1383 didicisse
1471 1357 1576 1398 pro-

17 1426 19 1429 .
91 1396 252 1440 fiteris.
322 1397 446 1448 Quin
484 1399 535 1438 tu
573 1409 705 1451 urges
745 1397 879 1437 istam
909 1397 1192 1438 occasionem
1222 1400 1268 1438 et
1295 1397 1575 1452 facultatem,

92 1516 411 1562 quemadmodum
438 1526 493 1560 ep.
520 1514 563 1548 X.
590 1514 747 1547 asseclas
774 1520 811 1547 et
836 1514 996 1548 clientes
1029 1514 1201 1560 Pompeii
1236 1514 1404 1559 Pompeii
1434 1526 1577 1551 manum

16 1555 19 1567 ¹
91 1565 267 1608 appellat.
302 1557 526 1600 SCHUTZ.
587 1561 703 1608 Vergi
729 1573 786 1608 ep.
814 1563 927 1603 XLV,
954 1563 995 1596 4:
1022 1569 1195 1597 nostrum
1220 1563 1327 1596 illum
1352 1565 1575 1603 exercitum.

16 1610 19 1626 ³
90 1613 207 1655 Xhll,
233 1615 274 1648 1:
299 1613 611 1658 pedissequarum
634 1617 858 1645 nostrorum.
885 1629 929 1636 -
959 1610 1222 1655 observantem,
1250 1611 1497 1659 dienstfertig.

0 2590 9 2678 <-τ·ι

236 1679 510 1714 TREBATIO.
562 1680 598 1714 S.
626 1690 683 1724 ep.
712 1679 891 1715 CXXXV.
920 1678 1115 1715 CXXXVI.

190 1731 224 1763 l.
252 1732 362 1762 certe.
413 1729 505 1762 Ern.
531 1725 632 1762 coni.
658 1728 744 1761 Sch.
770 1729 863 1761 Liin.
883 1731 996 1768 certo,
1033 1726 1131 1772 quod
1157 1728 1255 1773 apud
1292 1728 1372 1763 Cic.
1402 1729 1575 1763 scriben-

93 1777 180 1811 dum
219 1776 410 1811 dumtaxat
444 1782 529 1809 ante
567 1788 598 1809 v.
628 1776 720 1809 scio.
754 1775 955 1812 ORELLI.
1012 1776 1046 1810 S.
1085 1775 1232 1810 Grotef.
1265 1776 1301 1820 §.
1325 1778 1407 1813 334.
1439 1779 1575 1824 Zumpt

95 1826 131 1868 ᾖ.
157 1826 237 1860 264.
269 1826 382 1862 Αηῃι.
412 1826 444 1858 1.
477 1823 630 1857 Ramsh.
657 1824 690 1867 §.
719 1825 801 1859 203.
838 1824 906 1864 IV,
934 1824 968 1864 2,
996 1835 1026 1856 a.
1063 1843 1107 1849 —
1155 1828 1309 1866 gratum
1342 1829 1447 1859 esset.
1498 1829 1573 1860 An:

94 1884 197 1916 quam
222 1872 310 1907 mihi
334 1883 394 1916 gr.
431 1883 506 1906 esse
530 1872 554 1905 i.
583 1883 613 1906 e.
641 1871 870 1917 perquamx?
897 1870 1092 1905 ORELLI.
1152 1872 1236 1917 Vgl.
1263 1873 1310 1906 ad
1335 1874 1482 1908 Divers.
1507 1876 1573 1915 XI,

97 1923 160 1955 13:
188 1933 272 1955 suos
301 1921 416 1954 habet
443 1932 553 1965 quam
578 1932 734 1967 paucos.
763 1920 810 1953 ad
835 1919 949 1952 Attic.
975 1920 1019 1959 X,
1049 1921 1110 1954 10:
1151 1921 1350 1955 consilium
1377 1934 1486 1968 quam
1512 1934 1573 1956 ve-

94 1980 178 2002 rum
203 1976 269 2003 est.
309 1969 354 2002 ad
381 1967 421 2010 Q.
447 1969 564 2002 Fratr.
594 1969 642 2010 ΙΙ,
668 1970 710 2004 6:
742 1979 828 2002 sane
862 1979 985 2013 quam.
1023 1968 1173 2003 Terent.
1200 1969 1314 2002 Andr.
1341 1970 1380 2009 Ι,
1416 1973 1449 2008 1.
1479 1972 1570 2006 109:

93 2028 208 2061 quam
234 2016 488 2051 familiariter.
513 2036 557 2042 —
574 2017 762 2059 festinat„
787 2016 906 2051 Deine
929 2015 1136 2060 Ungeduld,
1164 2017 1245 2051 dass
1270 2028 1306 2050 es
1333 2018 1403 2051 mit
1430 2019 1574 2053 Deiner

93 2065 351 2112 Beforderung
376 2065 484 2098 nicht
500 2065 688 2098 schneller
701 2065 807 2108 geht.
836 2086 870 2091 -
904 2064 1108 2097 tribunatus
1133 2076 1266 2108 comm„
1292 2065 1351 2099 die
1373 2064 1574 2101 Vortheile

94 2113 161 2146 der
185 2114 300 2147 Stelle
326 2113 426 2146 eines
453 2113 638 2147 Tribunus
664 2114 849 2153 militum,
881 2113 1004 2145 zumal
1032 2112 1078 2145 da
1103 2124 1190 2146 man
1215 2113 1317 2147 Dich
1343 2115 1406 2147 des
1429 2114 1572 2149 wirkli·

95 2160 194 2194 chen
210 2160 534 2196 Militairdienstes
561 2160 671 2195 dabei
703 2161 926 2195 iiberheben
951 2160 1026 2193 will
1052 2160 1125 2194 und
1147 2162 1208 2195 Du
1233 2162 1332 2197 doch
1358 2162 1470 2208 Sold,
1497 2164 1573 2197 An-

95 2209 188 2243 theil
214 2222 258 2244 an
285 2212 401 2244 Beute
427 2221 460 2242 u.
488 2220 514 2242 s.
542 2221 587 2245 w.
616 2209 785 2243 erhalter.
811 2209 927 2242 sollst.

188 2260 224 2293 2.
257 2258 425 2292 Vacerra
451 2261 484 2289 el
510 2257 673 2291 Manilio
698 2256 992 2299 iureconsultis,
1029 2256 1089 2290 die
1125 2258 1256 2293 Ciisars
1288 2259 1355 2292 in's
1382 2259 1575 2306 biirgerli-

96 2304 170 2339 che
201 2305 329 2340 Recht
369 2303 658 2350 einschlagende
691 2305 898 2340 Geschafte
932 2316 976 2337 zu
1016 2307 1115 2339 Rom
1151 2307 1348 2352 besorgten
1381 2307 1458 2340 und
1493 2307 1575 2341 sicli

101 2355 167 2387 fiir
199 2353 400 2388 Trebatius
435 2353 708 2388 interessirten.
740 2373 785 2379 -
836 2353 938 2387 cuius
971 2357 1006 2385 tu
1030 2353 1196 2398 periculo
1220 2357 1353 2390 stultus
1378 2366 1434 2396 es,
1463 2355 1575 2397 deun,

90 2413 208 2435 wenn
239 2403 301 2436 Du
335 2401 567 2435 Thorheiten
593 2401 772 2448 begehst,
822 2413 863 2435 so
900 2400 1004 2434 thust
1036 2403 1094 2435 Du
1130 2414 1167 2436 es
1194 2405 1263 2438 auf
1285 2404 1385 2437 seine
1411 2402 1574 2447 Gefahr‚

98 2450 181 2483 weil
212 2462 253 2485 er
284 2451 383 2484 Dein
415 2449 562 2484 Lehrer
593 2451 647 2484 im
681 2451 736 2485 ius
769 2450 878 2484 civile
903 2459 1082 2495 *gewesen
1117 2450 1188 2494 ist,
1235 2452 1320 2485 dem
1353 2451 1428 2484 also
1454 2451 1575 2485 Deine

96 2497 298 2533 Fehltritte
324 2510 390 2533 zur
415 2499 504 2532 Last
530 2499 651 2544 gelegt
676 2498 834 2533 werden.
893 2493 998 2532 Uber
1031 2498 1159 2533 diesen
1186 2501 1237 2545 Q.
1266 2498 1463 2533 Cornelius
1490 2501 1574 2533 Ma-

98 2547 221 2580 ximus
251 2559 278 2581 s.
312 2558 370 2592 ep.
405 2547 478 2581 CL.
515 2557 575 2580 am
607 2547 712 2582 Ende
747 2559 783 2581 u.
818 2548 865 2581 D.
900 2546 946 2579 de
981 2547 1074 2591 orig.
1109 2547 1198 2580 iuris
1232 2549 1275 2583 L.
1309 2547 1358 2580 11.
1384 2548 1412 2591 §.
1440 2548 1500 2582 45.
1528 2566 1573 2573 —

100 2594 276 2637 quoniam.
325 2594 387 2628 Sic
421 2594 561 2639 scripsi.
597 2606 665 2640 quo
697 2606 782 2629 cum
814 2593 952 2628 lineola
983 2595 1084 2628 Med.
1122 2606 1228 2639 quom
1261 2595 1366 2630 vict.
1403 2596 1435 2630 2.
1473 2607 1575 2641 quum

101 2641 202 2674 Vict.
231 2645 264 2677 1.
291 2642 427 2678 Graev.
463 2643 555 2677 Ern.
580 2643 719 2677 Bened.
746 2642 834 2677 sch.
871 2644 967 2676 Liin.
996 2644 1137 2686 quando
1162 2644 1279 2689 Neup.
1304 2642 1386 2676 Asc.
1418 2644 1449 2676 1.
1474 2646 1576 2679 Crat.

99 2689 233 2724 Lamb.
271 2689 466 2724 ORELLI.
517 2690 551 2724 S.
587 2703 630 2725 zu
656 2703 716 2736 ep.
746 2691 873 2729 CXIV,
899 2692 922 2725 3
948 2702 1008 2724 am
1033 2691 1147 2726 Eudo.
1176 2708 1216 2716 --
1269 2691 1359 2726 Quin
1394 2695 1431 2724 tu
1466 2702 1578 2735 urges

99 2737 206 2773 istam
232 2738 471 2781 occasionem,
513 2738 579 2772 Ei!
603 2740 773 2783 ,benutze
798 2737 898 2772 doch
924 2738 1022 2771 diese
1050 2737 1301 2783 Gelegenheit
1325 2739 1425 2772 Dein
1452 2739 1578 2775 Glffck

1050 2788 1147 2833 28*
