1742 3006
190 66 284 114 266
475 70 537 113 M.
568 70 622 113 T.
655 66 994 112 cmmoms
1024 34 1410 114 EPISTOLAE.

189 182 250 224 tis
279 182 409 224 bonis
438 195 535 223 esse
564 180 789 236 privatum
817 192 1096 235 quemquam,
1125 195 1268 237 neque
1298 181 1346 222 in
1375 182 1520 223 tantas
1537 186 1666 227 mise-

187 239 282 280 rias
320 237 553 280 incidisse.
622 237 736 278 Dics
775 241 923 278 autem
951 250 1040 278 non
1068 237 1202 280 modo
1232 251 1319 278 non
1350 236 1473 280 levat
1501 238 1668 283 luctum

189 294 334 347 hunc,
381 292 461 334 sed
499 293 634 334 etiam
673 296 821 347 auget.
879 291 996 334 Nam
1025 294 1166 334 ceteri
1196 293 1377 335 dolores
1405 293 1668 350 mitigantur

190 353 441 399 vetustate3
492 348 572 390 hic
610 363 698 390 non
728 351 877 403 potest
904 361 992 388 non
1023 351 1069 389 et
1098 362 1229 390 sensu
1259 350 1507 404 praesentis
1535 351 1666 393 mise-

192 408 310 457 riae,
363 409 410 446 et
438 405 755 446 recordatione
783 404 1057 458 praeteritae
1097 405 1218 446 vitae
1256 405 1460 460 quotidie
1499 408 1668 460 augeri.

188 460 416 503 Desidero
456 461 575 502 enim
602 475 691 502 non
721 473 820 501 mea
847 460 1018 512 solum,
1046 473 1190 515 neque
1218 474 1361 515 meos,
1391 461 1472 502 sed
1501 475 1570 503 me
1601 464 1668 517 ip-

187 531 299 559 sum.
366 516 491 567 Quid
521 518 638 558 enim
670 516 795 558 sum?
864 514 955 556 Sed
992 528 1081 556 non
1119 515 1308 570 faciam,
1356 520 1406 558 ut
1445 522 1521 559 aut
1548 522 1671 560 tuum

188 574 386 614 animum
416 586 575 628 angam
605 573 802 627 querelis
833 574 910 612 aut
938 571 1050 612 meis
1079 573 1339 614 vulneribus
1369 574 1547 628 saepius
1577 587 1668 615 ma-

187 643 271 670 nus
300 629 501 670 afferam.
557 627 675 672 Nam
704 626 823 682 quod
854 639 1017 681 purgas
1047 641 1138 681 cos,
1167 641 1276 683 quos
1306 642 1388 682 ego
1416 629 1532 670 mihi
1561 630 1672 671 scri-

185 685 260 741 psi
288 685 525 737 invidisse,
554 687 601 725 et,
629 685 676 724 in
706 685 771 724 eis
802 683 1040 725 Catonem:
1090 697 1174 738 cgo
1202 698 1311 725 vero
1340 690 1514 726 tantum
1541 686 1672 727 illum

186 744 297 796 puto
325 742 414 782 isto
444 741 616 781 scelere
646 739 867 792 abfuisse,
913 742 964 779 ut
993 740 1188 780 maxime
1218 739 1396 781 doleam
1424 742 1524 796 plus
1554 741 1671 796 apud

186 811 260 840 me
310 797 647 839 simulationem
694 796 887 837 aliorum
936 808 1069 850 quam
1109 795 1242 837 istius
1282 795 1420 837 fidem
1458 798 1668 839 valuisse.

189 854 380 896 Ceteros
422 852 541 908 quod
570 865 750 907 purgas,
780 852 943 892 debent
979 850 1091 892 mihi
1119 851 1299 906 probati
1329 865 1450 905 esse,
1500 853 1585 894 tibi
1630 854 1670 894 si
1715 864 1718 868 ·

188 914 304 951 sunt.
363 908 455 950 Sod
485 908 599 949 haec
627 921 728 949 sero
759 909 946 961 agimus.
1020 906 1175 948 Crassi
1206 908 1417 949 libertum
1446 908 1564 949 nihil
1593 922 1670 963 pu-

189 968 237 1006 to
267 966 442 1006 sincere
472 965 684 1006 locutum.
756 963 811 1004 In
841 964 998 1004 senatu
1027 976 1121 1003 rem
1150 964 1288 1018 probe
1318 964 1480 1005 scribis
1510 968 1667 1006 actam.

188 1020 280 1062 Sed
310 1021 420 1076 quid
450 1020 614 1062 Curio?
644 1033 701 1060 an
731 1020 860 1060 illam
889 1019 1138 1060 orationem
1166 1033 1254 1060 non
1284 1019 1422 1073 legit?
1452 1034 1565 1075 quae
1591 1033 1669 1060 un-

189 1076 246 1119 de
275 1077 337 1119 sit
365 1077 559 1133 prolata,
586 1076 753 1119 nescio.
813 1074 904 1117 Sed
933 1075 1096 1127 Axius,
1128 1075 1328 1116 eiusdem
1357 1075 1451 1118 diei
1471 1077 1673 1118 scribens

188 1225 349 1258 Metam.
377 1222 463 1264 XII,
488 1223 558 1257 543
583 1221 702 1255 luctus
730 1220 924 1254 obductos.
974 1220 1094 1254 Allein
1123 1220 1183 1253 die
1196 1221 1323 1254 Verba
1340 1219 1553 1264 composita
1581 1232 1674 1253 wer-

190 1272 261 1304 den
293 1271 364 1306 mit
389 1269 459 1303 den
485 1270 645 1315 simplic,
672 1268 927 1302 verwechselt.
987 1269 1176 1302 vulnus:
1192 1269 1353 1302 dolorem
1379 1268 1496 1302 findet
1521 1269 1601 1302 sich
1628 1270 1674 1302 ad

190 1321 272 1354 Div.
309 1320 373 1361 lv,
406 1321 441 1354 6.
477 1319 582 1363 Virg.
608 1317 696 1351 Aen.
723 1318 804 1358 XII,
835 1318 912 1351 160.
961 1317 1114 1350 Lucret.
1147 1318 1205 1358 ΙΙ,
1240 1318 1320 1352 638.
1355 1316 1461 1351 Ovid.
1496 1318 1595 1353 Met.
1628 1320 1672 1359 V,

188 1370 279 1403 426:
317 1366 475 1409 „vulnus
509 1373 635 1400 mente
669 1366 768 1411 gerit
800 1364 957 1397 tacita.“
1005 1364 1128 1397 Dolor
1160 1364 1259 1397 enim
1284 1371 1322 1398 et
1347 1373 1496 1397 maeror
1520 1365 1673 1400 lacerat.

188 1416 281 1451 vid.
314 1416 423 1462 epist.
458 1415 556 1458 LXI,
583 1417 616 1450 2.
636 1424 768 1447 -ηοη
791 1415 909 1456 potest
935 1422 1018 1453 non,
1048 1424 1145 1446 muss
1171 1413 1425 1456 nothwendig.
1451 1411 1486 1446 S.
1514 1413 1672 1447 Ramsh.

189 1465 223 1509 §.
250 1465 336 1506 173,
361 1465 398 1506 3,
425 1475 460 1496 c.
495 1463 651 1498 Grotef.
681 1462 717 1506 ᾗ.
743 1463 828 1497 337.
864 1479 908 1484 —
960 1459 1055 1496 Quid
1074 1461 1224 1495 Ernesti
1253 1461 1322 1496 Qui
1347 1461 1437 1495 enim
1460 1471 1553 1503 sam,
1605 1461 1674 1494 wic

189 1525 250 1547 am
275 1511 383 1547 Ende
408 1512 527 1546 dieses
552 1512 686 1545 Briefs.
713 1529 761 1535 -
785 1519 855 1544 non
871 1508 1023 1551 faciam
1048 1510 1072 1543 i.
1099 1521 1130 1546 e,
1159 1510 1406 1542 committam.
1433 1527 1478 1533 ——
1516 1509 1674 1543 vulneri-
1699 1536 1702 1539 .

189 1563 253 1596 bus
277 1571 401 1600 manus
425 1561 574 1604 afferre,
600 1572 647 1594 an
674 1559 745 1592 den
771 1557 946 1592 Wunden
971 1556 1227 1595 umhertasten
1253 1570 1303 1588 z
1327 1556 1544 1590 rescindere
1571 1557 1674 1591 dolo-

189 1622 286 1644 rem.
321 1628 367 1633 —-
416 1610 513 1654 quod
534 1618 698 1653 purgas,
740 1617 817 1640 was
842 1606 909 1638 das
935 1606 1094 1650 anlangt,
1121 1606 1203 1638 dass
1227 1606 1290 1638 Du
1315 1605 1590 1649 rechtfertigst.
1637 1605 1671 1638 S.

184 1659 342 1693 namsia.
369 1659 506 1702 §.182
533 1659 620 1690 Not.
650 1658 682 1690 l.
707 1673 752 1680 —-
777 1653 962 1687 invidisse.
1021 1654 1058 1687 S.
1085 1665 1140 1698 ep.
1165 1654 1244 1694 LX,
1272 1654 1307 1689 2.
1335 1671 1382 1678 —
1413 1654 1469 1687 M.
1499 1652 1674 1687 Catonem

189 1708 416 1741 Uticensem.
444 1725 489 1730 —
523 1716 593 1748 ego
618 1714 716 1736 vero.
765 1703 814 1735 So
841 1707 1044 1734 antwortet
1070 1703 1204 1737 Cicero
1237 1701 1302 1734 auf
1332 1701 1405 1734 den
1434 1699 1670 1735 vordersatz.

190 1775 235 1781 --
270 1759 404 1788 temtum
434 1753 543 1787 illum
575 1751 788 1794 (catonem)
822 1749 894 1783 isto
921 1750 1034 1792 (cett.
1068 1750 1113 1783 ab
1139 1750 1234 1792 isto)
1257 1750 1394 1783 scelere
1419 1749 1595 1793 abfuisse,
1621 1753 1672 1792 ul,

189 1804 269 1838 dass
296 1813 338 1837 er
363 1814 409 1835 zu
435 1802 554 1835 dieser
578 1798 882 1843 Schlechtigkeit
908 1809 948 1831 so
974 1798 1058 1831 sehr
1089 1797 1249 1842 unffihig
1280 1808 1446 1841 gewesen
1473 1797 1541 1840 ist,
1578 1798 1671 1830 dass.

189 1870 239 1878 --
262 1851 437 1893 aliorum,
463 1850 582 1884 Oxon.
612 1848 696 1881 Asc.
726 1849 758 1882 1.
788 1848 889 1880 Crat.
914 1846 1108 1882 malorum.
1135 1864 1179 1871 —-
1232 1848 1381 1880 Ceteros
1406 1846 1499 1890 quod
1518 1856 1670 1889 purgas,

191 1900 253 1934 Sic
281 1899 346 1934 Cd.
374 1900 551 1932 Tornaes.
578 1897 711 1931 Lamb.
745 1895 783 1928 in
812 1894 915 1928 Curis
942 1905 1016 1928 sec.
1049 1895 1133 1928 Bos.
1167 1894 1277 1927 Haud
1311 1894 1519 1939 spernenda
1543 1894 1672 1936 lectio,

191 1949 417 1984 confirmata
449 1958 491 1980 cx
521 1952 628 1992 parte
663 1957 683 1978 a
707 1944 786 1978 Md.
816 1945 934 1976 Oxon.
962 1944 995 1977 2.
1028 1942 1125 1975 vict.
1155 1943 1187 1977 2.
1225 1941 1376 1975 Ceteros
1407 1952 1492 1986 quos
1513 1952 1671 1986 purgas,

190 1998 230 2032 in
267 2007 338 2042 qua
375 1995 526 2038 quidem
560 1998 699 2027 ceteros
730 1990 1059 2025 accommodatum
1090 1989 1208 2023 videri
1242 1996 1392 2035 poterat
1426 1989 1472 2023 ad
1507 2002 1539 2023 v.
1567 2001 1669 2034 quos;

191 2045 267 2080 nisi
300 2044 536 2078 contrarium
567 2041 795 2088 probabilius
829 2046 923 2073 esset
949 2050 990 2071 ex
1016 2051 1046 2071 v.
1074 2039 1167 2081 quod
1189 2039 1333 2072 factum
1361 2049 1438 2072 esse
1463 2038 1498 2071 h.
1525 2038 1548 2071 1.
1575 2049 1671 2081 quos

191 2096 258 2128 Est
284 2099 426 2126 autem:
463 2091 603 2137 „Quod
627 2090 672 2123 ad
699 2096 845 2122 ceteros
870 2086 1002 2121 attinet
1028 2099 1119 2132 quos
1145 2097 1304 2131 purgas,
1330 2087 1358 2120 ii
1385 2086 1489 2120 cet.“
1538 2085 1673 2128 Ceteri,

191 2153 277 2186 quos
300 2151 444 2186 purgas
470 2141 631 2175 Helmst.
667 2139 787 2174 Oxon,
816 2139 852 2173 1.
879 2136 985 2169 facili
1010 2146 1097 2167 sane
1123 2135 1372 2169 correctione.
1399 2134 1481 2168 Asc.
1509 2136 1542 2169 l.
1572 2135 1671 2168 crat.

191 2192 294 2225 Vict.
322 2192 352 2223 l.
380 2189 510 2221 Lamb.
538 2189 636 2224 1566.
664 2187 798 2222 Graev,
825 2186 917 2219 Ern.
945 2183 1032 2217 sch.
1061 2185 1158 2217 L'uu.
1188 2183 1385 2218 ORELLI.
1445 2184 1497 2216 Zu
1524 2181 1674 2215 Ceteros

192 2249 280 2283 quos
304 2239 371 2272 siit·
398 2236 521 2270 Ceteri
547 2237 607 2280 qui
634 2235 748 2278 vergl.
767 2233 915 2267 Tuscul.
943 2235 977 2275 l,
1003 2233 1066 2267 21:
1093 2232 1254 2265 animum
1278 2232 1410 2276 ipsum,
1435 2232 1465 2264 si
1483 2230 1578 2264 nihil
1600 2236 1671 2263 cet.

192 2287 293 2332 virg.
327 2285 419 2321 Aen.
455 2287 496 2325 1.,
525 2286 609 2319 573.
647 2283 778 2318 Urbem
814 2293 927 2327 quam
961 2286 1102 2319 statuo,
1136 2286 1257 2313 vestra
1283 2286 1346 2315 est.
1397 2279 1433 2314 S.
1459 2278 1616 2313 Ramsh.
1641 2280 1671 2322 ᾗ.

193 2336 283 2374 159,
320 2335 356 2369 3.
387 2344 417 2365 c.
443 2333 529 2365 Not.
559 2335 588 2366 1.
617 2344 652 2364 u.
684 2331 884 2363 besonders
908 2332 936 2374 ξ).
965 2329 1050 2370 132,
1077 2330 1112 2361 4.
1141 2329 1232 2361 Not.
1273 2328 1424 2361 Grotef.
1459 2328 1490 2371 §.
1517 2327 1601 2362 224.
1627 2344 1672 2350 -—

189 2382 347 2428 probati.
395 2380 457 2413 Sic
485 2380 575 2414 Cdd.
602 2380 716 2413 Bosii.
745 2380 829 2412 Asc.
858 2381 889 2412 1.
918 2378 1017 2412 crat.
1044 2377 1174 2409 Lamb.
1201 2377 1285 2409 Bos.
1309 2377 1467 2421 Argufe:
1518 2374 1673 2413 „debeo

193 2443 282 2464 sane
319 2429 475 2463 eredere
509 2440 572 2461 eos
606 2429 737 2462 fideles
770 2439 811 2460 nc
847 2426 987 2471 probos
1019 2436 1106 2469 erga
1141 2436 1200 2458 me
1226 2424 1362 2466 fuisse,
1403 2424 1435 2456 si
1460 2422 1574 2457 modo
1600 2422 1672 2455 tibi

193 2481 286 2524 ipsi,
321 2478 387 2524 qui
412 2489 474 2511 eos
498 2487 660 2523 purgQS,
696 2487 739 2508 ea
765 2476 809 2508 dc
833 2486 873 2508 re
899 2475 986 2507 satis
1014 2484 1230 2518 persuasum
1257 2479 1330 2511 est,
1372 2472 1475 2516 quod
1499 2469 1673 2516 equidem

196 2529 255 2560 vix
290 2527 469 2559 arbitror.
505 2524 660 2569 purgati
693 2523 771 2557 Md.
807 2525 926 2556 Oxou.
966 2525 998 2557 1.
1033 2524 1066 2556 2.
1100 2522 1259 2558 Helmst,
1297 2521 1396 2554 Vict.
1435 2522 1465 2554 l.
1498 2521 1531 2555 2.
1563 2519 1672 2554 Man.

195 2576 329 2608 Graev.
357 2576 448 2609 Ern.
477 2572 562 2607 sch.
583 2573 681 2607 Li'm.
731 2571 801 2604 Sed
838 2584 923 2603 sane
951 2571 1076 2604 Attico
1115 2576 1221 2603 erant
1250 2568 1425 2614 purgati.-
1466 2579 1535 2602 cur
1559 2567 1675 2612 igitur

194 2623 454 2670 hypothetice:
481 2622 547 2656 tibi
572 2621 606 2654 si
629 2620 736 2654 sune!
785 2620 981 2654 ORELLI.

289 2693 324 2726 3.
354 2692 480 2726 Curio.
528 2691 563 2723 S.
590 2702 637 2724 zu
661 2699 720 2734 ep.
748 2689 878 2728 LXVI,
907 2690 938 2723 2.
968 2707 1010 2713 —
1048 2697 1116 2720 non
1143 2685 1262 2729 legit!
1294 2695 1428 2728 nempe
1455 2683 1541 2729 quia
1566 2682 1671 2715 illum

196 2742 289 2774 bene
316 2740 362 2773 de
391 2740 572 2773 Cicerone
604 2738 738 2772 dixisse
771 2737 980 2783 scripserat
1007 2736 1163 2771 Atticus.
1190 2726 1406 2770 SCHUTZ.
1441 2751 1483 2757 -
1535 2730 1671 2771 Axius,
