1742 3006
137 59 200 109 80
425 60 490 103 M.
522 61 578 103 T.
612 58 951 102 CICERONIS
982 42 1362 104 EPISTOLAE.

139 176 236 218 nati
276 173 404 216 illius
445 172 584 214 animi
622 174 668 213 et
704 172 865 213 offensi
904 172 1022 214 illud
1062 172 1180 214 inest
1218 176 1367 215 tamen
1397 175 1636 226 commodi,

141 231 262 287 quod
302 235 347 271 et
392 229 506 270 mihi
546 233 610 279 etr
632 230 796 270 ceteris
826 229 985 269 amicis
1024 230 1114 269 tuis
1154 233 1261 270 nota
1291 229 1380 270 fuit
1409 235 1455 271 et
1483 232 1561 271 abs
1591 236 1636 272 ie

141 286 388 342 aliquando
419 284 665 326 testificata
702 288 779 326 tua
807 285 1015 326 voluntas
1046 284 1318 326 omittendae
1348 286 1637 339 provinciae;

141 349 215 395 ut,
265 341 384 397 quod
414 353 504 382 una
532 353 619 381 non
649 342 784 393 estis,
828 353 915 380 non
946 340 1225 382 dissensione
1256 355 1309 382 ac
1339 342 1532 382 dissidio
1562 356 1637 384 ve-

141 404 262 451 stro,
316 396 396 437 sed
423 397 659 438 voluntate
689 409 743 437 ac
771 396 945 436 iudicio
975 400 1052 436 tuo
1084 395 1252 436 sactum
1283 411 1379 438 esse
1409 398 1632 440 videatur.

141 456 294 505 Quare
325 457 371 493 et
400 453 498 505 illa,
529 465 643 507 quae
671 453 861 504 violata,
892 452 1218 505 expiabuntum
1251 457 1296 494 et
1325 453 1438 494 haec
1468 459 1637 506 nostra,

141 524 253 565 quae
283 512 386 550 sunt
425 509 706 549 sanctissime
737 512 1028 558 conservata,
1067 521 1192 548 suam
1223 509 1490 563 religionem
1520 511 1636 551 obti-

144 568 323 607 nebunt.
403 564 498 606 Nos
529 563 607 604 hic
639 565 686 604 in
719 577 764 604 re
795 563 979 617 publica
1007 563 1211 615 infirma,
1242 566 1408 606 misera
1438 579 1635 607 commu-

142 622 366 675 tabilique
394 633 641 662 versamur.
701 619 850 660 Credo
884 619 1001 660 enim
1030 624 1075 659 te
1106 619 1285 661 audisse
1314 625 1492 662 nostros
1513 622 1637 675 equi-

143 682 213 719 tes
260 690 400 732 paene
446 689 474 717 a
515 680 673 717 senatu
714 689 810 716 esse
842 675 1114 716 disiunctos:
1167 676 1244 729 qui
1284 677 1474 729 primum
1514 677 1631 717 illud

141 734 278 775 valde
308 732 510 788 graviter
537 733 752 783 tulerunt,
781 732 1115 785 promulgatum
1146 744 1204 771 ex
1227 735 1406 772 senatus
1431 734 1637 773 consulto

144 790 309 841 fuisse,
354 792 405 829 ut
434 788 490 829 de
518 787 603 840 iis,
654 789 732 842 qui
763 789 818 828 ob
848 786 1142 827 iudicandum
1173 788 1408 840 pecuniam
1438 790 1638 842 accepis-

143 849 256 898 sent,
286 848 588 899 quaereretur.
648 844 751 892 Qua
778 844 826 883 in
856 856 904 883 re
935 843 1216 883 decernenda
1255 857 1389 897 quum
1419 858 1502 898 ego
1534 857 1640 885 casu

143 915 232 943 non
273 901 502 942 affuissem
541 901 867 953 sensissemque
906 898 955 938 id
986 904 1239 953 equestrem
1281 900 1486 941 ordinem
1515 898 1638 941 ferre

143 958 335 998 moleste
366 969 510 1011 neque
540 960 694 1010 aperte
726 955 904 1002 ‹licere3
935 955 1169 1008 obiurgavi
1200 959 1416 1009 senatum,
1445 960 1494 997 ut
1523 956 1639 998 mihi

143 1015 268 1056 visus
298 1026 410 1065 sum,
439 1025 609 1053 summa
638 1025 738 1052 cum
768 1011 1066 1060 auctoritate3
1097 1015 1142 1051 et
1171 1011 1217 1051 iu
1247 1024 1381 1053 causa
1410 1025 1498 1054 non
1513 1026 1640 1055 vere-

145 1191 305 1237 sfiguug,
331 1189 393 1223 bei
420 1188 544 1222 dieser
568 1187 926 1230 Unbehagliclffieit,
953 1187 1013 1219 bei
1041 1187 1182 1220 diesem
1202 1179 1441 1230 Ubelstande,
1469 1187 1550 1221 dass
1577 1188 1640 1221 das

144 1239 317 1272 Gemiith
351 1239 494 1272 meines
539 1237 701 1270 Bruders
736 1236 806 1268 Dir
839 1235 1065 1268 entfremdet
1089 1236 1162 1268 und
1189 1235 1362 1268 erbmert
1398 1237 1461 1278 ist,
1503 1237 1646 1271 mocht’

143 1289 209 1320 ich
234 1289 309 1320 Das
335 1285 436 1320 noch
473 1285 533 1318 ein
559 1285 686 1319 Gliick
712 1294 858 1316 nennen
876 1305 886 1323 ‚
931 1283 1010 1316 dass
1037 1295 1073 1316 u.
1100 1295 1127 1316 s.
1156 1295 1197 1315 w.
1249 1285 1340 1317 Ilien
1368 1284 1546 1317 bemerke
1573 1285 1645 1319 den

148 1334 402 1379 Gleichklang
437 1334 628 1367 zwischen
663 1333 821 1365 inmmm.
857 1343 893 1365 u.
935 1331 1021 1364 dem
1056 1331 1257 1376 folgenden
1287 1332 1469 1365 cmnmodz'.
1498 1352 1542 1357 —
1569 1334 1644 1366 ali-

145 1384 309 1428 quando,
350 1382 448 1415 wohl
474 1381 586 1426 eber,
627 1381 855 1422 melu-mals,
899 1380 1107 1424 vorliingst.
1142 1398 1186 1403 —
1235 1380 1368 1413 volunt.
1396 1381 1507 1414 omitt.
1533 1392 1640 1424 prov.

145 1434 244 1466 Dein
272 1433 442 1472 Vorsatz,
469 1430 570 1464 Dich
596 1430 666 1463 mit
692 1422 843 1461 keffl'em
867 1428 976 1461 Amte
1000 1428 1036 1460 in
1065 1428 1166 1461 einer
1192 1428 1348 1460 Provinz
1384 1428 1418 1460 ie
1445 1440 1489 1462 zu
1516 1429 1641 1462 befas-

145 1493 221 1524 sen,
247 1492 291 1514 zu
315 1479 485 1515 beladen.
511 1498 556 1503 —
582 1477 677 1522 qnod
700 1487 773 1510 una
796 1487 866 1509 non
892 1477 996 1517 estis,
1037 1476 1119 1509 dass
1151 1476 1212 1508 ihr
1236 1476 1341 1509 nicht
1375 1477 1430 1517 (in
1458 1477 1524 1510 der
1548 1478 1640 1511 Pro-

147 1530 246 1571 vinz)
274 1529 505 1561 beisammen
533 1527 625 1560 seid.
653 1545 697 1550 -—
726 1525 811 1558 dl'ss.
838 1536 858 1557 a
887 1524 1114 1558 dissidendo.
1132 1524 1234 1557 Med.
1263 1535 1396 1557 aman,
1414 1535 1486 1558 sec.
1508 1526 1639 1560 Lamh.

146 1578 251 1613 Vict.
269 1579 301 1612 2.
332 1578 415 1613 Bos.
432 1575 587 1609 discidio
614 1586 636 1606 a
660 1573 837 1609 discimlo,
865 1573 932 1605 wie
960 1573 1067 1605 Orat.
1087 1572 1178 1608 Sull.
1201 1573 1246 1606 21
1272 1583 1310 1607 u.
1330 1572 1431 1605 Suet.
1453 1574 1639 1608 D0111it.3.

144 1625 527 1670 Vg1.adAttic.IV‚1.
542 1623 661 1658 Amic.
675 1622 730 1656 21.
758 1619 867 1653 Doch
883 1632 927 1654 zu
946 1621 1075 1653 harter
1088 1619 1280 1652 Ausdruck
1296 1632 1332 1656 ιι.
1351 1632 1419 1652 νοιι
1434 1621 1640 1655 Eheschei-

145 1675 249 1717 dung
273 1671 560 1717 gebriiuchlich‚
585 1688 627 1695 -—
670 1670 801 1702 rolzml.
829 1679 873 1701 ac
897 1669 970 1701 iad.
997 1669 1118 1702 durch
1144 1668 1288 1701 Deineu
1316 1668 1640 1715 woliliiberlegten

143 1722 290 1757 Willen
316 1721 529 1755 veranlasst.
556 1737 600 1743 —
652 1717 860 1758 religionem
887 1717 958 1749 obt.
1009 1717 1072 1750 das
1106 1717 1295 1749 zwischen
1329 1728 1395 1749 uns
1422 1717 1550 1752 bisher
1577 1719 1641 1752 be-

144 1769 328 1804 standene
353 1781 388 1802 ιι.
415 1780 456 1802 so
481 1767 600 1812 heilig
623 1766 818 1800 bewahrte
845 1764 1075 1798 Verhiiltniss
1101 1766 1193 1798 wird
1220 1765 1321 1797 seine
1346 1766 1641 1802 Umerletzlich-

145 1817 229 1852 keit
256 1817 440 1851 erhalten.

243 1867 277 1902 8.
304 1863 558 1902 commutabili,
586 1861 809 1904 wandfflbar,
835 1859 984 1906 taglich
1011 1860 1093 1894 sich
1121 1860 1382 1903 verenda-nd,
1409 1873 1447 1894 so
1475 1862 1556 1896 dass
1585 1865 1639 1898 al·

146 1927 187 1949 so
213 1915 299 1948 kein
326 1911 580 1958 eigentlicher
604 1917 741 1951 status,
775 1910 961 1953 Bestand‚
996 1910 1042 1942 da
1067 1909 1124 1941 ist.
1152 1928 1196 1934 —
1230 1910 1339 1950 enim,
1369 1911 1549 1944 niimlich.
1601 1912 1636 1947 S.

147 1963 302 1998 Ramsh.
328 1964 356 2007 §.
386 1962 464 1996 187.
493 1962 522 2002 Ι,
549 1962 582 1996 l.
634 1959 787 1992 Grotef.
813 1958 846 2001 §.
873 1959 954 1993 368.
1008 1959 1149 2002 Zumpt
1174 1959 1202 2001 ἕ.
1230 1959 1313 1992 345.
1343 1976 1387 1982 --
1423 1969 1496 1992 esse
1520 1960 1641 1993 seiun-

147 2016 240 2054 ctos,
266 2008 446 2055 giinzlich
472 2007 654 2041 zerfallen
682 2008 772 2040 sein.
821 2006 1001 2040 Bildlich.
1051 2006 1160 2038 Demi
1196 2005 1402 2050 eigentlich
1441 2008 1534 2040 wird
1566 2009 1642 2042 dis-

146 2060 302 2101 iungere
325 2070 412 2092 vom
435 2056 716 2090 Auseinander-
742 2054 834 2088 oder
860 2055 1103 2099 Ausspannen
1130 2054 1192 2087 des
1206 2054 1388 2098 Zugviehs
1416 2056 1640 2100 gebraucffl,

147 2120 179 2142 z.
207 2109 250 2140 B.
279 2107 327 2139 de
359 2106 488 2142 Divin.
516 2105 566 2145 11,
591 2105 650 2140 36.
705 2103 899 2139 Columell.
920 2104 983 2144 VI,
1011 2103 1069 2136 14.
1091 2121 1135 2127 —
1160 2102 1341 2144 graviter,
1362 2103 1640 2147 molesteseme,

145 2156 234 2190 iibel
258 2154 436 2196 nehmen,
462 2153 546 2187 sich
578 2151 756 2185 wodurch
784 2151 965 2195 beleidigt
990 2150 1129 2184 finden.
1156 2169 1201 2176 —-
1249 2150 1435 2193 pecuniam
1461 2151 1562 2186 fehlt
1586 2153 1640 2187 im

146 2204 244 2237 Cod.
278 2203 384 2238 Med.
427 2201 584 2245 Malasp.
627 2200 759 2233 Lamb.
789 2200 878 2236 C2d.
906 2199 1076 2233 Ambros.
1114 2198 1212 2233 Edd.
1243 2201 1343 2235 Crat.
1373 2198 1474 2232 Vict.
1503 2201 1538 2242 2,
1567 2213 1640 2236 was

147 2251 306 2286 Gravius
332 2250 495 2294 biuigte.
522 2268 567 2274 —
593 2248 635 2281 ob
661 2248 769 2281 indic.
796 2248 834 2280 in
865 2247 987 2280 Clodii
1014 2258 1140 2289 causa,
1174 2248 1238 2280 fiir
1262 2247 1346 2279 ihre
1371 2246 1641 2283 Richterstim-

146 2311 219 2335 me.
269 2299 307 2335 S,
334 2310 390 2343 ep.
418 2298 517 2337 XXI,
542 2297 576 2332 5.
604 2307 782 2339 quaerere
807 2296 850 2329 de
874 2296 1006 2338 aliquo,
1032 2295 1101 2329 mit
1128 2295 1233 2328 einer
1258 2294 1533 2328 richterlichen
1560 2298 1642 2332 Un-

147 2349 382 2393 tersuchung
411 2356 528 2391 gegen
562 2345 767 2378 lemanden
794 2344 1008 2378 verfahren.
1036 2362 1079 2367 —
1119 2343 1174 2386 id,
1193 2343 1302 2390 “quod
1327 2349 1470 2376 senatus
1495 2344 1549 2377 ita
1575 2346 1641 2378 de-

149 2397 334 2430 crevisset.
361 2414 405 2420 —
433 2404 507 2427 cum
533 2392 763 2435 auctoritate,
789 2392 859 2425 mit
882 2391 1125 2426 Nachdruck.
1184 2393 1287 2426 Uber
1320 2390 1381 2423 die
1413 2392 1571 2436 Priipos.
1610 2405 1639 2429 s.

149 2445 299 2481 Grotef‚
327 2444 355 2487 §.
383 2443 465 2478 267.
492 2443 599 2474 Anni.
629 2460 672 2466 —-
699 2440 737 2472 in
763 2451 876 2473 cansa
902 2450 973 2474 non
998 2439 1212 2479 verecunda,
1241 2438 1418 2482 obgleich
1444 2440 1506 2472 bei
1532 2442 1641 2475 einer

147 2494 245 2526 eben
279 2491 387 2525 nicht
423 2488 664 2523 ehrenvollen
695 2486 985 2532 Veranlassung.
1057 2487 1165 2520 Denn
1201 2487 1261 2520 die
1295 2486 1542 2534 Erbitternng
1573 2488 1642 2524 der

147 2541 278 2575 Ritter
304 2551 381 2573 war
405 2538 501 2571 eben
526 2548 565 2570 so
592 2535 810 2580 ungerecht‚
837 2536 891 2569 als
918 2536 978 2568 ihr
1004 2535 1152 2570 Gesuch
1178 2534 1450 2575 unversclffiimt,
1478 2547 1513 2570 u.
1534 2537 1640 2573 Viele

150 2589 348 2622 derselben
375 2587 505 2620 hatten
533 2583 616 2618 sich
644 2584 816 2617 wirklich
841 2584 1043 2617 bestechen
1069 2584 1202 2618 lassen.
1252 2583 1354 2615 Aber
1373 2584 1505 2617 Cicero
1521 2596 1641 2620 muss-

151 2643 191 2670 te
217 2648 281 2670 aus
307 2635 490 2680 Klugheit
516 2633 587 2666 den
616 2632 849 2665 Ritterstand
875 2632 914 2664 in
941 2631 1216 2665 Freundschaft
1248 2631 1318 2665 mit
1342 2630 1427 2664 sich
1453 2633 1530 2666 und
1555 2634 1641 2668 dem

150 2686 284 2718 senate
309 2695 353 2717 zu
379 2683 547 2716 erhalten
574 2681 726 2722 suchen,
754 2692 830 2721 um,
858 2691 916 2712 wo
943 2679 1126 2727 nscighch,
1153 2680 1232 2713 sein
1258 2679 1449 2724 Ansehen,
1474 2681 1549 2714 und
1575 2682 1639 2715 da-

152 2733 288 2776 durch,
315 2731 385 2766 wie
411 2741 451 2765 er
477 2730 620 2774 hofste,
648 2729 709 2763 die
734 2727 927 2774 Republik
953 2739 1001 2763 zu
1025 2734 1167 2767 retten.
1224 2729 1276 2763 Er
1302 2728 1429 2763 aurfte
1452 2727 1492 2762 in
1518 2729 1640 2765 dieser

1734 2337 1742 2377 -n
1735 2203 1742 2327 -v-..A—„
1738 2182 1742 2194 Α

1734 2955 1742 3006 ..nn-
1728 2905 1739 2935 A*
