1742 3006
431 57 748 102 EPISTOLA
787 57 968 102 LXIV.
1008 56 1158 101 LXV.
1458 56 1551 105 255

65 173 288 229 perditum
319 171 393 212 illi
422 169 734 224 afflictumque
764 168 989 211 offerrem.
1060 170 1200 212 Mitto
1241 171 1395 211 cetera
1433 170 1550 211 into-

65 228 288 271 lerabilia.
363 226 548 269 Etenim
586 225 698 267 ssetu
735 224 973 279 impedior.
1060 226 1152 268 Hic
1181 228 1330 267 utrum
1369 225 1551 267 tandem

63 299 161 326 sum
192 283 485 335 accusandus,
515 282 636 337 quod
666 281 825 330 (lole03
854 293 926 333 an,
956 282 1078 335 quod
1107 282 1327 334 commisi,
1357 285 1408 323 ut
1437 281 1552 323 haec

63 346 142 382 aut
170 354 258 382 non
287 340 528 381 retinerem
558 360 613 367 —
642 337 763 392 quod
791 336 929 378 facile
959 336 1144 390 fuisset,
1189 339 1280 379 nisi
1317 338 1440 380 intra
1476 351 1551 393 pa-

65 398 201 438 rietes
239 409 360 437 meos
399 394 455 435 de
501 407 601 434 mea
640 393 841 447 pernicie
885 394 1079 435 consilia
1115 394 1339 435 inirentur
1375 416 1429 423 -
1473 398 1550 436 aut

64 457 186 493 certe
225 453 351 493 vivus
380 463 467 491 non
496 450 777 491 amitterem?
861 449 990 490 Haec
1020 463 1073 490 eo
1101 450 1292 504 scripsi,
1321 454 1371 491 ut
1399 451 1549 505 potius

64 510 289 549 relevares
318 520 411 559 me,
451 506 573 560 quod
602 504 742 557 facis,
772 519 905 561 quam
934 509 1011 546 aut
1039 506 1337 559 castigatione
1365 510 1443 547 aut
1472 507 1549 548 ob-

68 563 318 618 iurgatione
358 562 542 617 dignum
582 565 789 615 putares:
839 575 981 616 eoque
1031 561 1090 602 ad
1133 565 1177 602 te
1227 562 1372 602 minus
1413 563 1556 604 multa

68 621 241 670 scribo,
291 618 411 672 quod
452 621 498 657 et
526 630 729 657 maerore
760 618 985 672 impedior
1011 621 1083 670 et,
1131 617 1254 671 quod
1295 622 1554 670 exspectem

66 675 230 723 istinc,
256 674 398 727 magis
428 672 589 725 habeo,
619 687 752 727 quam
783 674 903 727 quod
932 673 1029 727 ipse
1059 675 1267 714 scribam.
1354 674 1482 723 Quae
1512 675 1554 714 si

66 733 194 771 erunt
223 730 378 781 allata,
409 728 576 770 faciam
607 731 651 769 te
682 730 866 770 consilii
897 729 1040 770 nostri
1071 730 1326 771 certiorem.
1386 730 1475 781 Tu,
1504 733 1555 770 ut

65 785 214 826 adhuc
245 785 411 836 fecisti,
442 798 572 840 quam
602 785 810 838 plurimis
841 785 897 825 de
927 786 1058 826 rebus
1090 786 1146 826 ad
1176 799 1246 826 me
1274 785 1412 826 velim
1442 786 1553 825 scri-

66 843 169 890 bas3
199 846 246 881 nt
275 854 457 894 prorsus
486 853 540 881 ne
572 840 680 894 quid
712 841 928 895 ignorem.
996 841 1100 883 Dat.
1134 854 1226 883 xxv.
1259 841 1365 882 Kal.
1398 841 1550 890 Quint.

67 896 433 938 Thessalonicae.

357 1118 677 1163 EPISTOLA
705 1119 857 1162 LXV.
916 1121 1026 1174 (Aa.
1056 1120 1145 1163 111.
1177 1121 1264 1172 11.)

139 1197 219 1232 scr.
247 1195 537 1231 Thessaionicae
562 1197 625 1231 1v.
652 1196 732 1229 Kal.
759 1196 890 1242 Quint.
919 1195 960 1230 A.
988 1197 1032 1232 U.
1060 1199 1100 1231 c.
1126 1197 1208 1234 696.
1261 1196 1313 1237 (a.
1340 1196 1381 1230 C.
1406 1197 1483 1240 53.)

69 1266 210 1299 Scribit
237 1276 274 1298 se
299 1264 422 1298 adhuc
449 1262 740 1297 Thessalonicae
767 1263 937 1302 retineri.
966 1266 998 1298 1.
1036 1264 1153 1298 Attici
1181 1276 1335 1310 operam
1369 1265 1406 1298 in
1439 1276 1476 1298 se
1500 1264 1554 1298 iu—

306 1312 429 1345 vando
456 1312 648 1357 implorat,
678 1311 982 1356 obiurgationem
1009 1313 1247 1358 deprecatur.
1270 1315 1304 1348 2.

571 1378 750 1414 CICERO
791 1377 976 1414 ATTICO
1017 1378 1052 1414 S.

179 1440 254 1482 Mo
284 1444 330 1482 et
359 1445 461 1483 tuae
492 1441 654 1481 literae
694 1444 740 1482 et
779 1441 962 1496 quidam
992 1443 1097 1483 boni
1127 1443 1291 1496 nuntii,
1320 1456 1409 1484 non
1439 1445 1555 1498 opti»

70 1498 154 1538 mis
198 1502 347 1538 tamen
390 1498 677 1547 auctoribus,
727 1499 773 1537 et
802 1499 1086 1552 exspectatio
1115 1503 1368 1541 vestrarum
1401 1499 1556 1542 litera-

72 1567 168 1593 rum
197 1557 244 1593 et
274 1552 395 1606 quod
423 1552 507 1593 tibi
538 1552 603 1593 ita
633 1553 890 1606 placuerat,
921 1553 1072 1595 adhuc
1102 1554 1462 1597 Thessalonicae
1491 1560 1557 1597 te-

68 1611 243 1650 nebant.
301 1607 351 1649 Si
381 1620 600 1661 accepero
630 1608 812 1660 literas,
842 1622 954 1663 quas
984 1615 1226 1665 exspect05
1269 1612 1309 1652 si
1339 1624 1440 1666 spes
1469 1612 1559 1652 erit

69 1678 135 1717 ea,
164 1677 277 1719 quae
307 1664 558 1704 rumoribus
589 1662 890 1715 afferebatur3
945 1665 1004 1705 ad
1035 1670 1079 1708 te
1108 1680 1179 1708 me
1210 1666 1467 1709 conferam:
1518 1667 1558 1708 si

68 1734 156 1762 non
185 1720 296 1773 erit,
328 1719 492 1761 faciam
523 1722 567 1760 te
597 1719 856 1772 certiorem,
885 1721 996 1776 quid
1026 1723 1210 1777 egerim.
1279 1723 1354 1765 Tu
1383 1736 1478 1775 me,
1510 1728 1560 1764 ut

70 1835 140 1868 den
167 1837 282 1880 genit.
309 1836 425 1881 pretii
452 1847 483 1873 s.
513 1835 668 1870 Ramsh.
694 1836 730 1880 §⁶
759 1838 840 1874 109.
872 1838 1025 1876 Grotef,
1052 1841 1082 1883 ξ.
1108 1840 1190 1883 238,
1217 1841 1252 1876 2.
1281 1860 1324 1866 --
1374 1843 1556 1886 offerrem-

69 1884 158 1928 Vgl.
185 1895 241 1929 ep.
269 1885 387 1927 LXII,
416 1885 448 1918 1.
485 1903 528 1908 -
578 1885 693 1918 Mitto
719 1898 769 1918 :z
797 1886 944 1929 omitto,
969 1894 1178 1933 praetereo.
1204 1908 1249 1914 -
1298 1890 1372 1924 1120
1409 1904 1459 1922 :-
1484 1892 1558 1925 hoc

72 1937 179 1965 statu.
208 1951 251 1957 -—
279 1943 326 1966 an
352 1933 431 1966 scil.
459 1944 538 1965 sum
565 1934 805 1967 accusandus.
840 1953 882 1959 —
919 1945 989 1968 non
1021 1937 1224 1971 relinerem.
1274 1938 1308 1972 S.
1336 1950 1393 1984 ep.
1420 1940 1558 1978 anl.

70 1980 103 2014 2.
129 1999 172 2004 —
199 1981 300 2014 intra
322 1981 488 2025 parietes
511 1992 608 2014 'meos
641 1982 723 2014 scil.
753 1982 800 2015 ab
826 1982 959 2016 amicis
984 1991 1023 2018 et
1049 1985 1308 2029 familiaribus,
1334 1995 1377 2021 ut
1393 1989 1560 2022 Horten-

72 2028 146 2067 sio,
190 2029 299 2062 Arrio
337 2035 428 2071 etc.,
480 2040 641 2073 quorum
675 2031 834 2064 consilia
869 2038 1018 2066 secutus
1061 2034 1106 2067 ad
1147 2035 1358 2079 perniciem
1397 2044 1558 2070 venerat.

72 2076 187 2111 ERN.
237 2076 324 2109 Vid.
361 2087 418 2122 ep.
453 2077 580 2119 LXII,
623 2080 656 2114 2.
683 2078 821 2117 LXIII,
846 2080 881 2115 8.
930 2099 974 2105 -—
1025 2092 1094 2115 ηοη
1120 2083 1330 2118 amilterem.
1380 2084 1442 2119 Sic
1475 2085 1557 2119 Md.

73 2126 193 2158 Oxou.
224 2126 254 2159 1.
281 2126 313 2160 2.
340 2124 431 2158 Cdd.
457 2126 567 2170 Regii
593 2132 630 2159 et
656 2128 772 2160 ceteri
805 2128 897 2162 noti.
922 2128 1006 2164 Asc.
1034 2133 1069 2165 1.
1097 2130 1198 2167 Vict.
1233 2134 1264 2168 1.
1293 2134 1328 2168 2.
1352 2133 1446 2167 Lau.
1472 2135 1497 2167 1'.
1523 2145 1558 2171 e.

71 2179 134 2206 aut
169 2179 272 2206 certe
308 2172 500 2207 dumtaxat
535 2186 624 2208 cum
663 2182 790 2208 morte
830 2188 913 2210 mea
946 2178 1174 2212 amitterem.
1210 2179 1318 2217 omis.
1351 2191 1423 2215 non
1458 2187 1557 2216 Crat.

73 2221 172 2255 Man.
202 2221 333 2254 hamb.
360 2221 511 2255 Schiitz.
547 2233 637 2256 nunc
669 2226 788 2258 amitt.
814 2225 900 2260 Bos.
928 2227 1089 2261 coniect.
1128 2227 1262 2262 Graev.
1290 2230 1378 2263 Ern.
1403 2230 1557 2265 Schiitz.

73 2269 132 2301 ed.
160 2269 247 2302 min.
276 2269 473 2304 ORELLI.

166 2337 200 2371 3.
228 2338 420 2379 relevares,
448 2337 665 2372 ausrichten
693 2340 890 2375 m'o'chtest.
924 2342 1056 2376 Lamb.
1087 2343 1237 2379 levares.
1287 2364 1331 2371 —·
1383 2346 1556 2388 obiurga-

75 2384 186 2426 tione,
226 2386 325 2430 quod
359 2387 516 2420 doleam.
559 2387 639 2420 Vid.
675 2399 736 2433 ep.
763 2390 872 2431 LXV,
900 2391 933 2425 2.
960 2390 1097 2432 LXVI,
1126 2395 1158 2426 1.
1195 2411 1238 2417 —-
1279 2399 1319 2427 ut
1346 2419 1352 2426 .
1382 2420 1388 2426 .
1415 2404 1467 2426 ne.
1519 2393 1552 2427 S.

74 2431 220 2468 Grotef.
248 2434 281 2477 δ.
312 2435 396 2472 400,
428 2437 459 2469 l.
491 2455 534 2461 -
560 2436 669 2470 XIV.
695 2438 782 2472 Kal.
813 2438 945 2481 Quint„
973 2439 1041 2472 den
1069 2442 1178 2475 l7tcn
1205 2441 1347 2475 lunius.

172 2516 202 2549 1.
245 2529 313 2552 non
338 2524 407 2563 opt.
437 2525 461 2557 ί.
488 2525 604 2564 (ιτα-1.,
631 2522 808 2558 wiewohl
833 2523 944 2557 nicht
972 2536 1035 2559 aus
1063 2525 1132 2559 den
1160 2527 1284 2560 besten
1312 2527 1480 2572 Qnellen.
1510 2547 1550 2553 —

75 2563 246 2615 terrebant,
274 2567 399 2601 halten
427 2569 531 2603 mich
549 2571 648 2605 noch
674 2572 810 2605 immor
836 2573 992 2609 zuriick.
1051 2575 1127 2608 Das
1154 2575 1308 2618 Impers.
1336 2576 1401 2609 des
1427 2577 1551 2610 Bries·

76 2611 166 2643 suls.
194 2632 236 2638 —-
262 2614 309 2646 ml
333 2619 365 2648 ie
390 2617 415 2650 i.
443 2628 474 2649 e.
502 2618 540 2650 in
567 2620 721 2664 praedia
747 2626 810 2653 tua
836 2621 1032 2666 Epirotica
1059 2633 1109 2654 me
1135 2624 1342 2659 conseram.
1386 2625 1473 2658 Vid.
1493 2637 1538 2669 ep

74 2659 225 2698 LXVII,
253 2662 285 2695 2.
313 2662 356 2694 ln
382 2665 482 2709 Epir.
511 2667 659 2701 Attikus
685 2668 797 2702 „ct-lbst
825 2680 901 2702 war
929 2671 964 2701 in
987 2672 1091 2702 Rom
1123 2689 1164 2694 -
1195 2671 1224 2702 ν’
1242 2682 1319 2705 non.
1347 2672 1550 2706 S.Ra¹v¹<l³-

75 2705 107 2747 ξ.
140 2709 216 2739 190.
245 2709 277 2740 «1,
308 2710 452 2745 Grotes.
482 2714 513 2755 §
540 2716 619 2750 406.
