1742 3006
550 97 861 143 EPISTOLA
889 97 1036 142 XLv.
1185 82 1187 88 '
1450 99 1536 148 193

11 236 14 239 ·
56 220 177 270 bem,
208 227 317 272 quae
346 215 474 255 antea
501 212 644 266 gessi:
687 212 790 252 utor
815 211 903 252 via.
972 209 1135 266 Populi
1163 223 1315 253 sensus
1344 214 1534 257 maxime
1571 232 1598 272 3

55 274 230 316 theatro
260 276 305 313 et
333 269 596 326 spectaculis
624 270 880 323 perspectus
910 271 990 307 est.
1059 266 1177 308 Nam
1215 267 1532 322 gladiatoribus

55 343 143 385 qua
170 328 373 370 dominus
403 337 488 380 qua
515 323 720 366 advocati
757 322 899 365 sibilis
937 323 1172 364 conscissi:
1210 323 1326 367 ludis
1364 326 1534 381 Apolli-

57 386 236 428 naribus
265 381 472 437 Diphilus
511 379 748 436 tragoedus
785 379 833 420 in
871 381 1070 420 nostrum
1108 378 1373 435 Pompeium
1410 387 1534 437 petu-

10 457 15 465 ¹
57 443 202 484 lanter
229 440 426 482 invectus
458 440 549 477 est:

413 491 582 535 Nostra
608 489 790 534 miseria
816 494 865 533 tu
904 504 951 533 es
989 488 1180 544 Magnus

58 576 112 585 —
140 575 194 584 —
221 549 379 592 millies
409 552 588 590 coactus
617 552 682 589 est
709 548 876 592 dicere.

167 606 366 651 Eandem
395 605 604 648 virtutem
637 604 770 646 istam
807 604 952 647 veniet
980 606 1151 659 tempus
1181 614 1314 658 quum
1343 606 1540 658 graviter

976 673 1123 701 emes:

58 718 193 760 totius
239 717 403 760 theatri
450 718 643 759 clamore
681 717 795 759 dixit
831 674 1024 772 itemgue
1062 717 1226 756 cetera.
1298 714 1413 757 Nam
1458 716 1538 770 [et]

60 775 279 816 eiusmodi
308 778 407 815 sunt
435 774 469 814 ii
498 787 677 826 versus,
706 777 755 815 ut
783 773 828 814 in
855 778 1026 827 tempus
1055 771 1109 813 ab
1134 770 1315 812 inimico
1335 771 1541 828 Pompeii

60 830 219 886 scripti
248 844 344 872 esse
371 829 618 872 videantur.

269 887 319 929 Si
348 899 489 941 neque
518 886 636 940 leges
665 898 804 940 neque
832 897 978 926 mores
1008 886 1172 938 cogunt
1193 895 1251 912 ‘-
1282 906 1332 913 —

62 945 107 984 et
136 945 285 984 cetera
313 955 471 996 magno
502 955 602 983 cum
631 940 812 983 fremitu
834 944 878 982 et
897 941 1092 982 clamore
1115 939 1217 981 sunt
1236 936 1369 980 dicta.
1429 939 1542 982 Cae-

61 1009 135 1040 sar
164 1012 294 1054 quum
323 999 519 1040 venisset
547 1001 721 1039 mortuo
750 998 928 1053 plausu,
967 996 1105 1037 Curio
1133 994 1253 1036 filius
1283 999 1349 1036 est
1376 995 1544 1036 insecu-

60 1058 144 1096 tus.
203 1054 322 1095 Huic
358 1055 422 1095 ita
459 1054 659 1108 plausum
699 1059 791 1104 est,
830 1056 904 1106 ut,
945 1052 1070 1094 salva
1098 1065 1147 1092 re
1174 1049 1376 1105 publica,
1406 1051 1542 1093 Pom-

63 1110 164 1165 peio
194 1110 345 1165 plaudi
373 1110 555 1151 solebat.
613 1110 744 1152 Tulit
772 1109 941 1151 Caesar
969 1107 1178 1162 graviter.
1239 1105 1419 1148 Literae
1458 1107 1546 1148 Ca-

61 1179 192 1220 puam
232 1165 289 1206 ad
335 1165 600 1219 Pompeium
645 1166 797 1208 volare
848 1165 1121 1207 dicebantur.
1188 1162 1370 1205 Inimici
1420 1168 1544 1204 erant

62 1222 303 1277 equitibus,
333 1223 408 1277 qui
439 1221 622 1264 Curioni
651 1224 815 1264 stantes
843 1221 1120 1276 plauserant3
1149 1217 1300 1261 hostes
1332 1219 1544 1260 omnibus.

63 1353 150 1399 peio
177 1358 215 1387 et
241 1356 407 1388 Caesare.
457 1354 572 1387 Illum
599 1354 756 1400 plurimi
782 1355 964 1395 faciebat,
998 1354 1073 1388 hoo
1097 1353 1393 1387 familiarissime
1420 1353 1547 1387 uteba-

64 1408 140 1435 tur.
173 1401 260 1435 vid.
287 1401 332 1435 ad
357 1402 494 1435 Famili
516 1403 585 1441 VI,
613 1404 645 1438 6.
673 1413 746 1436 cum
780 1402 848 1436 illa
881 1414 991 1436 causa
1023 1403 1047 1437 i.
1080 1412 1115 1438 e.
1150 1407 1278 1435 contra
1312 1401 1477 1446 Pompeii
1511 1407 1548 1434 et

67 1448 234 1483 Caesaris
260 1459 421 1486 causam.
448 1468 493 1474 —
528 1454 614 1483 utor
637 1451 722 1493 via,
755 1450 879 1485 media
912 1450 1071 1495 quadam
1104 1450 1165 1484 via
1190 1455 1295 1491 utor,
1333 1460 1405 1493 qua
1432 1449 1547 1484 licet:

65 1497 129 1532 ich
155 1496 298 1531 driicke
324 1497 424 1531 mich
451 1507 490 1531 so
516 1498 653 1531 mitten
679 1498 813 1533 durch.

2 1599 5 1609 ¹
161 1565 194 1598 3.
222 1573 363 1603 sensus,
391 1564 626 1613 Gesinnung.
656 1586 699 1592 -
727 1565 897 1609 theatro,
923 1566 1005 1601 Asc.
1034 1568 1068 1602 2.
1100 1567 1199 1602 Crat.
1226 1566 1353 1599 Lamb.
1387 1566 1425 1599 in
1452 1566 1549 1600 thea-

4 1627 5 1647 ÷
67 1616 138 1646 tro.
165 1629 209 1636 —
234 1613 452 1655 spectaculis
476 1614 630 1652 ceteris,
658 1614 916 1657 Circensibus,
945 1614 1177 1648 muneribus.
1207 1632 1250 1638 -—
1275 1614 1436 1656 gladiat.
1463 1620 1550 1648 statt

68 1659 161 1694 ludis
186 1659 434 1702 gladiatoriis.
469 1678 512 1684 -
546 1671 614 1704 qua
647 1661 809 1696 dominus
832 1663 856 1696 i.
884 1673 914 1696 e.
947 1663 977 1696 is
1011 1662 1076 1707 qui
1102 1662 1207 1696 ludos
1233 1662 1365 1695 edebat
1391 1672 1459 1705 qua
1484 1663 1549 1695 ad-

67 1707 188 1741 vocati
210 1707 236 1740 i.
264 1719 296 1742 e.
326 1708 459 1751 amici,
499 1709 564 1753 qui
595 1709 767 1753 plausum
794 1710 1082 1756 impertirentur
1106 1710 1397 1753 resisterentque
1423 1710 1551 1742 inimi-

7 1769 9 1774 ·
69 1756 121 1790 cis
147 1755 393 1790 sibilantibus.
445 1756 624 1791 Gabinius
650 1757 797 1791 scheint
822 1758 862 1790 in
889 1758 1028 1791 diesem
1047 1757 1159 1791 Iahre
1176 1758 1458 1802 Fechterspiele
1486 1769 1551 1803 ge-

8 1814 11 1846 g
68 1804 187 1858 geben
212 1816 258 1837 zu
283 1803 424 1846 haben3
451 1805 552 1838 seine
577 1804 740 1839 Fechter
757 1805 910 1840 werden
926 1812 1042 1840 unten
1062 1817 1120 1851 ep.
1139 1805 1183 1840 51
1203 1811 1383 1851 genannt.
1434 1805 1550 1839 Rich<

9 1866 12 1873 ¹
71 1851 367 1900 tigerversteht
392 1864 478 1885 man
503 1852 639 1886 iedoch
664 1860 778 1887 unter
803 1854 967 1888 dominus
1004 1855 1119 1889 Casar
1143 1853 1220 1886 und
1246 1859 1356 1887 unter
1381 1854 1549 1887 advoca&

10 1895 13 1928 ί
72 1901 173 1933 seine
198 1900 482 1948 Parteigiinger.
532 1902 665 1934 Cicero
691 1908 808 1935 nennt
833 1902 904 1936 den
934 1904 1043 1935 C'asar
1060 1913 1099 1937 u.
1119 1901 1317 1946 Pompeius
1337 1903 1432 1935 auch
1452 1907 1552 1934 sonst

12 1953 14 1982 ἶ
72 1948 256 1992 dynastas,
306 1944 411 1983 Uber
444 1959 513 1992 qua
542 1972 552 1982 .
581 1974 588 1982 .
616 1960 706 1993 qua,
739 1949 856 1983 theils
881 1974 890 1983 .
918 1975 925 1982 .
952 1975 959 1982 .
987 1949 1096 1983 theils
1122 1961 1148 1982 s.
1169 1948 1323 1984 Ramsh.
1351 1951 1379 1993 §.
1410 1951 1490 1991 159,
1517 1950 1552 1986 3,

13 2012 15 2038 ⁴,
73 1996 101 2029 f.
126 2014 170 2020 —-
212 1996 285 2032 lud.
312 1996 505 2039 Apollz'n.,
537 1997 680 2031 welche
707 1997 774 2030 der
811 1999 970 2031 Praetor
994 1998 1167 2033 Urbanus
1193 2009 1251 2038 am
1279 1999 1365 2030 5ten
1393 1997 1461 2030 Iul.
1489 2008 1552 2029 an-

14 2062 17 2088 ;
73 2044 253 2078 zustellen
278 2045 428 2090 pflegte.
463 2043 497 2078 S.
527 2044 606 2078 Liv.
632 2046 780 2087 XXVII,
806 2047 863 2081 23.
891 2047 1003 2088 XXV,
1034 2047 1090 2081 22.
1120 2057 1155 2077 u.
1182 2044 1257 2087 XV,
1283 2046 1315 2078 4.
1345 2061 1385 2068 —-
1421 2044 1553 2089 Diphi-

8 2137 11 2141 ,
75 2093 141 2125 lus.
193 2091 323 2125 Dieser
354 2091 618 2137 Schauspieler
652 2093 873 2127 declamirte
910 2094 968 2128 die
1009 2091 1266 2137 angefiihrten
1310 2093 1450 2126 Stelleu
1485 2093 1554 2126 mit

75 2138 396 2173 bezeichnendem
422 2140 496 2174 und
530 2141 596 2173 auf
627 2142 820 2187 Pompeius
855 2141 1150 2175 hindeutendem
1185 2139 1343 2174 Geffihl.
1415 2139 1555 2175 Mehre

17 2196 19 2214 ³
75 2187 207 2221 Mahle
233 2194 372 2221 musste
399 2198 441 2220 er
466 2189 516 2221 sie
551 2189 821 2223 wiederholen.
873 2190 1038 2223 Solchen
1072 2188 1207 2222 Beisall
1239 2188 1344 2222 hatte
1379 2200 1422 2222 er
1455 2189 1553 2221 beim

0 2216 21 2263 i*
76 2235 201 2269 Volke
228 2236 436 2282 gesunden!
472 2236 507 2269 S.
536 2236 658 2270 Valer.
684 2239 786 2271 Max.
813 2237 882 2280 Vl,
909 2239 943 2273 2.
971 2238 1040 2270 der
1070 2235 1289 2280 hinzufiigt:
1324 2237 1389 2270 der
1415 2236 1557 2270 Schau-

19 2282 21 2291 ¹
78 2283 214 2328 spieler
240 2283 333 2316 habe
360 2284 417 2317 bei
444 2284 515 2317 den
543 2282 685 2319 Versen
712 2287 777 2318 auf
810 2285 1007 2330 Pompeius
1042 2284 1248 2330 gewiesen;
1289 2285 1403 2318 allein
1437 2285 1558 2317 dieser

0 2334 22 2356 vl
77 2342 156 2364 war
181 2343 227 2364 zu
254 2332 380 2376 Capua
405 2332 458 2366 als
485 2332 612 2366 XXvir
637 2344 725 2378 agro
754 2335 942 2377 Campano
968 2332 1183 2367 dividundo.
1220 2331 1258 2369 S.
1287 2332 1416 2378 gleich
1443 2332 1558 2364 nach-

11 2407 24 2415 ,,
78 2377 158 2413 her.
187 2398 230 2403 —
255 2380 403 2413 millies.
432 2380 511 2427 Vgl.
540 2380 663 2415 Cicer.
690 2392 760 2426 pro
787 2381 888 2415 Sext.
916 2392 947 2414 c.
975 2382 1036 2417 58.
1063 2399 1106 2404 —
1134 2380 1248 2414 Eand.
1276 2381 1445 2413 virtutem
1474 2380 1496 2411 i.
1526 2390 1557 2412 e.

0 2439 25 2467 γ
81 2427 393 2473 magnitudinem.
420 2428 487 2462 Est
505 2428 621 2463 lamb.
645 2435 834 2463 tetramet.
847 2447 888 2452 —
905 2439 1163 2473 qunmzquo.
1176 2427 1365 2461 -tlze'atri
1378 2428 1557 2467 clamore,

24 2486 25 2489 ¹
79 2474 288 2518 plaudentis
302 2476 447 2509 scilicet
457 2482 492 2509 et
506 2477 816 2521 approbationem
832 2476 1090 2524 significantis.
1116 2470 1328 2510 SCHUTZ.
1347 2494 1389 2499 —
1411 2474 1500 2507 Nam
1526 2478 1561 2506 ee

25 2525 28 2554 ¹.
82 2534 131 2551 z
156 2522 267 2555 etiam
294 2525 341 2566 (et
358 2524 480 2557 delev.
497 2525 717 2567 Lambinus)
744 2526 775 2558 z'i
801 2535 936 2566 remum,
964 2525 1029 2569 qui
1054 2524 1139 2558 illos
1168 2524 1206 2557 in
1224 2523 1351 2557 eadem
1367 2522 1559 2566 tragoedia

84 2569 342 2612 sequebantur.
369 2590 414 2597 —
448 2572 485 2605 in
521 2577 675 2616 tempus,
706 2574 775 2606 auf
804 2572 865 2606 die
900 2572 1183 2620 gegenwartige
1217 2571 1316 2605 Zeit·
1351 2590 1394 2595 -
1429 2575 1561 2612 sogum

7 2628 30 2649 ,ι
83 2617 111 2654 i,
138 2628 173 2649 e.
203 2619 358 2661 cogendi
383 2620 459 2653 vim
486 2620 624 2654 habent
648 2622 686 2654 h.
714 2632 747 2657 e.
773 2620 1013 2666 dynastarum
1043 2626 1270 2665 potestatem
1298 2625 1335 2650 et
1369 2618 1560 2653 licentiam

4 2676 8 2694 ¹·
61 2699 63 2701 ,
88 2667 277 2700 coercent.
305 2684 347 2689 —
373 2669 526 2701 venisset
551 2670 587 2702 in
614 2669 816 2703 theatrum.
844 2688 887 2694 -
914 2673 1056 2701 mortuo
1080 2668 1103 2700 i.
1121 2678 1150 2698 e.
1171 2666 1354 2699 exstincto
1375 2666 1440 2699 illo
1459 2668 1561 2712 plau-

88 2723 147 2751 su,
176 2723 246 2757 quo
273 2713 419 2758 Diphili
445 2718 585 2750 actoris
611 2718 712 2750 dicta
738 2724 893 2762 excepta
918 2722 1044 2757 erant;
1079 2725 1147 2747 nec
1183 2715 1261 2759 ipse
1298 2716 1432 2749 caesar
1465 2726 1563 2748 novo

31 2770 34 2802 2
90 2761 218 2805 plausu
244 2762 511 2807 excipiebatur.
547 2784 590 2790 -
622 2766 791 2810 plausum
823 2768 888 2803 est.
939 2762 1125 2798 VVarum?
1159 2773 1188 2799 s,
1217 2774 1274 2808 ep.
1304 2762 1430 2804 XLIV,
1461 2766 1490 2797 1,
1520 2782 1563 2787 —

153 2839 214 2867 Cic:
234 2840 339 2869 nriefe
359 2850 389 2869 ν.
411 2842 534 2871 Billerb.
572 2845 595 2871 Ι.
1109 2818 1166 2856 13
