1742 3006
517 79 837 124 EPISTOLA
879 79 1110 124 LXXXI.
1472 78 1565 126 289

26 183 31 193 ’
71 194 188 246 suit,
218 192 464 236 excludere
494 191 633 234 facile
664 195 744 233 est.
803 189 894 232 Sed
922 194 1096 245 tamen,
1126 190 1338 247 quamdiu
1359 205 1439 234 vos
1470 194 1559 233 eri-

72 251 133 292 tis
162 251 210 292 in
240 264 344 305 spe,
383 263 471 290 non
500 247 737 300 deficiam,
775 259 831 288 ne
861 248 1013 288 omnia
1040 260 1138 289 mea
1176 248 1309 302 culpa
1338 248 1559 289 cecidisse

29 339 31 346 .
71 306 328 348 videantur.
394 305 459 346 Ut
503 306 602 345 tuto
641 303 754 355 sim,
803 301 925 357 quod
962 302 1162 353 laboras,
1201 303 1250 343 id
1287 303 1400 344 mihi
1440 317 1559 344 nunc

28 370 30 375 '
71 361 344 403 facillimum
374 364 467 402 est:
510 372 643 413 quem
672 359 809 400 etiam
834 357 1009 398 inimici
1038 359 1198 399 volunt
1225 359 1379 400 vivere
1408 359 1455 399 in
1487 358 1559 400 his

70 418 212 459 tantis
233 416 442 458 miseriis.
500 415 601 469 Ego
623 419 774 455 tamen
796 412 976 465 faciam,
1006 426 1119 469 quae
1142 414 1376 468 praecipis.
1439 416 1559 455 Ami-

71 474 168 525 cis,
199 473 358 528 quibus
387 469 603 522 voluisti,
632 470 706 525 egi
736 470 930 523 gratias:
972 473 1018 510 et
1047 482 1124 511 eas
1155 469 1313 509 literas
1344 470 1559 525 Dexippo

26 550 31 563 ·
71 528 201 570 dedi:
232 539 391 581 meque
422 526 478 567 de
508 539 662 567 eorum
693 525 850 566 officio
880 524 1044 580 scripsi
1074 538 1101 566 a
1129 527 1174 565 te
1199 525 1439 566 certiorem
1461 540 1558 568 esse

26 611 31 620 =
70 583 253 626 factum.
322 582 539 624 Pisonem
579 583 784 624 nostrum
821 580 1020 622 mirifico
1062 593 1160 622 esse
1201 580 1353 622 studio
1395 582 1442 621 in
1480 595 1560 622 nos

26 639 29 652 ⁴
70 642 119 681 et
156 637 315 681 officio
357 642 402 679 et
442 650 526 692 ego
577 637 805 691 perspicio
846 641 891 678 et
928 649 1080 678 omnes
1128 636 1407 691 praedicant.
1478 637 1562 678 Dii

26 694 30 729 ῗ
67 694 244 747 faxint,
273 696 325 735 ut
352 693 439 735 tali
467 706 633 747 genero
650 691 766 733 mihi
787 693 1014 746 praesenti
1036 697 1187 733 tecum
1217 693 1351 733 simul
1383 695 1429 733 et
1459 706 1560 733 cum

68 750 228 792 liberis
256 750 424 791 nostris
454 748 547 789 frui
578 749 737 790 liceat!
788 748 920 790 Nunc
958 761 1060 803 spes
1099 749 1278 803 reliqua
1308 752 1376 789 est
1404 749 1452 789 in
1482 762 1560 790 no-

27 822 30 852 3
69 806 140 848 vis
170 806 365 847 tribunis
394 805 540 860 plebis
570 808 616 845 et
645 804 692 845 in
723 803 881 857 primis
911 804 1094 857 quidem
1123 804 1306 846 diebus:
1351 818 1478 856 nam,
1521 805 1561 845 si

69 861 361 913 inveterarit,
391 864 540 902 actum
570 862 649 901 est.
706 859 778 901 Ea
807 873 855 900 re
885 860 944 900 ad
973 865 1017 901 te
1046 861 1200 901 statim
1238 860 1560 901 Aristocritum

27 926 29 928 ’
70 917 201 969 misi,
241 920 292 958 ut
320 916 375 958 ad
407 929 477 957 me
508 915 723 956 continuo
753 915 888 956 initia
918 929 1068 956 rerum
1098 920 1142 957 et
1173 916 1392 956 rationem
1421 916 1561 956 totius

69 973 244 1027 negotii
273 985 426 1026 posses
456 972 676 1013 scribere:
723 971 810 1012 etsi
851 971 1069 1025 Dexippo
1110 985 1287 1026 quoque
1326 972 1392 1012 ita
1420 972 1560 1025 impe-

71 1029 195 1079 ravi,
225 1029 379 1069 statim
408 1031 458 1068 ut
487 1030 766 1068 recurreret:
795 1029 842 1067 et
869 1026 929 1068 ad
958 1026 1148 1068 fratrem
1166 1027 1296 1079 misi,
1325 1030 1375 1067 ut
1403 1028 1561 1067 crebro

4 1092 29 1122 .’
68 1084 331 1125 tabellarios
360 1083 576 1125 mitteret.
649 1081 767 1123 Nam
805 1096 888 1136 ego
930 1096 983 1123 eo
1012 1084 1192 1124 nomine
1221 1097 1318 1124 sum
1347 1082 1561 1138 Dyrrha-

4 1165 31 1193 (Ι
68 1139 166 1180 chii
195 1138 285 1180 hoc
312 1142 538 1193 tempore,
568 1140 618 1180 ut
646 1151 779 1192 quam
809 1138 1070 1191 celerrime,
1112 1138 1222 1193 quid
1262 1142 1444 1194 agatur,
1485 1151 1561 1179 au-

28 1198 30 1210 *
69 1194 216 1244 diam3
255 1197 301 1236 et
329 1208 426 1236 sum
455 1198 567 1236 tuto.
627 1194 803 1235 Civitas
834 1195 952 1235 enim
982 1193 1097 1236 haec
1125 1208 1300 1249 semper
1328 1208 1356 1236 a
1383 1208 1454 1234 me
1485 1195 1561 1235 de-

70 1249 199 1291 fensa
227 1253 309 1292 est.
375 1250 524 1301 Quum
554 1250 729 1290 inimici
756 1251 900 1290 nostri
929 1251 1086 1291 venire
1115 1251 1350 1302 dicentur,
1392 1255 1483 1291 tum
1514 1252 1560 1290 in

26 1326 31 1338 ⁴
70 1306 262 1360 Epirum
291 1306 379 1347 ibo.
439 1305 574 1356 Quod
603 1305 765 1346 scribis
794 1310 865 1357 te,
910 1306 950 1346 si
988 1307 1153 1358 velim,
1193 1306 1251 1347 ad
1291 1319 1362 1346 me
1402 1308 1560 1348 ventu-

71 1375 189 1403 ram:
231 1375 315 1415 ego
337 1374 472 1412 vero,
511 1375 648 1415 quum
687 1361 827 1401 sciam
856 1374 1062 1415 magnam
1092 1365 1266 1415 partem
1294 1362 1424 1402 istius
1454 1375 1560 1403 one—

28 1464 30 1473 .
71 1418 136 1457 ris
165 1417 243 1458 abs
273 1421 318 1457 te
348 1417 586 1469 sustineri,
617 1420 662 1457 te
691 1417 799 1457 istic
828 1429 924 1457 esse
944 1418 1062 1459 volo.
1122 1417 1173 1459 Si
1196 1416 1420 1471 perficitis
1439 1417 1561 1472 quod

71 1473 234 1526 agitis,
272 1485 343 1513 me
387 1472 446 1513 ad
473 1485 555 1514 vos
583 1472 736 1513 venire
776 1476 976 1526 oportet:
1017 1474 1086 1514 sin
1116 1476 1262 1514 autem
1292 1504 1302 1513 .
1333 1505 1344 1515 .
1376 1505 1386 1513 .
1418 1505 1428 1515 .
1470 1473 1561 1514 Sed

69 1526 189 1568 nihil
220 1540 329 1581 opus
360 1532 427 1569 est
456 1528 634 1583 reiiqua
663 1528 876 1570 scribere.
939 1528 1016 1570 Ex
1044 1529 1204 1584 primis
1236 1533 1312 1571 aut
1342 1542 1560 1570 summum

68 1638 122 1679 11,
147 1637 182 1673 5.
208 1638 267 1674 Cf.
294 1647 352 1683 ep.
379 1638 541 1683 LXXIX,
568 1640 601 1676 2.
637 1657 681 1664 —-
718 1650 788 1673 non
822 1638 1010 1682 deficiam,
1038 1638 1120 1674 will
1144 1639 1206 1674 ich
1233 1639 1291 1674 die
1312 1640 1425 1673 Arme
1452 1638 1560 1673 nicht

69 1684 203 1720 sinken
227 1686 360 1723 lassen,

163 1735 198 1769 3.
229 1732 273 1767 Ue
298 1738 373 1768 tuto
399 1734 466 1768 sim
491 1734 565 1777 ibi,
591 1735 658 1769 ubi
682 1748 783 1779 sum,
809 1736 903 1780 quod
927 1737 1076 1770 laboras
1101 1736 1124 1769 i.
1151 1747 1182 1770 e.
1204 1737 1250 1770 ob
1276 1736 1377 1781 quod
1395 1735 1558 1769 sollicita

70 1792 109 1816 es
133 1787 224 1822 cet.,
252 1781 300 1816 ob
324 1782 385 1816 ich
410 1783 447 1816 in
475 1783 638 1817 meinem
665 1783 833 1831 ietzigen
859 1783 1106 1818 Aufenthalte
1131 1783 1230 1818 auch
1256 1785 1377 1818 sicher
1403 1784 1475 1824 sei,
1512 1783 1561 1816 ist

70 1830 187 1878 grade
213 1830 307 1869 Das,
341 1831 521 1865 wor'uber
551 1833 613 1865 Du
649 1832 722 1865 Dir
754 1834 826 1866 den
859 1833 1071 1880 wenigsten
1103 1834 1286 1866 Kummer
1318 1846 1365 1866 zu
1397 1830 1559 1865 macheu

68 1877 170 1912 hast:
204 1878 251 1911 da
283 1888 394 1925 sog-ar
426 1880 549 1913 meine
581 1880 723 1914 Feinde
749 1891 786 1914 es
813 1891 930 1928 gerne
957 1880 1092 1923 seben,
1119 1891 1231 1913 wenn
1258 1879 1323 1914 ich
1350 1881 1390 1913 in
1415 1879 1559 1913 diesem

68 1936 109 1959 so
143 1936 295 1972 grossen
332 1927 478 1961 Elende
513 1928 746 1962 fortlebe.
783 1929 874 1976 Vgl.
910 1930 957 1963 ad
981 1929 1094 1962 Attio.
1120 1929 1225 1971 XIII,
1252 1931 1295 1964 9:
1324 1929 1452 1961 laboro
1479 1927 1559 1969 (ob)

66 1974 181 2014 idem,
208 1975 301 2017 qnod
332 1978 389 2016 tu3
424 1976 469 2008 ad
503 1975 592 2010 Div.
625 1977 728 2015 XVI,
761 1977 801 2010 4:
836 1975 936 2011 nihil
971 1977 1123 2018 laboro,
1162 1976 1237 2009 nisi
1270 1982 1312 2009 ut
1344 1976 1465 2010 salvus
1500 1976 1556 2008 sis.

66 2021 177 2055 Sonst
204 2022 296 2055 wird
322 2022 386 2056 das
411 2023 581 2057 Verbum
608 2025 680 2058 mit
704 2025 761 2063 in,
801 2025 844 2058 de
869 2037 905 2059 u.
934 2025 1017 2059 dem
1058 2025 1204 2058 blossen
1241 2024 1361 2058 Ablat.
1397 2023 1557 2056 verbun-

66 2069 150 2103 den.
171 2087 212 2093 —
240 2069 277 2102 in
293 2068 360 2104 his.
376 2071 482 2105 omis.
499 2070 566 2105 Ιιίε.
592 2074 690 2110 Crat,
709 2073 811 2110 Vict.
835 2074 866 2108 2.
884 2092 929 2098 —
956 2073 1021 2116 egi
1034 2073 1199 2115 gratias,
1225 2072 1298 2105 wie
1316 2083 1373 2117 ep.
1391 2071 1551 2110 LXXVI,

64 2117 100 2151 2.
137 2117 297 2157 LXXIX,
329 2118 362 2152 5.
399 2136 443 2142 —
477 2119 669 2164 Dexippo,
710 2120 907 2155 Ciceronis
940 2132 1065 2158 servo.
1117 2119 1280 2163 Desippo
1320 2120 1401 2154 Md.
1437 2119 1556 2164 Neap.

64 2165 148 2198 Asc.
170 2167 200 2199 l.
218 2166 320 2200 Crat.
347 2166 444 2200 Vict.
472 2168 503 2201 1.
530 2169 562 2202 2.
589 2169 721 2202 Lamb.
741 2188 786 2193 —
812 2169 849 2202 in
871 2169 1006 2213 primis
1025 2195 1033 2203 .
1054 2195 1064 2205 .
1084 2168 1130 2207 d.‚
1157 2168 1291 2213 quibus
1310 2168 1459 2201 inibunt
1477 2178 1556 2201 ma-

29 2214 31 2251 Ἶ
67 2212 279 2259 gistratum.
310 2231 351 2238 -—
379 2214 412 2247 si
437 2215 671 2256 ιἠυείενανίἱ,
699 2216 730 2250 si
757 2218 956 2252 refrixerit
982 2227 1064 2259 res,
1091 2217 1122 2249 si
1148 2227 1223 2250 non
1250 2216 1377 2250 statim
1404 2216 1445 2249 in
1474 2215 1556 2260 pri-

28 2252 32 2310 ἴ
64 2270 128 2294 mo
154 2260 261 2294 aditu
287 2262 530 2305 conficietur,
567 2275 680 2297 wenn
712 2264 766 2298 sie
806 2265 866 2299 die
905 2264 1025 2299 Sache
1057 2264 1230 2299 veralten
1262 2264 1402 2305 lassen3
1441 2267 1557 2297 actum

28 2321 31 2338 ι
65 2312 117 2341 ese
144 2308 189 2342 de
215 2309 340 2350 nobis,
367 2320 406 2343 so
432 2311 480 2344 ist
502 2321 540 2344 es
564 2323 628 2346 um
654 2324 724 2346 uns
749 2314 976 2358 geschehen.

8 2369 31 2390 ι
158 2356 194 2391 4.
222 2367 266 2390 ea
291 2368 331 2391 re
357 2371 407 2389 z:
432 2369 514 2392 eam
537 2359 583 2393 ob
601 2369 763 2394 causam.
789 2379 836 2386 —-·
861 2362 967 2396 initia
987 2372 1131 2403 rerum,
1159 2361 1218 2395 die
1238 2366 1360 2394 ersten
1378 2357 1554 2397 Schritte,

5 2392 31 2444 ξε,
64 2401 213 2436 welche
238 2403 379 2448 gethan
405 2408 582 2450 werden3
608 2412 678 2441 rat.
708 2413 731 2442 t.
759 2419 863 2451 neg„
900 2410 961 2444 die
986 2410 1087 2456 Lage
1114 2409 1177 2443 des
1203 2419 1345 2456 ganzen
1377 2406 1554 2440 Handels.

8 2444 31 2500 Ji
66 2466 111 2473 -—
136 2458 362 2496 recurreret,
397 2453 437 2486 in
470 2466 587 2502 marg.
621 2458 722 2490 Crat.
756 2462 1014 2492 reverteretur.
1068 2457 1219 2491 Glosse!
1247 2475 1290 2482 —
1326 2465 1366 2488 eo
1402 2453 1553 2489 nomine,

6 2496 32 2583 ἷὶ
63 2504 220 2579 ἓνορὲει·
243 2499 340 2552 lianc
361 2512 519 2536 causam.
550 2503 606 2537 Cf.
633 2515 690 2550 ep.
712 2505 876 2548 LXXIX,
905 2509 937 2542 7.
965 2505 1174 2549 LXXVIII,
1202 2506 1235 2540 4.
1262 2523 1305 2529 -
1331 2512 1422 2542 sum,
1451 2500 1552 2534 Crat·

29 2568 32 2579 .
99 2555 156 2578 am
188 2571 196 2578 .
222 2556 303 2582 sim.

7 2602 32 2645 :f
84 2639 92 2646 ,
152 2594 193 2646 ,5·
223 2594 341 2638 Quffllae
380 2609 453 2632 was
486 2599 558 2633 Das
591 2601 759 2648 aniangt.
797 2621 838 2627 —
879 2600 1023 2640 oneris,
1059 2598 1219 2637 laboris,
1258 2606 1368 2642 quem
1404 2596 1557 2630 restitu-

7 2647 32 2691 ³³.
62 2644 161 2673 troni
186 2651 292 2675 meae
319 2645 445 2679 salutis
471 2647 681 2693 impendis5
719 2660 833 2683 curae
869 2649 914 2683 de
941 2649 1070 2682 reditu
1096 2657 1191 2681 meo.
1220 2646 1278 2679 Cf.
1302 2655 1357 2690 ep.
1385 2644 1555 2684 LXXVI,

6 2695 31 2713 '¹
58 2687 107 2741 2',
120 2688 155 2722 3·
184 2706 228 2712 '⁶
256 2689 361 2732 ''⁸²²2''
389 2693 546 2735 Romae,
573 2697 639 2730 ubi
666 2703 707 2730 tu
736 2708 783 2730 es.
814 2718 855 2723 —
883 2697 1088 2730 sinautem.
1130 2693 1269 2739 Figura
1294 2689 1557 2734 ἀποσιώπησις.

6 2748 33 2776 ’-
61 2734 147 2768 vm·
173 2736 327 2771 Rffimh·
355 2739 391 2782 5·
418 2741 501 2782 2⁰6,
530 2743 571 2785 C,
597 2745 631 2786 2,
659 2745 746 2780 Not.
776 2747 806 2779 1.
834 2763 879 2770 —
905 2753 1095 2784 summum,
1123 2739 1337 2775 hochstens.
1365 2742 1467 2777 Crat.
1495 2734 1557 2773 aeft

119 2812 184 2841 Cic.
202 2816 306 2845 Briet'e
327 2826 354 2845 v.
374 2817 500 2846 Billerb.
521 2821 545 2846 t.
1090 2795 1148 2837 19
