1742 3006
540 95 855 140 EPISTOLA
902 97 1076 140 XLVI.
1460 97 1547 144 197

39 241 50 248 .
75 209 210 261 certi,
249 208 436 250 scribam
465 208 522 248 ad
561 212 616 249 te.
676 209 724 250 Si
763 208 849 250 erit
887 210 1191 264 pugnandum,
1230 220 1449 249 arcessam
1490 209 1545 249 ad

75 266 330 306 societatem
360 264 545 306 laboris:
585 265 621 304 si
651 265 772 318 quies
802 263 999 316 dabitur,
1043 267 1096 306 ab
1125 263 1354 306 Amalthea
1381 267 1426 305 te
1456 277 1543 305 non

76 322 371 362 commovebo.
429 320 499 360 De
528 332 576 360 re
606 321 780 374 publica
807 320 1000 361 breviter
1029 321 1084 360 ad
1113 326 1157 362 te
1186 320 1389 363 scribam.
1447 318 1543 360 Iam

74 377 213 426 enim,
261 376 414 417 charta
451 375 548 428 ipsa
586 390 643 416 ne
692 389 770 417 nos
818 375 1003 431 prodat,
1049 377 1323 430 pertimesco.
1392 376 1546 429 Itaque

74 431 281 486 posthac,
320 432 359 472 si
387 435 516 471 erunt
544 430 653 471 mihi
683 433 811 486 plura
840 431 896 472 ad
926 436 970 473 te
1010 432 1262 481 scribenda,
1302 430 1547 482 ἀλληγορίαις

52 489 327 528 obscurabo.
392 486 522 527 Nunc
571 487 745 542 quidem
792 501 906 528 novo
956 487 1146 542 quodam
1193 487 1346 528 morbo
1389 487 1545 529 civitas

75 543 284 591 moritui-3
314 545 384 594 ut,
414 556 545 596 quum
575 557 724 584 omnes
755 557 832 595 ea,
863 556 973 598 quae
1002 547 1102 583 sunt
1131 547 1254 594 acta,
1285 543 1544 596 improbent,

73 603 331 653 querantur,
370 597 569 650 doleant,
610 600 803 640 varietas
833 600 879 639 in
911 613 957 640 re
987 599 1104 639 nulla
1132 600 1191 639 sit
1220 602 1453 652 aperteque
1482 598 1546 639 lo-

72 658 257 709 quantur
286 658 328 694 et
356 653 444 695 iam
475 655 593 695 clare
623 660 821 708 gemant,
861 659 1009 696 tamen
1048 654 1265 695 medicina
1294 653 1412 695 nulla
1442 654 1546 694 affe-

73 713 205 751 ratur.
263 708 419 763 Neque
457 710 573 750 enim
613 711 760 752 resisti
798 710 890 751 sine
928 711 1227 752 internecione
1262 723 1392 764 posse
1433 710 1542 750 arbi-

71 770 260 808 tramur:
298 779 380 806 nee
418 766 643 820 videmus,
689 767 763 822 qui
799 765 904 807 finis
944 766 1130 808 cedendi
1160 770 1336 821 praeter
1365 765 1546 807 exitium

73 820 245 863 futurus
274 821 345 862 sit.
421 820 602 862 Bibulus
640 822 863 864 hominum
893 823 1188 864 admiratione
1218 826 1261 863 et
1287 821 1547 863 benevolen—

72 878 135 918 tia
172 878 218 918 in
255 877 377 918 caelo
416 881 492 919 est.
558 878 724 920 Edicta
763 877 855 918 eius
885 881 929 919 et
959 879 1189 920 conciones
1219 877 1474 918 describunt
1502 881 1548 918 et

71 933 232 987 legunt.
299 931 427 975 Novo
468 934 657 989 quodam
696 947 856 988 genere
884 935 930 975 in
959 947 1171 976 summam
1199 933 1386 988 gloriam
1413 932 1546 975 venit.

71 989 294 1043 Populare
332 1003 446 1030 nunc
483 989 595 1030 nihil
633 994 723 1032 tam
763 993 852 1041 est,
897 1003 1026 1045 quam
1064 990 1216 1031 odium
1256 988 1544 1043 popularium.

70 1043 195 1085 Haec
222 1058 307 1099 quo
337 1045 426 1086 sint
465 1050 695 1101 eruptura,
735 1046 884 1086 timeo.
943 1045 1057 1095 Sed,
1097 1046 1137 1086 si
1181 1044 1402 1100 dispicere
1443 1043 1547 1098 quid

71 1114 285 1155 coepero,
324 1102 516 1142 scribam
557 1102 613 1143 ad
649 1106 694 1143 te
731 1102 936 1156 apertius.
1006 1102 1104 1154 Tu,
1135 1100 1173 1142 si
1202 1115 1273 1142 me
1302 1113 1423 1141 amas
1452 1104 1547 1141 tan-

68 1159 185 1208 tum,
214 1160 422 1211 quantum
450 1157 650 1212 profecto
681 1171 826 1209 amas,
867 1158 1099 1213 expeditus
1130 1157 1269 1198 facito
1299 1161 1347 1197 ut
1376 1157 1466 1205 sis3
1506 1157 1546 1197 si

68 1212 333 1265 inclamaro,
366 1218 415 1254 ut
444 1226 665 1255 accurras.
733 1213 823 1255 Sed
854 1214 911 1254 do
952 1227 1130 1268 operam
1161 1217 1205 1254 et
1234 1213 1372 1263 dabo,
1410 1225 1464 1253 ne
1490 1213 1548 1252 sit

67 1281 258 1309 necesse.
325 1268 459 1318 Quod
487 1271 751 1324 scripseram
793 1274 838 1310 te
877 1270 1061 1311 Furium
1101 1270 1394 1323 scripturum,
1435 1268 1546 1308 nihil

68 1337 248 1365 necesse
279 1329 345 1365 est
372 1330 493 1366 tuum
523 1339 680 1366 nomen
717 1329 901 1366 mutare.
971 1326 1046 1367 Me
1084 1325 1246 1365 faciam
1275 1323 1474 1364 Laelium
1505 1328 1548 1364 et

69 1385 112 1420 te
141 1381 336 1421 Atticum
347 1395 361 1430 3
398 1394 538 1436 neque
567 1386 667 1423 utar
695 1394 792 1423 meo
822 1381 1120 1436 chirographo
1151 1393 1292 1435 neque
1321 1380 1469 1434 signo,
1510 1380 1548 1420 si

68 1497 191 1530 mulae
224 1499 266 1538 (s.
298 1498 452 1531 Ramsh.
486 1501 516 1542 §.
552 1499 630 1534 179.
666 1500 708 1539 Β,
743 1509 775 1538 a,
810 1499 844 1540 4,
871 1499 917 1532 Ν.
944 1499 976 1532 2.
1013 1500 1151 1543 Zumpt
1176 1499 1204 1540 §.
1231 1499 1312 1534 350.
1341 1497 1486 1531 Grotef.
1515 1499 1548 1542 §.

70 1546 171 1587 381.)
218 1545 280 1578 Sic
313 1547 416 1579 Man.
441 1546 629 1590 probante
667 1546 838 1579 Graevio.
866 1547 975 1579 simul
1006 1551 1040 1579 et
1066 1546 1151 1590 quid
1173 1546 1254 1580 Md.
1283 1547 1376 1581 lens.
1403 1546 1486 1581 Asc.
1517 1549 1548 1580 1.

69 1591 170 1625 Vict.
189 1595 220 1626 1.
236 1595 267 1628 2.
295 1594 378 1627 Bos.
394 1593 505 1626 simul
529 1598 567 1627 ut
592 1594 679 1637 qnid
700 1596 830 1627 Lamb.
849 1595 1020 1628 simulac
1041 1595 1126 1639 quid
1150 1595 1258 1627 Rom.
1277 1596 1365 1631 Ern.
1393 1594 1546 1628 Schutz.

71 1640 267 1678 ORELLI.
294 1660 335 1666 ——
365 1651 545 1675 arcessam
572 1649 628 1684 te3
655 1642 726 1675 wie
754 1643 804 1676 im
832 1641 1058 1687 vorhergeh.
1086 1642 1212 1676 Briefe
1237 1644 1264 1687 ξ.
1292 1644 1324 1677 5.

164 1710 196 1743 3.
223 1705 545 1755 ἀλληγορίαις,
571 1709 701 1753 figuris
727 1710 948 1743 sententiam
966 1709 1251 1743 obscurantibus
1276 1721 1302 1743 s.
1332 1710 1456 1744 verbis
1481 1710 1547 1744 8ἱί-

0 1759 9 1786 '¹
71 1768 131 1790 um
156 1768 321 1801 sensum,
359 1769 471 1804 quam
491 1769 618 1814 ‚quem
643 1769 732 1803 prae
759 1769 796 1791 se
819 1759 965 1801 ferunt,
997 1758 1228 1792 habentibus.
1278 1759 1398 1803 Supra
1425 1758 1462 1791 in
1489 1770 1548 1804 ep.

71 1806 185 1840 XLV.
213 1807 281 1839 sub
309 1808 373 1840 fin.
402 1806 441 1839 ἐν
464 1806 645 1850 αινιγμοῖς
681 1806 836 1840 dixerat.
865 1825 909 1831 -—-
947 1806 1076 1839 variet.
1104 1807 1143 1839 in
1170 1817 1208 1840 re
1238 1806 1339 1840 nulla
1371 1807 1439 1848 sit,
1472 1808 1549 1840 nir-

71 1853 190 1898 gends
217 1855 310 1888 iiber
333 1853 464 1899 irgend
497 1854 601 1887 einen
636 1854 756 1887 Punct
793 1855 856 1887 die
887 1854 1079 1900 geringste
1113 1855 1450 1888 Verschiedenheit
1482 1855 1550 1888 der

69 1902 300 1947 Meinnngen
328 1903 508 1936 obwaltet
535 1903 572 1939 d.
600 1903 624 1935 i.
650 1903 735 1936 Alle
761 1903 914 1936 eiuerlei
939 1903 1122 1947 Meinung
1157 1903 1292 1946 hegen.
1321 1922 1365 1928 —-
1402 1914 1467 1936 nec
1492 1909 1550 1936 ta-

69 1961 155 1983 men
179 1952 351 1986 videmus.
389 1969 431 1975 —
467 1950 527 1994 qui
544 1949 636 1991 finis
662 1976 669 1984 .
699 1978 706 1985 .
737 1952 919 1993 ‚futurus
945 1951 1012 1992 sit,
1047 1952 1116 1984 wie
1148 1951 1387 1995 best'andiges
1420 1951 1548 1986 Nach-

71 1999 188 2042 geben
217 1999 295 2031 sich
322 2000 360 2033 in
387 2000 514 2033 Etwas
539 1999 712 2033 auderem
740 2000 791 2033 als
815 2000 868 2033 im
906 1999 1154 2045 allgemeiuen
1188 1999 1406 2033 Vei-derben
1443 1999 1549 2033 endi-

70 2056 139 2090 gen
175 2047 304 2080 konne.

166 2109 197 2142 4.
225 2108 388 2144 Bibulus.
415 2107 450 2141 S.
479 2120 537 2154 ep.
564 2110 673 2150 XLV,
702 2112 735 2146 2.
784 2109 860 2144 Mit
887 2109 955 2142 den
983 2109 1141 2143 {Vorten
1168 2108 1205 2142 in
1233 2109 1331 2142 caelo
1366 2113 1416 2142 est
1439 2108 1551 2154 spielt

0 2145 14 2192 ἵε
71 2155 204 2195 Cicero
231 2156 295 2189 auf
320 2167 375 2201 ep.
402 2155 522 2195 XLII,
550 2159 572 2193 2
605 2158 758 2192 Bibulus
791 2159 836 2190 de
864 2158 968 2191 caelo
993 2163 1074 2190 tum
1100 2163 1279 2191 servasset
1303 2168 1359 2190 an.
1388 2157 1474 2201 vgl.
1502 2170 1548 2190 zu

0 2207 14 2227 '=
69 2204 164 2247 XLI,
189 2206 222 2239 2.
250 2223 293 2228 —
320 2204 466 2237 Edicta.
501 2204 538 2242 S.
567 2217 609 2239 zu
642 2219 699 2252 ep.
738 2208 835 2240 XLV
867 2218 927 2239 arn
964 2205 1080 2239 Eude.
1119 2205 1322 2239 describunt
1357 2209 1392 2238 et
1424 2205 1549 2247 legunt

72 2252 151 2286 scil.
178 2262 315 2286 omnes.
343 2270 387 2277 —-
414 2252 520 2286 Novo
549 2278 557 2287 .
586 2280 593 2288 .
619 2264 776 2298 genere,
803 2266 902 2288 nova
929 2254 999 2286 via.
1028 2271 1069 2276 —
1097 2252 1298 2297 Populare,
1334 2252 1455 2287 durch
1483 2253 1547 2285 das

12 2312 13 2317 ¹
71 2299 172 2334 Volk
200 2301 421 2342 verbreitet‚
448 2301 761 2345 volksthsmssich,
786 2302 1030 2348 popularium,
1057 2301 1124 2336 dei·
1150 2301 1454 2343 Volksthiimle‘r,
1483 2301 1550 2333 der

71 2349 275 2395 popul-{iren
301 2349 436 2382 Partei.
470 2350 503 2382 S.
531 2360 586 2394 ep.
614 2351 671 2389 45,
700 2353 733 2394 2,
757 2351 964 2399 populat-gs·

166 2417 201 2451 5.
231 2427 295 2460 quo
319 2416 393 2450 sint
419 2419 612 2459 eruptura,
646 2416 774 2461 timeo,
811 2418 885 2450 mir
918 2418 967 2450 ist
999 2417 1146 2462 hange,
1181 2416 1308 2451 wohin
1337 2417 1400 2451 das
1427 2414 1549 2448 seinen

75 2463 266 2498 Ausbruch
292 2465 454 2498 nehmen
482 2465 618 2498 werde.
645 2476 710 2509 quo
738 2479 786 2497 Σ
812 2466 850 2499 in
876 2476 986 2511 quem
1006 2466 1144 2499 locuni.
1174 2465 1208 2499 S.
1225 2463 1378 2498 Ramsh.
1407 2462 1440 2506 ἕ.
1468 2464 1550 2504 203,

76 2511 139 2552 lv,
168 2513 199 2553 l,
226 2523 255 2544 a.
281 2529 324 2537 ·—
351 2512 548 2556 dispicere,
574 2513 697 2547 klarer
716 2515 843 2549 sehen.
871 2533 914 2539 --
943 2514 1067 2558 expad.
1087 2514 1171 2556 sac.
1192 2517 1228 2545 ut
1246 2513 1314 2552 εἰς,
1342 2510 1445 2544 halte
1463 2510 1550 2544 dich

76 2559 285 2603 reisefertig
319 2560 353 2592 d.
386 2562 412 2594 i.
445 2561 568 2593 bereit
600 2562 889 2607 herbeizueilen.
939 2562 974 2596 S.
1012 2562 1164 2597 Ramsh.
1199 2563 1229 2604 §.
1259 2561 1338 2598 167,
1366 2560 1400 2594 2.
1438 2559 1485 2593 N.
1515 2562 1548 2595 l.

77 2607 226 2641 Grotef.
255 2608 282 2650 §.
312 2609 390 2649 186,
417 2610 526 2642 Anm.
552 2609 586 2643 2.
639 2605 742 2644 Uber
774 2611 834 2644 die
866 2608 1262 2652 Betheurungssormel
1297 2606 1331 2638 si
1361 2617 1417 2640 me
1450 2617 1551 2639 amas

78 2666 106 2688 s.
132 2654 278 2689 Ramsh.
305 2656 335 2699 ἕ.
363 2657 440 2691 190.
470 2658 575 2691 Anm.
603 2660 635 2692 1.
663 2670 695 2692 c.
724 2677 767 2683 -
795 2662 829 2692 te
854 2659 1002 2693 Furium
1019 2658 1252 2700 scripturum,
1281 2654 1363 2687 dass
1380 2655 1444 2688 Du
1465 2655 1550 2689 soll-

79 2709 152 2735 tcst
178 2709 286 2736 unter
313 2702 396 2736 dem
420 2705 562 2738 Namen
586 2705 720 2740 Furius
750 2718 795 2740 an
823 2707 924 2741 mich
953 2705 1162 2739 schreihen.
1200 2704 1232 2736 S.
1262 2714 1320 2748 ep,
1347 2701 1443 2736 XLV
1468 2713 1551 2749 geg.

16 2767 17 2777 π
81 2751 177 2785 End.
208 2769 247 2776 -
283 2748 548 2796 chirographo,
574 2751 818 2800 χειρογράφῳ,
846 2752 1109 2795 Ηεηάεοίιτίἱῑ,
1138 2752 1266 2799 eigcnc
1293 2751 1411 2785 Hand.
1442 2771 1481 2777 —-
1523 2762 1553 2784 ⁸2
