1742 3006
528 80 842 125 EPISTOLA
886 79 1111 125 CXX-XI.
1195 70 1201 75 ’
1463 85 1556 133 417

71 193 270 236 officium
302 192 522 235 cumulate
551 190 743 233 reddidi.
803 190 957 246 Neque
985 192 1235 235 mehercule
1256 207 1442 250 unquam
1472 200 1553 240 mi-
1589 201 1615 239 2

70 250 117 291 hi
146 251 212 292 tui
242 255 317 291 aut
346 248 522 291 colendi
560 253 635 288 aut
664 248 849 290 ornandi
878 249 1078 289 voluntas
1108 250 1272 293 defuit:
1313 252 1393 294 sed
1423 267 1553 308 quae-

70 307 172 347 dam
202 311 345 361 pestes
373 304 599 346 hominum
624 304 757 346 laude
785 305 928 346 aliena
957 304 1198 347 dolentium
1227 312 1271 348 et
1297 312 1341 350 te
1359 321 1555 351 nonnun-

70 376 201 417 quam
231 375 258 403 a
285 375 355 402 me
391 362 639 401 alienarunt
677 365 721 402 et
756 375 826 402 me
866 360 1100 415 aliquando
1137 362 1423 406 immutarunt
1460 367 1554 409 tibi.

71 419 161 461 Sed
196 418 368 460 exstitit
395 422 567 471 tempus
598 419 793 472 optatum
823 416 933 457 mihi
968 417 1109 470 magis
1148 431 1277 472 quam
1315 425 1553 476 speratum,

72 479 120 516 ut
148 473 477 516 florentissimis
507 473 595 513 tuis
625 474 754 514 rebus
783 486 882 514 mea
909 472 1103 527 perspici
1138 479 1287 528 posset
1318 481 1362 517 et
1390 492 1553 521 memo-

71 532 140 573 ria
168 534 345 572 nostrae
373 528 613 571 voluntatis
645 533 690 570 et
717 529 939 570 amicitiae
967 528 1094 571 fides.
1168 529 1276 572 Sum
1305 533 1420 574 enim
1451 548 1556 576 con-

71 591 244 629 secutus
274 599 360 628 non
388 585 520 627 modo
551 588 599 625 ut
627 584 785 626 domus
813 589 891 626 tua
918 588 1038 637 tota,
1078 584 1159 627 sed
1186 590 1234 628 ut
1263 593 1422 630 cuncta
1450 591 1557 633 civi-

72 648 141 684 tas
186 656 257 683 me
305 642 390 683 tibi
437 641 754 683 amicissimum
800 654 896 684 esse
944 647 1243 696 cognosceret.
1312 645 1469 700 Itaque.
1513 651 1556 689 et

70 698 450 754 praestantissima
478 698 673 739 omnium
716 698 1005 751 seminarum,
1043 710 1157 739 uxor
1185 702 1281 751 tua,
1316 703 1365 742 'et
1394 702 1555 744 eximia

69 755 256 809 pietate,
285 755 473 806 virtute,
504 754 648 808 gratia
675 755 741 795 tui
772 753 925 796 Crassi
953 753 1064 795 meis
1101 755 1322 802 consiliis,
1358 759 1553 812 monitis,

70 811 229 852 studiis
260 810 590 862 actionibusque
620 809 840 851 nituntur:
883 813 927 850 et
955 814 1128 851 senatus
1165 811 1434 867 populusque
1462 813 1555 858 Ro-

70 879 226 908 manus
255 866 463 919 intelligit
503 865 585 909 tibi
616 866 785 907 absenti
813 864 926 906 nihil
956 878 1051 907 esse
1079 869 1170 908 tam
1198 874 1447 921 promptum
1480 875 1555 912 aut

70 927 160 964 tam
191 927 418 977 paratum,
460 933 590 975 quam
621 922 668 962 in
707 921 908 962 omnibus
939 922 1092 972 rebus,
1136 935 1248 976 quae
1291 923 1347 964 ad
1384 928 1428 966 te
1458 939 1556 980 per-

69 980 263 1031 tineant,
304 990 481 1033 operam
512 989 688 1028 curam,
734 976 1010 1031 diligentiam
1049 978 1356 1019 auctoritatem
1396 994 1553 1025 meam.

71 1033 199 1083 Quae
227 1035 316 1076 sint
344 1038 444 1074 acta
473 1045 667 1087 quaeque
697 1038 908 1087 agantur,
939 1031 1282 1074 domesticorum
1304 1035 1384 1076 tibi
1413 1036 1553 1079 literis

72 1090 291 1131 declarari
320 1093 439 1144 puto,
508 1088 579 1129 De.
618 1101 688 1129 me
725 1089 791 1129 sic
820 1089 1044 1129 existimes
1074 1101 1128 1129 ac
1165 1090 1248 1131 tibi
1285 1092 1554 1145 persuadeas

72 1146 353 1187 vehementer
380 1144 535 1196 velim,
575 1157 661 1185 non
699 1158 770 1185 me
801 1144 1028 1199 repentina
1055 1145 1202 1199 aliqua
1228 1147 1454 1190 voluntate
1483 1154 1558 1190 aut

72 1202 255 1244 fortuito
286 1201 342 1242 ad
372 1205 492 1242 tuam
522 1200 858 1254 amplitudinem
879 1200 990 1241 meis
1012 1199 1180 1242 officiis
1210 1203 1557 1257 amplectendam

55 1258 306 1310 dneidisse,
338 1257 439 1307 sed,
469 1259 518 1296 ut
539 1257 732 1310 primum
755 1256 901 1297 sorum
922 1256 1169 1310 attigerim,
1199 1262 1421 1310 spectasse
1442 1273 1557 1302 sem-

73 1328 178 1369 per,
208 1318 256 1355 ut
285 1314 365 1354 tibi
395 1325 571 1366 possem
601 1325 729 1366 quam
759 1312 951 1353 maxime
981 1325 1076 1353 esse
1104 1313 1376 1356 coniunctus.
1454 1316 1555 1366 Quo

2 1363 20 1401 ἒ·
72 1371 249 1424 quidem
279 1383 334 1410 ex
362 1372 563 1422 tempore
592 1368 810 1408 memoria
837 1372 966 1408 teneo
1004 1380 1143 1423 neque
1183 1383 1324 1410 meam
1362 1371 1443 1412 tibi
1481 1373 1557 1414 ob-

72 1425 339 1467 servantiam
378 1437 517 1479 neque
556 1422 665 1464 mihi
702 1427 823 1465 tuam
863 1436 1077 1465 summam
1114 1425 1465 1468 benevolentiam
1504 1441 1557 1470 ac

4 1556 21 1579 „sa
73 1542 169 1576 nach
193 1542 329 1587 Syrien
361 1540 555 1576 abreisete.
589 1539 628 1577 S.
656 1551 714 1588 ep.
741 1542 847 1581 CXX,
873 1543 908 1578 2.
937 1554 972 1575 u.
999 1541 1202 1577 CXLVIII.
1227 1542 1464 1580 Schmieder:
1499 1545 1560 1581 hi-

4 1607 21 1634 r]
73 1597 162 1625 ator.
189 1589 470 1637 philolog-hehe
497 1589 669 1623 Bemerk.
696 1600 765 1623 zur
789 1591 1047 1634 Erlfiuterung
1071 1588 1141 1624 der
1170 1590 1299 1625 Briet'e
1325 1592 1488 1628 Cicero'·
1513 1596 1560 1629 ad

14 1662 22 1682 a
74 1639 224 1674 Divers.
251 1639 374 1673 Hane.
402 1638 506 1672 1799.
534 1656 578 1662 ——-
611 1637 740 1671 eumue.
768 1637 920 1673 reddere
945 1636 1129 1682 officium,
1165 1637 1247 1673 sich
1281 1640 1403 1675 aeiuer
1425 1643 1560 1677 Pflicht

14 1687 23 1704 '⁴
79 1689 174 1723 auf's
199 1686 482 1730 vollstandigste
508 1685 720 1733 erledigen.

173 1737 205 1769 2.
233 1734 437 1768 dolentium.
486 1734 543 1768 Er
577 1733 670 1767 zielt
696 1733 782 1768 hier
807 1731 1066 1768 vei-muthlich
1093 1733 1160 1768 auf
1183 1733 1243 1768 die
1269 1735 1464 1778 Labi-ede,
1498 1739 1558 1774 die

5 1794 23 1814 ’.κ’
75 1781 155 1816 ihm
184 1784 334 1818 Crassus
360 1782 411 1815 im
443 1781 576 1814 Senate
610 1780 789 1828 gehalten
827 1781 952 1820 hatte,
989 1781 1043 1816 als
1078 1782 1279 1828 Pompeius
1310 1797 1398 1820 zum
1432 1793 1558 1822 ersten

76 1831 206 1865 Mahle
234 1829 333 1863 nach
359 1830 480 1863 seiner
506 1828 774 1863 Zuriickkunft
800 1830 851 1863 im
877 1831 1009 1864 Senate
1036 1828 1221 1865 erachien.
1247 1834 1285 1869 5.
1311 1843 1369 1878 ep.
1396 1834 1496 1877 XIX,
1522 1838 1556 1871 3.

76 1897 120 1904 ——
148 1879 305 1920 esstitit,
338 1877 509 1916 advenit,
544 1888 621 1909 nun
654 1878 701 1911 ist
729 1876 970 1924 gekommen.
1005 1895 1050 1902 —-
1077 1878 1230 1917 florent.
1257 1883 1283 1913 t.
1311 1881 1404 1924 reb„
1438 1895 1557 1930 unge-

6 1928 25 1960 :i
76 1926 206 1961 achtet
231 1926 299 1960 der
324 1924 509 1959 hochsten
537 1925 674 1959 Bliithe
702 1925 836 1960 Deines
863 1925 1025 1969 Gliicks,
1057 1935 1117 1960 wo
1143 1938 1231 1960 man
1256 1938 1294 1960 eo
1321 1928 1425 1964 nicht
1450 1929 1556 1967 hatte

11 1989 25 2018 e¹
76 1980 265 2008 erwarten
305 1975 445 2014 sollen,
494 1973 574 2006 dass
621 1974 680 2008 Du
719 1974 864 2007 meinei·
901 1973 1212 2022 Vertheidigung
1256 1974 1476 2012 bediirftest.
1514 2000 1555 2006 —-

10 2022 25 2046 ,¹
74 2034 180 2056 mem.
207 2033 239 2054 η.
264 2022 354 2062 vol„
391 2021 464 2054 wie
491 2020 577 2054 sehr
599 2020 661 2055 ich
688 2021 793 2056 mich
826 2032 984 2057 unserer
1014 2021 1254 2068 ehemaligen
1287 2024 1557 2074 Gesinnungen

83 2081 205 2117 gegen
233 2069 413 2103 einander
434 2069 638 2103 erinnerte.
667 2087 710 2095 -
750 2069 1068 2114 praestantissima
1091 2080 1184 2105 omn.
1208 2071 1327 2113 sem,
1362 2073 1556 2118 Tertullam

76 2119 137 2152 ‹lie
173 2117 417 2150 Galanterien
450 2117 520 2150 mit
554 2117 670 2152 casat-
701 2117 976 2166 abgerechnet,
1013 2117 1074 2152 die
1104 2128 1192 2151 man
1217 2116 1281 2151 ihr
1313 2120 1442 2156 schuld
1469 2124 1555 2168 gab.

76 2167 112 2200 S.
148 2167 297 2199 Sueton.
333 2167 435 2197 Caes.
468 2175 500 2197 c.
541 2165 599 2200 50.
637 2183 679 2190 -—
711 2165 870 2211 pietate,
906 2165 1014 2208 riri„
1046 2169 1149 2208 grat.
1176 2166 1230 2199 tui
1255 2166 1406 2212 Crassi,
1440 2171 1557 2205 Deine

78 2214 199 2249 durch
225 2213 310 2246 ihre
335 2212 512 2258 Tugend‚
538 2212 935 2260 Liebenswiirdigkeit
960 2213 1037 2248 und
1062 2212 1258 2248 kindliche
1274 2215 1386 2250 Liebe
1411 2227 1451 2252 ιο
1477 2231 1557 2252 aus-

79 2260 351 2307 gezeichneten
378 2259 520 2300 soline,
547 2261 699 2294 Marcus
725 2274 761 2298 u,
788 2261 951 2295 Publius.
1001 2261 1180 2295 Ersterer
1203 2273 1285 2296 war
1310 2264 1437 2299 C'a'sars
1463 2265 1558 2309 Qu'a'-

26 2336 27 2342 ,
78 2316 155 2345 ntor
178 2311 219 2344 in
245 2308 394 2342 Gallien
422 2309 466 2350 (s.
496 2310 594 2342 Caes.
619 2309 661 2342 B.
689 2310 789 2343 Gall.
817 2310 867 2351 V,
894 2311 976 2351 24>3
1009 2309 1191 2344 letzterer
1222 2311 1357 2345 reisete
1389 2313 1476 2348 bald
1508 2327 1557 2348 zu

79 2358 220 2392 seinem
249 2357 365 2389 Vater
390 2356 428 2388 in
455 2355 515 2388 die
541 2356 717 2398 Provinz,
755 2367 813 2391 wo
848 2368 890 2389 er
921 2358 997 2390 sein
1022 2357 1150 2391 Leben
1177 2358 1394 2404 gleichfalls
1420 2363 1557 2396 vetlor.

79 2404 114 2439 S.
140 2417 199 2452 ep.
226 2405 276 2447 V,
304 2405 336 2438 8.
362 2403 409 2437 ad
435 2406 534 2438 Fam.
559 2405 748 2446 (CXXXI.)
774 2406 819 2439 de
837 2404 961 2439 Diviu.
982 2405 1032 2446 11,
1050 2405 1083 2440 9.
1101 2405 1206 2440 Brut.
1234 2417 1264 2440 c.
1291 2408 1347 2441 81.
1374 2409 1557 2444 Plutarch.

81 2454 270 2534 (ὀιίῗὶζειῖὶ
285 2453 341 2488 26.
371 2470 413 2476 —
441 2452 617 2494 nituntur,
648 2454 889 2500 Maru-Lag,
917 2451 1002 2487 Sch.
1028 2454 1123 2487 Liin.
1148 2458 1294 2487 utuntur
1318 2462 1450 2490 contra
1477 2458 1557 2504 Md.

176 2550 211 2583 3.
240 2546 447 2589 declarari,
474 2546 560 2581 klar
583 2548 777 2593 gemacht,
806 2548 994 2582 beria-met
1021 2549 1177 2582 werden.
1208 2568 1245 2572 —
1276 2560 1353 2591 rep.
1382 2552 1468 2595 aliq.
1497 2564 1558 2586 1:0-

82 2596 194 2635 lunt..
229 2595 350 2628 durch
376 2596 509 2640 irgend
534 2596 643 2629 einen
671 2596 826 2629 rascheu
853 2596 1084 2630 Entschluss.
1113 2615 1157 2619 --
1184 2598 1374 2638 fortuito,
1407 2601 1560 2635 zufailli-

21 2665 31 2685 ,ἵ
82 2655 151 2689 ger
175 2643 329 2678 Weise.
357 2644 490 2677 Mart.-
502 2644 587 2689 Lag.
613 2643 700 2677 sch.
726 2645 820 2678 Liin.
838 2645 1007 2686 fortuitu
1040 2651 1170 2677 contra
1196 2644 1273 2677 Md.
1303 2662 1344 2669 —
1387 2648 1437 2680 ad
1460 2652 1559 2682 tuam

30 2699 31 2729 g
84 2691 186 2734 ampl.
215 2716 223 2725 .
252 2713 261 2723 .
288 2714 296 2722 .
325 2691 453 2728 incid„
480 2691 559 2725 dass
583 2691 645 2724 ich
673 2692 809 2725 darauf
825 2692 1013 2725 vei-fallen
1039 2692 1131 2724 oder
1146 2690 1330 2738 gen-athen
1358 2695 1430 2734 sei,
1459 2696 1561 2729 Dich

31 2764 33 2768 .
84 2740 150 2772 auf
183 2738 323 2772 Deiner
356 2737 483 2771 hohen
515 2738 631 2772 Stelle
668 2740 718 2771 im
753 2737 874 2772 Stante
908 2751 970 2771 aus
1004 2739 1103 2772 allen
1136 2738 1283 2772 meinen
1316 2741 1474 2776 Krasten
1514 2755 1560 2777 zu

151 2818 212 2843 cae.
231 2818 335 2844 mier-
356 2826 382 2843 v.
404 2816 526 2843 muns.
549 2818 570 2841 ι,
1108 2793 1165 2832 27
