1742 3006
200 89 295 139 300
479 93 542 137 Μ.
573 93 630 137 Τ.
661 84 1001 138 CICERONIS
1031 93 1399 140 EPISTOLAE.

198 218 372 260 negare.
460 204 608 255 Quum
647 206 862 249 venissem
906 206 963 248 ad
1000 208 1173 261 portam
1210 206 1454 261 Capenam,
1511 207 1669 261 gradus

197 262 459 316 templorum
496 261 552 302 ab
589 260 744 304 infima
783 263 907 316 plebe
937 262 1146 316 completi
1174 266 1323 304 erant:
1353 276 1379 304 a
1407 274 1492 318 qua
1519 263 1669 316 plausu

197 318 389 358 maximo
418 329 549 369 quum
578 322 694 359 esset
720 318 833 359 mihi
862 318 1100 373 gratulatio
1129 318 1402 373 significata,
1442 318 1599 365 similis
1627 325 1670 361 et

197 372 451 427 frequentia
489 376 533 413 et
560 373 735 427 plausus
763 387 834 415 me
864 387 998 428 usque
1027 373 1083 415 ad
1112 374 1382 429 Capitolium
1410 374 1668 417 celebravit:

197 429 244 468 in
280 428 465 482 foroque
503 431 549 469 et
586 428 632 469 in
674 429 771 484 ipso
802 429 1025 483 Capitolio
1064 430 1263 471 miranda
1298 429 1531 470 multitudo
1561 428 1668 473 fuit:

196 484 414 537 postridie
440 483 486 523 in
514 488 681 536 senatu,
711 485 785 540 qui
816 485 901 526 fuit
928 485 1022 526 dies
1051 484 1164 527 Non.
1195 485 1468 541 Septembr.‚
1503 487 1670 527 senatui

197 539 364 593 gratias
400 540 582 595 egimus.
669 540 738 582 Eo
778 541 912 582 biduo
950 553 1080 596 quum
1121 545 1235 583 esset
1273 554 1467 583 annonae
1505 554 1673 584 summa

197 588 361 636 caritas
390 600 435 637 et
461 594 662 637 homines
691 596 747 637 ad
775 595 996 638 theatrum
1023 597 1182 650 primo,
1211 596 1369 638 deinde
1389 597 1447 638 ad
1475 600 1671 638 senatum
1735 633 1740 643 ,

197 651 528 693 concurrissent
555 651 744 705 impulsu
773 651 944 702 Clodii;
995 665 1094 693 mea
1131 666 1266 707 opera
1293 652 1503 694 frumenti
1531 653 1671 707 inopi-

198 719 272 748 am
310 720 404 749 esse
433 708 698 758 clamarent3
755 721 886 804 quum
923 721 1002 762 per
1045 721 1120 749 eos
1158 708 1252 749 dies
1281 712 1456 750 senatus
1502 708 1556 750 de
1595 722 1671 750 an-

196 775 314 804 nona
356 762 594 804 haberetur
632 766 678 804 et
726 775 752 804 a
822 764 914 805 eius
952 764 1306 818 procurationem
1344 777 1545 805 sermone
1584 778 1673 805 non

196 818 338 859 solum
378 818 547 873 plebis,
585 829 737 860 verum
764 819 899 861 etiam
928 819 1141 861 bonorum
1169 819 1412 874 Pompeius
1439 823 1673 861 vocaretur

195 873 328 928 idque
355 874 451 930 ipse
480 878 680 930 cuperet,
727 875 1048 930 multitudoque
1077 889 1104 918 a
1132 889 1202 917 me
1229 875 1513 926 nomin-atim,
1551 878 1600 916 ut
1626 875 1673 915 id
1737 896 1740 900 ·

196 928 507 984 decernerem,
536 932 800 985 postularett
842 931 930 973 feci
959 935 1002 972 et
1031 935 1238 973 accurate
1267 931 1527 973 sententiam
1556 931 1670 981 dixi3

196 999 328 1041 quum
367 988 566 1029 abessent
602 987 878 1041 consulares,
923 986 1040 1041 quod
1078 990 1172 1029 tuto
1212 1000 1260 1028 se
1299 990 1511 1041 negarent
1545 999 1673 1039 posse

197 1044 460 1084 sententiam
494 1043 666 1095 dicere,
711 1046 889 1097 praeter
928 1042 1169 1084 Messalam
1209 1046 1253 1084 et
1280 1043 1529 1085 Afranium.
1587 1043 1670 1084 Fa-

196 1102 318 1139 ctum
357 1102 424 1140 est
450 1102 624 1140 senatus
654 1099 897 1141 consultum
926 1098 973 1139 in
1001 1112 1142 1140 meam
1171 1099 1453 1153 sententiam,
1497 1101 1546 1140 ut
1574 1112 1674 1139 cum

195 1153 414 1209 Pompeio
443 1157 663 1209 ageretur,
692 1158 741 1196 ut
769 1166 866 1195 eam
896 1167 989 1196 rem
1019 1155 1262 1209 susciperet
1281 1155 1438 1209 lexque
1458 1154 1670 1196 ferretur:

195 1223 283 1264 quo
321 1212 494 1251 senatus
532 1209 732 1251 consulto
761 1211 947 1251 recitato
976 1223 1106 1264 quum
1136 1211 1307 1263 concio,
1337 1224 1460 1252 more
1490 1209 1576 1250 hoc
1604 1210 1671 1250 in-

193 1265 360 1307 insulso
391 1269 435 1307 et
461 1277 598 1318 novo,
647 1266 846 1320 plausum
874 1279 972 1306 meo
1000 1266 1175 1307 nomine
1205 1266 1435 1307 recitando
1465 1265 1670 1318 dedisset,

193 1319 328 1362 habui
365 1322 646 1363 concionem:
693 1334 843 1363 omnes
882 1320 1164 1374 magistratus
1203 1323 1456 1376 praesentes
1497 1324 1672 1376 praeter

196 1390 328 1418 unum
357 1381 608 1432 praetorem
637 1377 682 1418 et
710 1377 821 1418 duos
848 1376 1046 1418 tribunos
1064 1377 1202 1431 plebis
1218 1376 1445 1419 dederunt.
1502 1377 1674 1418 Postri-

194 1432 270 1474 die
308 1438 483 1475 senatus
521 1432 727 1487 frequens
768 1436 815 1474 et
851 1444 1001 1474 omnes
1030 1433 1280 1474 consulares
1318 1432 1427 1474 nihil
1455 1431 1672 1486 Pompeio

193 1489 432 1543 postulanti
469 1493 696 1542 negarunt.
763 1488 846 1529 Ille
884 1489 1050 1542 legatos
1078 1489 1325 1543 quindecim
1362 1502 1495 1543 quum
1526 1491 1673 1542 postu-

196 1545 339 1594 laret,
389 1558 461 1586 me
491 1544 736 1599 principem
766 1544 1007 1585 nominavit
1047 1548 1091 1585 et
1127 1545 1185 1586 ad
1215 1545 1361 1585 omnia
1389 1558 1459 1584 me
1488 1545 1673 1584 alterum
1700 1548 1703 1549 ’

194 1613 244 1641 se
273 1600 371 1642 sore
399 1600 525 1642 dixit.
581 1599 747 1655 Legem
776 1601 976 1641 consules
1005 1601 1383 1654 conscripserunt,
1425 1612 1509 1654 qua
1537 1600 1672 1640 Pom-

194 1657 294 1711 peio
332 1669 412 1711 per
447 1656 787 1710 quinquennium
828 1657 970 1696 omnis
1012 1659 1203 1709 potestas
1254 1657 1320 1696 rei
1358 1655 1672 1696 frumentariae

195 1716 289 1753 toto
320 1713 425 1754 orbe
452 1716 670 1753 terrarum
699 1711 900 1753 daretur:
956 1711 1139 1752 alteram
1169 1708 1388 1764 Messius,
1428 1712 1502 1765 qui
1532 1712 1671 1753 omnis

198 1873 243 1882 —-
266 1860 362 1900 port.
390 1856 501 1900 Cap„
533 1869 664 1891 wovon
693 1857 775 1891 eine
801 1856 941 1890 strasse
966 1856 1062 1890 nach
1090 1859 1211 1902 Capua
1238 1856 1386 1898 subt-te,
1413 1855 1511 1889 auch
1543 1856 1670 1890 trium-

193 1904 318 1948 phalis
350 1912 532 1949 genennt,
581 1907 664 1939 weil
709 1907 769 1939 die
808 1905 1134 1950 triumphirenden
1176 1905 1382 1938 Feldherrn
1425 1904 1543 1937 durch
1577 1905 1673 1937 diess

195 1953 304 1986 Thor
329 1952 437 1986 ihren
463 1954 614 1999 Einzug
640 1954 797 1987 liielten.
815 1972 863 1978 —
887 1954 981 1987 Non.
998 1953 1112 1997 Sept.‚
1141 1965 1200 1986 am
1227 1954 1314 1988 δῖοι]
1334 1953 1552 1998 September
1577 1952 1671 1987 hielt

196 2011 237 2035 er
262 2001 322 2034 die
349 2000 482 2034 Oratio
505 2009 592 2047 post
617 2003 779 2035 reditum
805 2001 842 2034 in
868 2003 1019 2037 Senatu.

293 2063 326 2097 6.
351 2060 431 2095 mezi
445 2061 570 2106 operti,
597 2062 719 2096 durch
744 2064 864 2096 meine
883 2062 1036 2100 Schuld.
1055 2082 1097 2088 —
1115 2067 1150 2096 ue
1176 2063 1216 2096 id
1239 2063 1476 2100 decernerem,
1504 2061 1582 2094 dass
1609 2062 1671 2095 ich

196 2109 331 2143 darauf
354 2114 526 2158 antriige.
566 2129 610 2136 -
645 2116 818 2144 accurate
841 2112 1047 2144 sententiam
1073 2112 1172 2152 dixi,
1199 2111 1265 2143 ich
1290 2112 1388 2154 legte
1413 2110 1474 2142 ein
1502 2111 1672 2143 aussiihr-

195 2157 318 2191 liches
346 2159 484 2191 Votum
510 2158 673 2193 darnber
698 2159 749 2192 im
776 2160 908 2192 Senate
935 2159 992 2192 ab.
1012 2177 1054 2183 —
1082 2159 1250 2192 Messala
1275 2170 1309 2192 ιι.
1337 2157 1522 2202 Afranius
1549 2170 1670 2192 waren

198 2206 362 2239 Consuln
389 2217 567 2250 gewesen‚
594 2214 711 2240 erster
735 2209 817 2247 693,
845 2208 976 2240 letzter
1008 2208 1091 2242 694.
1121 2225 1165 2231 —
1214 2208 1338 2250 lexque
1361 2207 1558 2247 serretur,
1597 2207 1671 2239 und
1732 2245 1738 2251 ¹

197 2254 261 2287 das
288 2254 451 2287 daruber
476 2266 519 2288 zu
544 2256 780 2289 versassende
806 2256 939 2290 Gesetz
965 2254 1050 2287 dem
1078 2255 1193 2288 Volke
1217 2266 1280 2287 zur
1297 2254 1539 2298 Bestiitigung
1563 2255 1670 2287 sollte

199 2303 388 2347 vergelegt
423 2303 586 2337 werden.
619 2322 663 2328 —
705 2303 828 2337 concio
854 2317 902 2334 z
928 2304 1097 2348 populus,
1124 2314 1196 2336 was
1222 2303 1303 2335 sicli
1330 2302 1368 2334 in
1395 2301 1495 2337 vict.
1525 2304 1555 2336 1.
1582 2303 1670 2337 Asc.

197 2352 234 2387 2.
262 2350 389 2384 findet.
419 2368 461 2374 -—-
485 2350 636 2392 insulso,
662 2352 743 2385 Asc.
771 2353 803 2387 2.
832 2352 936 2388 Crat.
962 2352 1110 2392 insueto,
1137 2362 1209 2384 was
1233 2351 1310 2384 wol
1336 2350 1419 2381 eine
1446 2350 1577 2382 Glosse
1601 2361 1671 2382 von

198 2409 287 2432 novo
312 2399 373 2431 ist.
402 2416 445 2423 ·—
471 2408 546 2431 meo
570 2400 710 2433 nomine
734 2400 936 2440 recitando,
970 2399 1032 2432 bei
1056 2400 1235 2442 Nennung
1260 2398 1401 2431 meines
1427 2398 1600 2430 Namens.
1628 2417 1667 2423 -

199 2447 398 2480 concionem
421 2446 468 2479 ad
493 2448 688 2491 populum.
713 2466 761 2472 -
783 2450 1013 2490 praesentes,
1046 2446 1107 2478 die
1135 2447 1192 2480 bis
1219 2447 1283 2479 auf
1307 2446 1414 2478 einen
1440 2447 1573 2479 Prator
1600 2445 1672 2478 und

200 2495 295 2527 zwei
319 2494 608 2527 Volkstribunen
633 2496 890 2542 gegenw‘a‘rtig
915 2506 1047 2527 waren.
1075 2513 1119 2519 —
1170 2495 1358 2535 dederunt,
1391 2493 1522 2526 hatten
1550 2505 1587 2528 es
1611 2504 1670 2538 ge-

200 2542 380 2586 nehmigt‚
407 2543 487 2575 dass
512 2543 575 2575 ich
601 2543 697 2576 diese
723 2543 820 2577 Reda
852 2547 927 2576 an's
951 2543 1047 2576 Volk
1078 2542 1181 2576 hielt.
1234 2540 1365 2575 Oratio
1400 2548 1485 2584 post
1513 2542 1671 2576 reditum

201 2589 247 2622 ad
275 2591 458 2635 Quirites!
508 2591 580 2623 Pro
605 2591 773 2624 dederunt
797 2592 877 2627 Md.
906 2603 938 2626 a.
964 2602 1036 2624 sec.
1063 2602 1173 2623 manu
1199 2591 1444 2623 decreverunt.

297 2655 329 2687 7.
356 2653 405 2686 ad
428 2651 550 2686 omnia
575 2663 631 2685 me
657 2651 860 2685 alterum
885 2663 930 2685 se
947 2653 1051 2695 sore,
1080 2652 1161 2685 dass
1178 2652 1241 2684 ich
1257 2651 1294 2684 in
1314 2650 1432 2684 Auem
1446 2649 1506 2683 ein
1525 2650 1672 2683 zweiter

202 2699 253 2731 Er
272 2701 346 2732 sein
367 2700 488 2733 sollte.
517 2704 550 2733 et
566 2700 708 2733 omnino
726 2700 877 2734 alterum
896 2700 1107 2745 deMalasp.
1123 2701 1217 2732 coni.
1235 2699 1365 2733 Lamb.
1394 2699 1480 2742 Vgl.
1504 2710 1559 2743 ep.
1577 2699 1671 2738 vost.

205 2765 246 2772 -
261 2747 302 2781 C.
329 2748 500 2789 Messius,
525 2749 692 2783 tribunus
717 2748 845 2793 plebis.
872 2767 906 2775 -
926 2748 985 2790 qui
1002 2773 1033 2780 ..
1055 2748 1236 2790 adiungit,
1265 2747 1331 2780 der
1353 2745 1433 2779 ilun
1461 2745 1671 2780 auchVoll-
