1742 3006
214 53 306 101 251
463 53 465 56 ’
494 55 558 99 Μ.
591 55 646 99 Τ.
683 53 1026 102 CICERONIS
1057 58 1428 106 EPISTOLAE.

488 195 806 242 EPISTOLA
835 200 1014 243 LXIV.
1073 200 1190 252 (Att.
1221 202 1307 244 III.
1339 204 1426 254 10.)

272 273 354 308 Ser.
380 270 669 307 Thessalonicae
693 273 792 310 xlv.
819 274 900 309 Kal.
929 272 1052 316 Quint.
1092 273 1135 308 Α.
1162 276 1207 311 U.
1237 277 1275 310 C.
1303 277 1384 314 696.
1411 278 1458 321 (a.
1485 280 1525 313 C.
1551 281 1627 324 58.)

210 341 352 376 Scribit
377 352 428 383 se,
456 342 639 387 quoniam
664 341 776 376 amici
805 342 934 386 velint,
961 342 1056 375 bene
1083 341 1131 376 de
1146 343 1299 378 fortuna
1317 356 1382 379 sua
1400 353 1646 391 speraturam.
1664 353 1694 385 1.

210 401 314 424 suam
339 395 464 422 tamen
494 390 746 424 calamitatem
771 390 825 424 ita
850 401 1022 434 magnam
1048 401 1146 435 esse,
1182 399 1223 425 ut
1257 393 1302 426 ab
1330 394 1460 428 Attico
1483 397 1611 441 potius
1636 409 1696 432 re·

301 436 478 471 levandus
505 450 615 485 quam
641 439 689 473 ob
715 438 833 472 animi
859 439 1124 472 infirmitatem
1149 440 1399 487 obiurgandus
1423 443 1482 477 sit.
1509 445 1601 480 2-3.

703 505 889 540 CICERO
938 504 1120 541 ATTICO
1170 507 1204 542 S.

314 568 431 611 Acta
458 580 573 622 quae
603 571 754 610 essent
782 580 921 622 usque
951 580 991 610 a.
1023 567 1065 610 d.
1096 580 1191 611 vm.
1222 569 1328 612 Kal.
1371 569 1470 612 Iun.
1500 573 1695 626 cognovi

204 636 263 664 ex
305 625 395 665 tuis
439 624 602 665 literis.
662 623 864 678 Reliqua
900 625 1244 679 exspectabam,
1275 630 1325 668 ut
1354 627 1438 668 tibi
1469 628 1693 682 placebat,

203 678 586 721 Thessalonicae:
627 679 787 734 quibus
826 678 1008 733 allatis,
1060 679 1244 722 facilius
1284 685 1479 724 statuere
1518 687 1693 737 potem,

202 735 278 776 ubi
308 735 405 777 sim.
463 734 594 787 Nam,
624 736 664 776 si
694 735 784 777 erit
812 748 961 788 causa,
991 736 1031 776 si
1060 736 1170 790 quid
1199 740 1371 791 agetur,
1401 738 1441 779 si
1471 751 1596 792 spem
1623 740 1691 781 vi-

201 790 338 844 dero,
389 794 464 832 aut
502 791 672 832 ibidem
702 791 912 847 opperiar
952 795 1029 833 aut
1057 805 1128 833 me
1158 791 1216 833 ad
1246 797 1291 833 te
1321 791 1577 835 conferam:
1606 796 1691 848 sin,

202 850 253 887 ut
290 851 341 887 tu
382 847 572 899 scribis,
620 847 710 889 ista
750 847 1028 899 evanuerint,
1058 847 1236 902 aliquid
1266 848 1394 889 aliud
1421 848 1688 893 videbimus.

202 901 400 944 Omnino
430 902 581 945 adhuc
610 902 728 944 nihil
758 902 873 944 mihi
920 902 1217 957 significatis,
1277 904 1366 945 nisi
1414 903 1691 947 discordiam

200 959 415 1000 istorum:
468 971 582 1013 quae
621 965 768 1000 tamen
800 959 919 999 inter
948 972 1023 1000 eos
1055 959 1111 1000 de
1141 959 1344 1000 omnibus
1374 960 1524 1014 potius
1554 962 1686 1003 rebus

199 1016 270 1054 est
309 1028 443 1068 quam
483 1014 540 1057 de
569 1028 653 1057 me.
711 1013 896 1069 Itaque,
940 1014 1052 1069 quid
1090 1028 1142 1056 ea
1170 1014 1286 1056 mihi
1315 1015 1486 1071 prosit,
1516 1017 1686 1058 nescio.

199 1067 290 1111 Sed
320 1075 492 1120 tamen,
545 1070 693 1124 quoad
723 1083 793 1111 me
821 1083 901 1111 vos
932 1083 1113 1125 sperare
1143 1071 1308 1122 vultis,
1359 1071 1487 1113 vobis
1518 1073 1686 1113 obtem-

134 1134 160 1172 2
200 1126 378 1179 perabo.
463 1124 581 1166 Nam
621 1125 742 1180 quod
780 1139 849 1166 mc
889 1129 982 1166 tam
1021 1139 1154 1180 saepe
1195 1130 1240 1168 et
1278 1131 1370 1167 tam
1398 1126 1687 1170 vehementer

196 1180 406 1234 obiurgas
447 1184 494 1222 et
532 1180 681 1222 animo
720 1180 901 1221 infirmo
941 1194 1037 1222 esse
1078 1182 1217 1223 dicis:
1280 1195 1470 1236 quaeso,
1512 1184 1686 1239 ecquod

195 1239 368 1277 tantum
398 1237 565 1276 malum
595 1240 688 1288 est,
719 1236 839 1291 quod
869 1237 916 1276 in
944 1250 1044 1278 mea
1071 1238 1329 1279 calamitate
1359 1252 1447 1279 non
1477 1239 1564 1280 sit?
1615 1253 1687 1280 ec-

195 1292 296 1346 quis
326 1305 520 1346 unquam
551 1295 644 1333 tam
674 1304 733 1332 ex
774 1293 925 1345 amplo
967 1296 1110 1344 statu,
1165 1297 1258 1334 tam
1297 1294 1346 1333 in
1383 1294 1500 1334 bona
1538 1307 1686 1346 causa,

194 1347 336 1388 tantis
366 1346 659 1389 facultatibus
689 1347 885 1400 ingenii,
917 1348 1125 1400 consilii,
1156 1348 1356 1403 gratiae,
1387 1348 1526 1389 tantis
1555 1363 1685 1404 prae-

193 1403 326 1444 sidiis
355 1404 573 1444 bonorum
600 1403 800 1444 omnium
831 1403 1060 1444 concidit?
1117 1403 1309 1445 Possum
1339 1404 1576 1458 oblivisci,
1607 1406 1684 1460 qui

192 1457 382 1500 fuerim?
428 1472 518 1500 non
547 1460 732 1510 sentire,
762 1459 839 1513 qui
868 1459 979 1500 sim?
1027 1472 1115 1513 quo
1146 1473 1323 1501 caream
1352 1458 1552 1501 honore?
1596 1473 1684 1516 qua

192 1514 368 1569 gloria?
397 1515 557 1569 quibus
587 1514 771 1556 liberis?
801 1515 961 1569 quibus
982 1513 1203 1557 fortunis?
1233 1529 1321 1569 quo
1347 1514 1518 1557 fratre?
1548 1530 1680 1570 quem

193 1584 278 1625 ego
314 1593 370 1600 —
408 1575 459 1612 ut
496 1583 659 1613 novum
698 1570 973 1611 calamitatis
1014 1584 1153 1625 genus
1193 1570 1400 1612 attendas
1451 1593 1506 1599 —
1547 1585 1682 1626 quum

191 1626 335 1680 pluris
365 1625 563 1668 facerem
591 1640 726 1682 quam
754 1640 824 1667 me
855 1627 1000 1679 ipsum
1031 1639 1292 1680 semperque
1331 1624 1565 1679 fecissem,
1612 1628 1681 1669 vi-

190 1682 299 1734 tavi,
329 1695 384 1722 ne
413 1682 631 1734 viderem,
670 1695 725 1722 ne
755 1685 832 1722 aut
861 1681 989 1721 illius
1021 1681 1191 1722 luctum
1220 1681 1563 1737 squaloremque
1603 1682 1680 1723 ad-

191 1738 415 1792 spicerem
452 1741 530 1779 aut
563 1751 657 1791 me,
708 1750 840 1792 quem
880 1737 962 1777 ille
1007 1736 1379 1778 florentissimum
1418 1738 1680 1792 reliquerat,

286 1884 318 1917 1.
345 1893 422 1928 usq.
449 1894 483 1916 a.
509 1882 541 1916 d.
572 1882 682 1917 VIII.
711 1882 798 1918 Kal.
824 1882 916 1924 Izm,
942 1882 999 1916 bis
1026 1894 1114 1916 zum
1139 1882 1266 1918 25sten
1294 1882 1383 1916 Mai.
1434 1883 1496 1916 Sic
1529 1884 1676 1930 scripsi.

189 1929 239 1964 ad
270 1932 367 1965 Cett.
403 1930 602 1967 ORELLI.
631 1949 676 1956 -·
726 1941 824 1974 exsp.
866 1931 939 1964 Das
970 1931 1122 1976 imperf.
1158 1931 1221 1963 des
1253 1930 1453 1965 Briefstils.
1480 1949 1524 1956 —·
1575 1942 1676 1966 evan.

187 1979 295 2013 Amb.
325 1979 379 2015 16.
406 1979 502 2013 Iens.
531 1983 681 2013 AscenS.
711 1981 746 2013 1.
776 1982 1002 2011 evanuerunt.
1032 1997 1078 2002 —
1115 1978 1190 2020 sin,
1216 1983 1253 2012 ut
1281 1983 1318 2012 tu
1342 1978 1476 2012 scribis
1500 1978 1587 2023 (wie
1614 1980 1676 2013 die

186 2027 611 2071 Meistenlesen)‚wenn
623 2028 722 2066 aber,
743 2026 836 2059 nach
848 2027 956 2068 Dem,
981 2038 1052 2059 was
1071 2028 1130 2060 Du
1149 2028 1221 2059 mir
1245 2026 1441 2069 schreibst,
1463 2038 1510 2060 zu
1529 2027 1674 2060 urthei-

187 2075 292 2108 len.“
316 2076 425 2110 Diess
442 2076 511 2110 soll
538 2075 647 2109 nicht
673 2085 801 2119 sagen,
829 2074 908 2107 dass
922 2074 1004 2107 ihm
1023 2075 1174 2108 Attikus
1195 2075 1312 2108 durch
1331 2075 1458 2109 seinen
1476 2075 1584 2108 Brief
1601 2076 1674 2109 alle

188 2123 384 2169 Hoffnung
414 2124 571 2165 nahme3
622 2123 786 2157 sondern
828 2121 906 2156 dass
943 2123 1076 2156 Cicero
1120 2134 1182 2156 aus
1218 2122 1301 2156 dem
1346 2123 1672 2168 hoffnungsvollen

187 2170 395 2205 Schreibcn
429 2173 622 2206 desselben
661 2171 760 2205 doch
795 2170 904 2203 keine
937 2171 1165 2215 eigentliche
1190 2171 1384 2216 Hoffnung
1418 2171 1586 2216 schopfe.
1637 2171 1672 2204 S.

189 2218 397 2254 denselben
432 2220 606 2254 Gedank.
643 2231 702 2266 ep.
729 2219 878 2259 LXVII,
904 2220 925 2253 2
951 2219 1018 2251 etsi
1047 2220 1125 2252 scio
1154 2225 1243 2253 cett.
1319 2219 1504 2252 Desshalb
1539 2219 1675 2253 bedarf

189 2278 226 2300 es
259 2267 386 2301 keiner
411 2270 648 2313 Versetzung
683 2268 805 2301 dieser
829 2268 962 2301 VVorte
994 2279 1064 2300 vor
1098 2278 1153 2300 me
1187 2268 1237 2301 ad
1260 2272 1294 2300 te
1319 2268 1528 2309 conferam,
1579 2267 1671 2300 oder

188 2315 384 2361 folgender
411 2317 643 2361 Versetzung
668 2316 743 2349 und
768 2315 1074 2361 Interpunction:
1102 2316 1150 2348 ad
1175 2319 1207 2347 te
1233 2316 1436 2357 conferam,
1461 2319 1499 2348 ut
1514 2319 1552 2348 tu
1577 2315 1669 2348 scri-

189 2364 267 2397 bis.-
292 2365 348 2398 sin
377 2371 460 2408 cet.,
488 2364 629 2399 welche
656 2364 718 2397 bei
743 2364 885 2397 Schiitz
911 2363 991 2397 sich
1019 2363 1219 2397 vorfindet.
1238 2381 1281 2388 -·
1309 2364 1356 2396 ad
1380 2366 1427 2402 te,
1455 2363 1551 2395 nach
1577 2363 1669 2406 Epi-

188 2423 263 2445 rus.
312 2412 346 2446 S.
375 2424 432 2459 ep.
459 2413 575 2454 LXII,
599 2415 632 2448 3.
660 2432 703 2437 —
738 2413 823 2456 aliq.
849 2412 897 2445 al.
927 2412 1009 2452 rid„
1036 2423 1075 2444 so
1102 2412 1232 2445 wollen
1258 2411 1329 2444 wir
1353 2411 1420 2454 auf
1443 2411 1574 2444 Etxvas
1601 2421 1666 2443 an-

188 2460 295 2494 deres
320 2461 478 2495 denken.
508 2481 552 2486 -
578 2462 741 2500 istorum,
770 2460 948 2502 Caesaris,
975 2460 1158 2505 Pompeii,
1188 2459 1310 2492 Clodii
1337 2465 1409 2491 cet.

281 2528 314 2562 2.
361 2529 453 2572 quod
478 2553 486 2562 .
514 2553 522 2561 .
550 2555 557 2563 .
585 2527 781 2571 obiurgas,
831 2539 903 2561 was
937 2527 1056 2560 Deine
1082 2552 1089 2559 .
1116 2552 1124 2560 .
1152 2551 1159 2558 .
1188 2525 1388 2560 Vorwiirse
1436 2524 1595 2556 betrifft.
1623 2541 1665 2547 -—

177 2574 312 2615 facult.
340 2600 347 2606 .
377 2601 384 2610 .
411 2576 566 2615 consilii,
594 2576 653 2609 bei
681 2588 720 2609 so
746 2587 896 2619 grosseti
919 2574 1180 2619 Hiilfsquellen
1208 2600 1216 2607 .
1247 2600 1254 2607 .
1280 2572 1423 2606 meiner
1435 2570 1666 2614 Erfahrung.

188 2640 231 2645 -—
258 2624 418 2665 praesid.
445 2625 589 2666 bonor„
615 2624 677 2657 bei
703 2624 873 2657 solchem
899 2623 1117 2664 Beistande‚
1155 2622 1222 2654 den
1250 2622 1324 2654 mir
1350 2620 1411 2652 die
1438 2619 1664 2665 Gutgesinn-

186 2677 247 2701 ten
274 2672 452 2705 leisteten.
506 2671 634 2717 Vergl.
663 2683 719 2716 ep.
748 2673 885 2713 LXIII,
913 2673 945 2707 6.
998 2690 1040 2695 -
1089 2671 1212 2713 pluris
1238 2670 1391 2711 aliquem
1407 2666 1663 2711 semera-‚sich
1726 2684 1730 2687 -

187 2718 292 2749 mehr
321 2731 383 2752 ans
411 2721 542 2753 Einem
571 2720 746 2762 machon,
774 2721 889 2754 Einen
918 2719 1033 2753 hohor
1059 2719 1240 2750 scltiitzcn
1266 2716 1338 2749 und
1374 2716 1507 2749 lit-ben.
1560 2713 1661 2745 Uber
