1742 3006
178 75 275 123 222
384 137 389 140 ἱ
461 76 522 120 Μ.
553 77 609 120 Τ.
641 74 981 121 CICERONIS
1009 73 1383 123 EPISTOLAE.

176 190 250 232 dis
277 211 336 222 ·-
373 191 423 230 ut
458 199 593 242 saepe
630 187 690 229 ad
730 190 776 229 te
803 186 978 242 ‘scripsi
1007 209 1059 218 --
1088 188 1276 230 nimium
1304 190 1350 230 te
1378 189 1658 234 exorabilem

177 245 439 305 praebuisti.
506 243 645 285 Tolle
673 256 851 297 omneS,
879 245 919 284 si
948 248 1101 298 potes,
1130 245 1334 300 iniquas,
1373 244 1488 286 tolle
1517 245 1659 293 inusi-

176 307 310 354 tatas,
338 300 452 342 tolle
483 299 746 342 contrarias.
796 299 971 341 Statius
999 298 1115 341 mihi
1143 301 1349 342 narravit
1376 301 1570 357 scriptas
1599 302 1658 345 ad

176 363 221 400 te
250 358 400 399 solere
429 355 600 408 afferri,
628 356 685 397 ab
713 369 761 397 se
791 355 907 410 legi:
946 358 1007 408 et,
1045 356 1087 397 si
1116 356 1299 412 iniquae
1328 356 1444 409 sint,
1481 355 1584 398 fieri
1613 363 1660 400 te

174 413 445 461 certiorem3
495 415 736 467 antequam
773 424 883 453 vero
921 410 1019 466 ipse
1058 411 1116 454 ad
1146 417 1190 454 te
1218 411 1440 462 venisset,
1486 412 1659 454 nullum

173 469 400 509 delectum
429 467 666 509 literarum
695 466 858 508 fuisse:
907 479 968 508 ex
997 479 1050 508 eo
1080 481 1177 510 esse
1206 468 1439 510 volumina
1466 468 1659 510 selecta-

176 538 273 565 rum
301 523 607 579 epistolarum,
636 536 749 578 quae
779 521 1052 577 reprehendi
1082 524 1294 566 solerent.
1362 523 1465 565 Hoc
1495 523 1552 565 de
1581 537 1658 579 ge-

173 593 279 622 nere
318 579 437 621 nihil
477 585 522 621 te
559 592 678 623 nunc
716 578 900 634 quidem
938 592 1119 629 mone03
1175 593 1276 622 sero
1317 582 1389 621 est
1416 579 1559 622 euim:
1603 592 1659 622 ac

171 637 290 678 scire
328 639 456 690 potes
495 635 640 677 multa
676 648 747 676 me
774 634 902 676 varie
931 633 1265 691 diligenterque
1292 636 1533 677 monuisse.
1591 635 1657 676 11-

172 692 251 733 lud
282 695 453 744 tamen,
493 689 614 745 quod
642 690 938 745 Theopompo
967 690 1202 743 mandavi,
1239 703 1376 746 quum
1404 704 1549 732 essem
1577 690 1659 732 ad-

170 747 367 789 monitus
396 746 452 787 ab
480 746 596 801 ipso,
625 746 730 788 vide
758 759 840 801 per
868 744 1074 788 homines
1103 751 1304 788 amantes
1332 745 1415 799 tui,
1444 745 1567 801 quod
1589 750 1658 788 est

170 803 334 856 facile,
391 805 442 843 ut
479 800 593 843 haec
630 815 797 857 genera
833 801 1056 844 tollantur
1099 802 1416 857 epistolarum,
1462 801 1657 861 primum

170 860 444 914 iniquarum,
475 857 640 899 deinde
670 858 1014 910 contrariarum,
1045 861 1139 899 tum
1159 856 1352 899 absurde
1373 861 1419 898 et
1440 856 1656 899 inusitate

168 916 465 970 scriptarum,
515 918 741 969 postremo
779 914 826 955 in
855 913 1050 968 aliquem
1080 913 1520 956 contumeliosamm.
1575 913 1657 954 At-

168 985 255 1027 que
284 984 366 1026 ego
396 968 510 1011 haec
538 974 630 1011 tam
659 983 772 1022 esse,
800 982 932 1024 quam
960 969 1110 1022 audio,
1141 983 1229 1011 non
1250 972 1388 1025 puto:
1417 971 1463 1010 et
1491 968 1532 1009 si
1552 972 1656 1010 sunt

167 1027 538 1082 occupationibus
585 1025 677 1067 tuis
717 1025 864 1066 minus
890 1025 1234 1078 animadversa,
1290 1037 1409 1066 nunc
1447 1024 1654 1079 perspice

168 1087 215 1124 et
243 1095 397 1138 purga.
482 1081 599 1136 Legi
641 1081 903 1136 epistolam,
948 1094 1080 1136 quam
1119 1082 1217 1136 ipse
1257 1080 1494 1135 scripsisse
1523 1079 1654 1122 Sulla

168 1139 477 1181 nomenclator
506 1137 656 1178 dictus
695 1139 778 1190 est,
807 1149 896 1178 non
925 1137 1223 1192 probandam:
1281 1137 1374 1191 legi
1413 1136 1653 1177 nonnullas

167 1285 205 1318 in
226 1284 372 1318 Deinen
398 1281 620 1326 Rescripten
646 1278 731 1313 hest
755 1280 818 1314 Du
844 1280 943 1313 Dich
970 1282 1030 1314 oft
1061 1292 1127 1327 gar
1153 1293 1196 1316 zu
1231 1282 1427 1316 erbittlich
1453 1282 1652 1326 bewiesen,

165 1334 200 1368 d.
227 1334 252 1367 i.
279 1344 348 1380 gar
375 1342 423 1365 zu
439 1330 575 1367 leicht,
601 1330 692 1363 Was
717 1328 882 1373 begehrt
907 1329 1041 1371 wurde,
1069 1330 1255 1375 bewilligt
1280 1330 1354 1367 und
1380 1331 1447 1364 auf
1468 1331 1654 1376 Empfeh-

165 1382 305 1427 lungcn
332 1380 406 1413 und
431 1378 631 1414 Fi'irbitten
657 1387 700 1410 zu
724 1377 821 1410 viele
847 1377 1062 1411 Riicksicht
1083 1389 1322 1423 genommen.
1383 1378 1445 1412 Sic
1471 1379 1548 1413 Pal.
1574 1391 1650 1414 sec.

165 1431 222 1464 De
249 1432 354 1464 Man.
380 1439 476 1473 susp.
501 1425 634 1463 Lamb.
661 1426 752 1458 Ern.
777 1424 866 1458 sch.
900 1426 993 1460 Liin.
1027 1426 1053 1459 i.
1087 1438 1118 1459 e.
1153 1427 1266 1460 nimis
1299 1426 1453 1460 facilem
1479 1433 1519 1461 te
1543 1439 1651 1474 prae·

164 1479 280 1517 buisti
313 1478 352 1511 in
385 1476 505 1510 literis
530 1486 551 1507 a
577 1473 713 1508 scribis
746 1473 820 1507 tuis
849 1480 916 1507 tuo
952 1474 1107 1508 nomine
1139 1475 1291 1519 scriptis
1317 1480 1356 1508 et
1380 1475 1426 1513 ad
1451 1476 1651 1510 arbitrium

162 1528 244 1561 sere
269 1525 479 1572 petentium
505 1521 725 1568 compositis
749 1522 957 1555 mittendis.
1014 1523 1274 1556 inexorabilem
1298 1523 1379 1558 Md.
1408 1523 1524 1558 Oxou.
1554 1526 1587 1559 1.
1614 1525 1648 1561 2.

152 1576 259 1614 *Cdd.
286 1574 410 1619 Regii.
427 1574 483 1608 Iu.
499 1573 604 1607 Crat.
631 1571 733 1605 Vict.
764 1571 796 1605 1.
822 1571 857 1604 2.
887 1572 994 1605 Man,
1021 1571 1113 1614 Lall.
1142 1571 1217 1605 ΟΒ.
1238 1589 1281 1596 —·
1309 1571 1425 1610 Tolle,
1453 1572 1649 1606 vernichte

162 1625 234 1658 alle
262 1620 632 1661 widerrechtlichen,
660 1618 700 1651 in
717 1617 1053 1662 ungew'dhnlicher
1064 1620 1178 1651 Form
1196 1619 1445 1663 abgcfassten,
1470 1620 1650 1654 einander

163 1669 541 1717 widersprechenden
578 1666 794 1701 Bescheide.
827 1684 872 1691 —
924 1666 974 1700 ad
997 1670 1043 1699 te.
1068 1669 1123 1699 An
1150 1666 1200 1699 ad
1221 1677 1281 1708 se‚·
1329 1668 1489 1712 scriptas
1515 1668 1599 1704 scil.
1627 1680 1650 1703 a

162 1720 300 1755 scribis
331 1717 431 1752 tuis?
487 1717 574 1750 Also
616 1714 678 1747 die
718 1725 793 1747 von
832 1714 983 1748 Deinen
1017 1715 1250 1749 Secretairen
1284 1715 1538 1760 aufgesctzten
1572 1718 1648 1750 Re-

163 1770 308 1815 scripte
333 1765 491 1800 wiirden
517 1764 600 1800 ihm
625 1762 831 1808 vorgelegt.
860 1781 902 1787 -
954 1762 1004 1796 ad
1027 1766 1060 1795 te
1084 1763 1263 1806 venisset,
1299 1763 1370 1797 ehe
1394 1774 1437 1798 er
1461 1764 1500 1798 in
1526 1764 1647 1799 Deine

164 1818 322 1852 Dienste
347 1814 571 1860 gekommen
598 1813 704 1844 wa‘re.
734 1828 777 1834 —-
803 1810 990 1851 delectum,
1020 1810 1218 1859 Sichtung.

257 1867 290 1901 9.
329 1863 406 1897 Hoc
433 1863 477 1896 de
500 1870 661 1904 genere,
701 1859 881 1893 hieriiber
906 1859 979 1892 und
1005 1860 1100 1893 uber
1126 1859 1252 1903 Diuge
1277 1858 1345 1893 der
1368 1858 1448 1893 Art.
1475 1879 1522 1886 —
1546 1871 1646 1902 sero,

160 1914 296 1951 Lamb.
323 1921 458 1953 serum,
485 1921 528 1943 zu
553 1911 648 1954 spat.
677 1925 718 1932 —
747 1907 997 1952 Theopompo,
1022 1905 1280 1941 vermuthlich
1307 1907 1411 1941 einer
1437 1908 1506 1942 der
1531 1909 1646 1942 Grie-

161 1963 344 1997 chischen
371 1958 578 1994 Secretaire
604 1955 664 1989 bei
690 1955 858 2000 Quintus.
885 1974 927 1979 —
954 1955 1047 1998 vide,
1073 1959 1112 1989 ut
1134 1965 1204 2000 per
1228 1953 1387 1989 homines
1412 1963 1508 1998 cet.,
1534 1968 1645 2003 sorge

159 2012 294 2052 dafiir,
330 2009 414 2043 dass
442 2006 560 2040 durch
588 2007 722 2046 Leute,
764 2003 915 2038 welche
941 2004 1012 2037 Dir
1045 2010 1127 2037 treu
1161 2003 1326 2047 ergeben
1360 2004 1444 2039 sind
1477 2016 1515 2038 u.
1542 2017 1570 2041 s,
1599 2018 1643 2039 w.

157 2060 192 2094 S.
220 2058 371 2094 Ramsh.
398 2059 429 2103 §.
458 2055 539 2097 193,
567 2057 596 2089 1.
626 2052 773 2086 Grotef.
801 2053 835 2097 §.
859 2053 943 2093 397,
971 2053 1005 2090 3.
1033 2052 1070 2087 b.
1097 2071 1140 2078 —-
1187 2055 1349 2086 contrar.
1376 2053 1415 2086 in
1443 2053 1578 2100 quibus
1602 2060 1644 2088 tu

156 2108 239 2143 aliis
263 2108 337 2141 tuis
363 2104 531 2151 epistolis
565 2111 779 2147 repugnare
812 2107 850 2134 ct
883 2111 905 2133 a
938 2107 976 2134 te
1002 2100 1083 2146 ipso
1110 2099 1304 2134 discedere
1331 2101 1481 2139 videris.
1529 2101 1642 2138 8011.

158 2175 202 2182 -
229 2154 383 2190 absurde
410 2157 444 2186 et
469 2151 641 2186 inusitate
665 2148 704 2183 h.
731 2160 762 2182 c.
791 2149 846 2182 ita
872 2149 1113 2195 scriptarum,
1142 2154 1183 2182 nt
1209 2160 1298 2183 cum
1325 2148 1507 2194 dignitate
1532 2160 1642 2193 prae·

156 2206 249 2240 toris
277 2210 315 2236 et
341 2200 607 2235 consuetudine
634 2197 829 2231 conciliari
854 2204 1017 2242 nequeat
1043 2197 1232 2230 scribendi
1256 2208 1382 2243 genus.
1422 2193 1641 2233 SCHUTZ.

158 2275 201 2281 —
236 2253 274 2286 in
299 2251 384 2294 aliq.
412 2248 624 2290 contumel„
656 2244 805 2288 solchc‚
840 2244 1027 2280 wodurch
1052 2245 1204 2279 lemand
1231 2245 1268 2278 in
1295 2246 1420 2280 seinet
1443 2247 1545 2281 Ehre
1570 2256 1641 2291 ge-

156 2301 291 2336 kra'nkt
329 2297 434 2334 wird.
469 2315 513 2322 —
563 2300 634 2330 tam
658 2305 746 2330 esse.
802 2296 861 2329 Ita
896 2305 1022 2327 omnes
1056 2293 1149 2328 Cdd.
1176 2294 1455 2338 Lagomarsinii
1481 2304 1638 2341 quoque.

157 2352 239 2395 Ipse
286 2355 413 2381 tamen
449 2344 708 2390 suspicabatur
750 2342 930 2376 excidisse
963 2342 1098 2376 vitiosa
1131 2348 1216 2387 post
1249 2346 1343 2384 tara,·
1394 2342 1477 2376 sine
1514 2353 1638 2376 causa.

158 2396 355 2433 ORELLI.
380 2413 424 2419 —
473 2394 507 2427 si
538 2396 617 2426 sunl
653 2391 946 2435 occupationibus
979 2391 1049 2425 tuis
1082 2390 1107 2422 i.
1142 2402 1176 2426 e.
1202 2402 1223 2423 a
1248 2397 1286 2423 te
1310 2390 1423 2424 nimis
1449 2396 1639 2436 occupato

157 2447 271 2481 minus
295 2443 565 2481 animadversa,
593 2440 678 2473 hast
703 2441 765 2473 Du
792 2440 853 2472 bei
879 2439 1022 2474 Deincn
1049 2449 1094 2472 zu
1120 2439 1240 2471 vielen
1252 2439 1483 2472 Geschaften
1508 2439 1638 2472 bislier

155 2495 262 2528 nicht
298 2492 358 2525 die
390 2490 572 2536 geh'orige
596 2488 936 2522 Ausmerksamkeit
967 2488 1033 2520 auf
1061 2487 1176 2520 derlei
1200 2486 1392 2521 Schriften
1419 2487 1637 2521 verwenden

155 2543 312 2576 konnen.
340 2559 382 2565 —
408 2539 502 2582 ipse,
529 2538 785 2582 eigcnhiindig
809 2536 881 2570 und
899 2535 1191 2581 eigenm‘achtig,
1218 2536 1280 2570 fiir
1304 2535 1401 2578 sich,
1428 2536 1529 2570 ohne
1555 2535 1638 2568 dass

155 2593 215 2624 Du
249 2590 319 2623 den
355 2587 460 2621 Brief
490 2586 569 2620 ihm
605 2586 850 2630 ausgetragcn
884 2584 973 2618 oder
1006 2584 1134 2617 dictirt
1158 2584 1316 2623 hatten,
1359 2584 1434 2617 und
1469 2582 1569 2618 doch
1594 2583 1634 2616 iu

154 2639 317 2672 Deinem
343 2638 486 2670 Namen
513 2634 591 2668 und
617 2635 687 2667 mit
713 2633 874 2667 Deincm
899 2632 1031 2678 Siegel.
1084 2653 1125 2658 —
1176 2634 1425 2667 nomenclator
1457 2644 1532 2666 war
1565 2630 1634 2663 der

154 2689 274 2722 Name
302 2686 402 2718 eines
429 2684 600 2725 Sklaven,
626 2683 691 2715 der
717 2682 858 2715 seinem
884 2683 1008 2716 Herrn
1033 2681 1094 2714 die
1126 2682 1290 2715 voriiber
1319 2681 1511 2727 gehenden
1536 2681 1633 2713 Biir-

155 2747 219 2781 ger
246 2745 389 2768 nennen
417 2738 577 2773 masne,
617 2730 736 2765 damit
763 2742 803 2764 er
829 2730 882 2764 sie
910 2731 1106 2776 begriissen
1133 2731 1299 2774 konnte3
1345 2732 1405 2764 ein
1430 2727 1633 2772 wichtiget

1707 2510 1711 2554 ἒ

1702 2721 1706 2779 Ξ

1703 2788 1711 2826 r

1700 2829 1705 2908 Ξ

1699 2915 1703 2931 l

1698 2969 1702 3006 ι
