1742 3006
545 93 863 139 EPISTOLA
892 94 1044 139 XCII.
1442 95 1532 144 321

47 213 128 253 bus
168 208 336 252 nostris
374 221 457 251 nec
498 206 879 250 admonitionibus
918 206 1135 263 relinquit
1183 207 1345 250 locum.
1418 210 1530 252 Nam

48 281 184 322 quum
214 267 262 307 in
293 279 495 308 sermone
534 264 825 320 quotidiano,
863 267 956 304 tum
996 265 1042 304 in
1080 268 1236 306 senatu
1276 265 1425 320 palam
1465 267 1532 308 sic

22 315 144 377 'egit
174 336 352 363 causam
382 326 527 374 tuam,
557 324 606 361 ut
635 334 779 375 neque
808 319 1067 373 eloquentia
1095 321 1265 361 maiore
1297 323 1531 377 quisquam

48 392 132 420 nec
161 379 384 433 gravitate
414 391 496 418 nec
525 376 676 417 studio
707 389 790 417 nec
821 375 1110 417 contentione
1149 388 1282 430 agere
1321 379 1533 432 potuerit,

0 448 2 488 j
47 449 149 476 cum
179 446 348 475 summa
376 432 700 474 testificatione
730 438 907 473 tuorum
931 431 977 471 in
997 444 1045 471 se
1065 429 1323 473 officiorum
1346 438 1392 475 et
1412 447 1533 476 amo-

0 492 2 497 '
50 492 117 532 ris
149 503 257 545 erga
284 493 328 530 te
357 490 438 530 sui.
507 488 829 529 Marcellinum
867 487 951 528 tibi
991 500 1088 528 esse
1118 487 1283 528 iratum
1312 490 1415 531 scis.
1472 491 1534 543 Is,

0 547 3 553 '
46 546 134 588 hac
164 546 288 599 regia
316 558 452 586 causa
480 549 694 599 excepta,
734 544 898 585 ceteris
941 542 987 583 in
1019 544 1150 584 rebus
1180 556 1226 584 se
1264 546 1533 588 acerrimum

0 601 3 631 ἶ
47 603 114 644 tui
156 601 436 642 defensorem
489 599 586 641 sore
635 600 846 641 ostendit.
930 598 1066 649 Quod
1109 598 1211 651 dat,
1263 601 1535 655 accipimus:

47 657 169 712 quod
208 657 408 698 instituit
447 655 618 697 referre
658 656 714 697 de
753 655 973 710 religione
1002 658 1048 696 et
1077 667 1209 710 saepe
1240 655 1330 697 iam
1361 659 1535 710 retulit,

0 743 1 766 ἢ
48 715 104 755 ab
134 726 186 753 eo
217 709 381 753 deduci
411 727 498 753 non
540 716 701 767 potest.
768 712 863 754 Res
902 715 1005 752 ante
1046 711 1155 752 Idus
1194 716 1298 753 acta
1335 713 1404 754 sic
1442 718 1534 755 est:

0 772 3 819 ᾗ
48 792 103 799 --
132 781 235 809 nam
275 768 389 810 haec
428 769 586 810 Idibus
615 781 744 809 mane
786 767 974 821 scripsi3
1003 789 1058 795 —-
1096 766 1332 809 Hortensii
1363 773 1409 810 et
1438 783 1537 811 mea

0 827 3 876 ζ,
50 828 96 866 et
124 823 309 865 Luculli
340 825 564 866 sententia
586 824 709 865 cedit
733 823 945 878 religioni
969 822 1025 864 de
1047 824 1279 876 exercitu,
1307 847 1362 853 —-
1392 826 1538 867 teneri

0 877 4 917 ῗ
52 881 173 922 enim
205 894 275 922 res
305 881 441 921 aliter
467 894 556 921 non
587 884 734 934 potest
760 902 816 908 —-
844 879 925 920 sed
945 892 1003 919 ex
1026 879 1111 920 illo
1132 882 1538 935 senatusconsulto,

1 937 3 957 ³
51 937 173 990 quod
204 940 248 977 te
289 936 513 977 referente
554 935 724 976 factum
764 939 857 987 est,
897 935 982 974 tibi
1026 934 1255 988 decernit,
1295 940 1345 977 ut
1388 950 1539 991 regem

2 1007 5 1038 3
52 992 268 1044 reducas,
308 992 426 1046 quod
466 991 699 1032 commodo
740 991 807 1032 rei
837 991 1043 1044 publicae
1082 990 1233 1031 facere
1278 993 1446 1045 possis:
1490 997 1541 1034 ut

2 1078 3 1081 η
52 1049 306 1089 exercitum
346 1049 512 1103 religio
550 1048 711 1099 tollat,
754 1051 799 1088 te
839 1050 1068 1087 auctorem
1110 1050 1289 1087 senatus
1332 1049 1539 1090 retineat.

3 1111 4 1116 ’
52 1104 243 1145 Crassus
272 1107 365 1144 tres
396 1104 568 1158 legatos
608 1103 836 1153 decernit,
885 1115 966 1142 nec
1005 1102 1211 1143 excludit
1249 1101 1541 1159 Pompeium:

4 1175 5 1205 3
54 1164 208 1201 censet
237 1160 355 1201 enim
386 1161 521 1201 etiam
552 1173 611 1201 ex
640 1159 729 1212 iis,
771 1159 850 1213 qui
880 1172 981 1199 cum
1011 1159 1201 1213 imperio
1232 1160 1335 1200 sint.
1403 1159 1541 1203 Bibu-

53 1310 197 1344 k'dnnte
230 1320 319 1344 vom
353 1309 500 1357 K'onige
533 1309 737 1344 bestochen
768 1321 817 1343 zu
854 1309 952 1351 sein,
987 1319 1100 1343 wenn
1132 1319 1176 1343 er
1212 1309 1283 1342 den
1308 1309 1452 1356 Antrag
1476 1321 1543 1344 an-

0 1374 8 1395 s.
54 1358 193 1393 nshme
220 1358 297 1391 und
323 1357 429 1390 nicht
453 1357 644 1391 vielmehr
669 1358 741 1390 den
767 1357 950 1390 Lentulus
975 1357 1036 1390 bei
1071 1358 1139 1391 dei·
1169 1356 1252 1390 ihm
1285 1369 1372 1392 vom
1407 1360 1543 1393 Senate

6 1426 9 1438 .
56 1405 286 1440 decretirten
318 1404 424 1439 Ehre
457 1417 506 1438 zu
542 1404 722 1439 schiitzen
756 1405 897 1439 suchte.
936 1423 978 1428 —
1024 1405 1209 1449 relinquit.
1243 1406 1541 1454 Martyni-Lag.

0 1454 9 1496 ff¹
55 1453 144 1488 sch.
175 1454 330 1489 minem.
357 1465 376 1486 e
403 1453 495 1487 cdd.
524 1454 685 1497 reliquit.
709 1472 754 1478 -—
792 1453 1071 1496 Marcellinum,
1104 1456 1169 1487 Cn.
1198 1454 1417 1487 Cornelium
1444 1455 1542 1489 Len-

56 1502 179 1535 tulum
219 1500 487 1535 Marcellinum
529 1502 722 1534 consulem
758 1499 796 1534 h.
830 1512 864 1534 a.
899 1512 984 1534 cum
1012 1502 1055 1534 L.
1085 1500 1233 1536 Marcio
1272 1501 1459 1548 Philippo.
1495 1521 1541 1528 ——

6 1550 10 1594 j
58 1548 137 1583 tibi.
163 1548 227 1582 sed
263 1549 348 1589 regi
372 1559 418 1581 ex
444 1549 616 1582 virorum
644 1550 726 1583 DD.
752 1548 852 1594 apud
880 1549 1036 1584 Corrad.
1063 1549 1162 1583 coni.
1190 1549 1296 1595 prob.
1323 1551 1420 1587 Lau.
1442 1552 1547 1586 Mar-

7 1610 10 1628 :
57 1597 264 1642 tyni-Lag.
291 1595 378 1629 Sch.
407 1597 500 1630 Liin.
529 1597 684 1639 tibicini,
710 1596 737 1632 i.
757 1607 788 1630 e.
809 1596 978 1638 Auletae,
1009 1595 1078 1631 Vir
1097 1597 1197 1632 doct.
1225 1598 1265 1630 in
1292 1610 1411 1647 marg.
1440 1600 1546 1634 Crat.

8 1643 11 1683 ’ζ
58 1655 176 1679 meae.
208 1643 404 1677 ORELLI.
444 1644 511 1677 tibi
548 1644 574 1679 i.
607 1655 638 1678 e.
674 1651 759 1678 tuae
792 1645 919 1689 regiae
954 1655 1107 1685 causae,
1141 1656 1214 1678 non
1240 1651 1327 1680 tuae
1353 1658 1548 1692 personae.

0 1698 11 1735 j
58 1711 106 1717 —
131 1692 271 1736 accip„
299 1691 462 1725 nehmen
489 1692 561 1726 wir
586 1691 760 1726 dankbar
784 1703 842 1725 an.
876 1711 923 1717 —
954 1692 1131 1731 instituit,
1165 1693 1245 1727 sich
1283 1694 1322 1727 in
1349 1695 1420 1728 den
1448 1695 1550 1741 Kopf

59 1746 202 1787 gesetzt
233 1740 308 1773 hat.
344 1758 387 1763 —
423 1741 465 1773 de
498 1740 683 1782 religione
717 1740 743 1774 i.
779 1751 810 1774 e.
838 1740 884 1774 de
911 1741 1065 1774 oraculo
1092 1741 1160 1775 illo
1185 1741 1391 1787 Sibyllino.
1441 1744 1549 1778 Mar-

9 1798 13 1830 ’ς
59 1788 175 1823 cellin
199 1788 353 1822 bestand
379 1789 447 1821 auf
469 1788 530 1822 die
555 1787 848 1834 Sibyllinischen
874 1789 1148 1837 Warnungen.

10 1880 12 1883 .
157 1850 191 1884 3.
220 1850 260 1884 Q.
286 1849 486 1884 Hortensii.
513 1851 548 1884 S.
575 1861 633 1896 ep.
660 1850 801 1889 XVIII,
827 1851 860 1885 2.
886 1868 928 1874 —
956 1850 1013 1883 Μ.
1033 1849 1213 1884 Lucullus.
1239 1849 1276 1885 S.
1305 1861 1364 1898 ep.
1392 1854 1469 1887 XC.
1494 1852 1548 1886 im

10 1899 14 1942 ff
62 1897 250 1945 Anfange.
278 1916 321 1921 —
348 1898 441 1931 cedit
469 1898 646 1941 religioni
670 1899 713 1932 de
738 1899 913 1941 exercitu,
941 1898 1023 1946 gibt
1044 1898 1127 1932 dem
1155 1899 1290 1933 Orakel
1315 1900 1353 1933 in
1371 1901 1551 1935 Hinsicht

11 1947 13 1951 ⁴
64 1944 127 1978 des
151 1945 418 1993 Kriegsheeres
443 1945 554 1980 nach.
590 1966 632 1972 —
657 1948 796 1989 facere
816 1947 958 1990 possis,
997 1946 1124 1980 indem
1150 1946 1270 1981 Deine
1295 1949 1463 1983 Provinz
1487 1961 1550 1983 am

12 2002 14 2011 ’
63 1994 313 2037 Bequemsten
341 1994 436 2027 dazu
461 1995 558 2042 liegt
582 1994 659 2028 und
685 2005 722 2028 es
749 1993 850 2027 ohne
876 1994 1046 2028 Schaden
1072 1995 1139 2029 ffu-
1164 1994 1236 2028 den
1269 1994 1373 2030 Staat
1397 1998 1465 2030 auf
1488 1997 1550 2031 die

12 2063 14 2068 ·
62 2041 132 2074 Art
158 2039 375 2085 geschehen
403 2040 500 2075 kann
517 2067 528 2085 ,
562 2042 643 2076 dass
667 2043 730 2077 das
756 2041 902 2076 Orakel
926 2041 1107 2090 geachtet
1137 2043 1246 2077 wird.
1296 2043 1359 2078 Sic
1384 2046 1483 2079 Vict.
1513 2047 1550 2083 1.

65 2100 85 2123 e
112 2089 321 2122 Bandinelli
353 2090 472 2132 coni.‚
514 2096 555 2124 ut
588 2090 654 2124 ait.
704 2091 775 2124 Sed
808 2089 923 2124 habet
961 2091 1036 2131 iam
1079 2092 1179 2126 Crat.
1211 2092 1399 2132 (Probavit
1433 2094 1554 2135 Man.)

65 2136 195 2171 Lamb.
231 2137 325 2179 quod
356 2138 540 2171 commodo
572 2149 647 2172 rem
669 2139 709 2181 s.
734 2149 772 2182 p.
799 2139 879 2173 Md.
907 2144 1000 2173 teste
1034 2139 1223 2173 victorio.
1274 2141 1363 2175 Mea
1397 2142 1552 2176 collatio

14 2180 15 2185 ’
64 2190 177 2218 tacet.
210 2185 312 2218 Vict.
345 2186 378 2219 2.
414 2186 552 2220 Graev.
587 2186 722 2220 Bened.
755 2187 849 2231 quod
880 2187 1059 2220 commode
1075 2188 1118 2229 f.
1143 2197 1178 2230 p.
1205 2188 1368 2223 Ernesti.
1396 2188 1552 2223 Schi'itz.

66 2234 224 2267 Liinem.
258 2233 328 2270 cfr.
355 2232 535 2278 Stephani
570 2234 780 2268 Pseudocic.
815 2235 867 2268 ed.
902 2235 1034 2276 Rolos.
1069 2246 1106 2280 p.
1143 2236 1199 2270 64.
1237 2242 1275 2270 et
1311 2236 1553 2271 subditiciam

66 2281 139 2326 Ep.
160 2281 268 2314 Bruti
299 2286 336 2314 et
364 2281 439 2315 Cic.
469 2283 501 2316 5.
520 2281 552 2315 si
568 2283 684 2316 minus
705 2283 746 2317 id
765 2283 949 2317 commodo
971 2282 1061 2326 reip.
1078 2284 1219 2324 facere
1241 2295 1379 2328 posses.
1404 2286 1480 2319 ΟΒ.
1506 2302 1555 2310 -

14 2340 15 2343 ¹
68 2332 106 2360 ut
133 2338 250 2362 exerc.
276 2329 342 2362 rel.
370 2333 394 2361 t.
423 2331 491 2362 auf
513 2329 573 2364 die
606 2331 697 2374 Art,
734 2331 815 2365 dass
855 2332 940 2364 dem
977 2330 1119 2365 Orakel
1151 2344 1198 2365 zu
1233 2333 1350 2377 Folge
1384 2344 1458 2366 nur
1489 2333 1554 2366 das

15 2393 17 2398 .
70 2375 294 2421 Kriegsheer
319 2378 575 2425 weggelassen
600 2379 743 2413 wiirde.
771 2398 816 2404 —
844 2383 878 2412 te
904 2382 998 2413 auct.
1025 2389 1054 2414 s.
1083 2383 1151 2413 rel.
1177 2380 1254 2414 und
1280 2381 1339 2415 die
1359 2381 1555 2427 Aegypte}-

15 2446 18 2454 .
68 2423 141 2457 mit
164 2423 290 2458 ihi-em
317 2425 458 2469 Konige
484 2425 673 2460 vielmehr
696 2433 761 2461 tua
786 2428 1008 2461 auctoritate
1043 2438 1156 2472 quam
1189 2428 1225 2461 vi
1257 2435 1294 2463 et
1327 2429 1442 2463 armis
1467 2438 1555 2463 ver-

71 2471 181 2505 s‘dhnt
206 2472 374 2506 wurden.
413 2493 458 2498 —
490 2475 545 2510 M.
575 2474 741 2509 Licinius
770 2475 925 2509 Crassus
950 2475 1043 2516 (vid.
1072 2486 1130 2521 ep.
1157 2476 1256 2520 XIX,
1282 2478 1336 2519 3.)
1373 2476 1413 2509 in
1447 2486 1557 2510 causa

16 2533 19 2538 ·
70 2517 275 2553 Ptolemaei
300 2521 401 2568 regis
425 2521 629 2556 reducendi
653 2528 730 2557 tres
756 2523 899 2571 legatos
924 2523 1126 2558 mittendos
1158 2534 1235 2558 esse
1270 2530 1406 2558 censet.
1435 2543 1480 2550 —
1513 2534 1557 2557 ex

16 2593 18 2599 .
71 2564 122 2598 iis
147 2566 240 2607 (Md.
267 2568 368 2601 Vict.
395 2571 429 2604 2.
457 2569 550 2613 lais),
583 2571 644 2614 qui
676 2582 754 2604 cum
785 2572 874 2615 imp.
910 2571 994 2605 sint.
1028 2570 1106 2614 (Sic
1133 2572 1211 2605 Md.
1238 2573 1329 2605 Ern.
1358 2573 1558 2618 Mai-tyni·

16 2611 19 2635 ἕ
72 2611 162 2659 Lag.
189 2613 277 2649 Sch.
303 2616 414 2657 Liin.)
440 2618 519 2651 scil.
547 2618 725 2665 legandos
762 2630 860 2661 esse,
896 2630 939 2653 ei·
969 2620 1070 2658 will,
1107 2619 1186 2652 dass
1218 2620 1316 2653 auch
1350 2619 1558 2654 wirklieho

17 2663 19 2666 ’
72 2660 280 2695 Feldherrn
305 2662 400 2697 dazu
424 2664 634 2711 wablfiihig
664 2667 744 2700 sein
782 2668 914 2702 sollen.
963 2669 1038 2701 Das
1072 2667 1267 2709 Imperium
1301 2679 1381 2702 war
1417 2668 1559 2716 gedop-

18 2716 20 2721 ’
73 2708 174 2752 pest,
200 2709 374 2742 urbanum
398 2723 434 2744 u.
457 2713 696 2756 provinciale.
747 2716 918 2748 Ersteres
944 2715 1076 2749 wurde
1103 2715 1176 2747 den
1208 2716 1374 2750 Consuln
1402 2729 1440 2753 u.
1469 2718 1560 2750 Prii·

19 2756 21 2786 ὲ
73 2760 182 2789 toi-en
209 2757 262 2790 als
287 2756 468 2792 hoc-haten
494 2761 898 2808 Magistratspersonen
923 2772 1008 2797 vom
1036 2761 1175 2805 Volke,
1209 2762 1296 2798 dem
1323 2765 1496 2800 Dictator
1520 2777 1558 2798 u.

141 2834 200 2860 Cic.
224 2834 327 2861 Briet'e
345 2845 375 2862 ν.
396 2837 518 2864 niuei-h.
561 2840 583 2866 Ι.
1062 2817 1122 2859 ²1
