1742 3006
479 58 797 104 EPISTOLA
828 58 1102 103 LXXXIX.
1440 61 1528 108 311

15 68 19 97 ι

15 113 21 191 i
49 178 118 220 ius
147 171 396 218 constantia
424 174 468 213 et
503 169 668 212 virtute
707 171 808 210 tuae
837 172 1096 214 verissimae
1126 170 1293 213 literae.
1363 172 1530 214 Sestius

15 242 21 291 ξ
51 233 214 276 furere.
270 230 351 272 Ille
379 229 546 283 postea,
576 226 617 266 si
642 224 822 267 comitia
850 240 928 268 sua
956 241 1042 270 non
1064 228 1238 278 fierent,
1267 228 1365 269 urbi
1395 228 1531 269 mina-

15 295 20 333 ζ·
52 290 106 330 ri.
170 285 411 342 Proposita
438 281 690 324 Marcellini
720 284 968 335 sententia,
1014 297 1144 338 quam
1173 284 1252 325 ille
1281 283 1336 325 de
1365 284 1532 338 scripto

16 359 20 390 ῑ·
50 346 116 387 ita
143 343 336 395 dixerat,
363 343 413 381 ut
439 341 578 380 totam
607 341 804 378 nostram
831 352 1008 380 causam
1038 353 1184 391 areae,
1213 340 1531 392 incendiorum,

15 415 17 432 ⁵
50 400 238 457 periculi
264 397 353 439 mei
379 392 545 436 iudicio
575 394 941 448 complecteretur
978 408 1115 450 eaque
1154 395 1302 437 omnia
1339 396 1532 438 comitiis

14 462 20 497 ἐ
51 456 316 498 anteferret:
345 449 612 507 proscripsit
641 449 810 492 Sestius
840 464 887 493 se
918 464 996 505 per
1024 464 1176 493 omnes
1207 451 1299 493 dies
1329 452 1530 493 comitia-

15 503 114 561 {les
153 511 209 553 de
253 508 374 551 caelo
413 510 701 549 servaturum.
759 506 1007 548 Conciones
1046 506 1316 549 turbulentae
1347 507 1532 560 Metelli,

15 573 20 619 Q
50 565 311 610 temerariae
339 562 488 618 Appii,
518 561 840 604 furiosissimae
868 563 1030 605 Publii.
1088 563 1213 604 Haec
1243 568 1390 605 tamen
1419 577 1535 605 sum-

15 641 19 674 ς
51 637 146 666 ma:
195 621 283 664 nisi
321 619 433 661 Milo
473 621 518 660 in
558 632 762 671 campum
802 619 1129 671 obnuntiasset,
1160 619 1341 660 comitia
1370 619 1532 661 futura.

16 694 21 721 3
51 682 167 722 Ante
216 677 335 718 diem
381 688 459 717 ΧΠ.
506 673 609 716 Kal.
651 674 864 718 Decemb.
913 675 1026 717 Milo
1074 675 1220 716 media
1266 679 1393 717 nocte
1436 689 1535 717 cum

15 731 19 776 ἕ
50 747 211 790 magna
247 745 381 774 manu
417 732 463 772 in
502 744 704 785 campum
732 733 865 773 venit.
925 731 1132 785 Clodius,
1185 745 1316 786 quum
1354 731 1537 773 haberet

15 798 19 835 ξ
51 791 341 845 fugitivorum
371 787 564 829 delectas
594 787 758 841 copiaS,
788 789 833 828 in
862 800 1064 842 campum
1094 788 1159 829 ire
1189 801 1276 829 non
1296 792 1364 829 est
1386 800 1534 829 ausus.

15 846 20 890 3¹
51 847 164 889 Milo
203 844 445 901 permansit
483 843 542 884 ad
579 843 814 884 meridiem
851 843 1045 885 mirifica
1082 844 1309 885 hominum
1350 844 1536 896 laetitia,

15 925 18 944 2
51 915 223 944 summa
252 914 352 942 cum
381 899 547 953 gloria:
576 900 796 940 contentio
827 898 1015 941 fratrum
1044 901 1178 941 trium
1207 899 1364 953 turpis,
1394 899 1540 940 fracta

52 960 136 1012 vis,
167 960 443 1011 contemptus
468 953 607 996 furor.
692 952 901 998 Metellus
929 960 1077 997 tamen
1106 955 1327 1011 postulat,
1376 959 1425 995 ut
1454 955 1539 996 sibi

16 1002 19 1051 ,¹
57 1018 235 1066 postero
275 1013 349 1054 die
389 1011 435 1052 in
466 1010 566 1052 foro
595 1010 895 1053 obnuntieturt
926 1011 1037 1053 nihil
1066 1025 1175 1065 esse,
1204 1011 1323 1066 quod
1352 1011 1399 1051 in
1421 1024 1540 1051 cam-

15 1101 17 1117 2
84 1083 157 1111 um
194 1073 325 1112 nocte
365 1066 612 1110 veniretur:
667 1080 715 1108 se
755 1067 866 1109 hora
911 1068 1055 1122 prima
1102 1069 1149 1110 in
1186 1066 1381 1108 Comitio
1431 1066 1538 1106 fore.

16 1160 19 1170 ,
79 1131 209 1185 taque
249 1128 349 1166 ante
388 1122 506 1164 diem
545 1135 604 1164 xl.
647 1121 750 1163 Kal.
790 1123 837 1164 in
877 1124 1119 1165 Comitium
1161 1123 1278 1164 Milo
1320 1122 1374 1164 de
1412 1126 1542 1164 nocte

15 1285 20 1318 ὲ
53 1295 140 1319 man
165 1283 242 1317 Das
268 1282 381 1317 nicht
404 1280 511 1316 hatte
537 1279 700 1329 glauben
726 1281 855 1315 sollen.
881 1298 929 1306 ——
954 1280 1175 1316 verissimae.
1211 1278 1354 1316 Ironie!
1394 1280 1543 1314 Attikus

16 1328 19 1379 ᾗ
53 1332 157 1367 hatte
183 1332 251 1365 ihn
276 1332 346 1364 mit
372 1330 444 1363 den
470 1331 631 1362 Worten
657 1329 803 1375 gelobt:
846 1330 1041 1364 Hortensii
1079 1331 1330 1363 constantiam
1364 1334 1402 1361 et
1426 1328 1546 1362 virtu-

15 1382 20 1428 l
53 1387 133 1414 tem
158 1380 197 1412 in
225 1379 365 1412 tuenda
390 1389 432 1411 re
459 1377 610 1422 publica
639 1388 857 1421 cognosces.
883 1396 930 1402 -——
968 1378 1118 1412 Sestius.
1169 1377 1205 1412 S.
1238 1389 1294 1423 ep.
1323 1377 1475 1416 LXXX,
1512 1378 1544 1411 Δ.

15 1435 19 1447 ¹
54 1440 117 1462 am
142 1427 259 1461 Ende.
286 1445 330 1452 —
348 1427 489 1468 furere
513 1425 551 1458 in
575 1426 799 1466 Metellum,
830 1425 1013 1459 Clodium.
1073 1427 1126 1459 Er
1150 1438 1226 1459 war
1252 1425 1421 1469 heftigen
1449 1424 1547 1458 Cha-

16 1480 19 1517 5'
56 1476 215 1510 xakters.
264 1474 301 1510 S.
329 1473 377 1507 nd
402 1475 450 1519 Q.
477 1474 586 1506 fratr.
611 1474 663 1513 11,
691 1474 713 1507 4
741 1474 854 1516 (CII).
881 1492 924 1499 —
951 1475 1022 1507 Ille
1046 1474 1149 1508 Publ.
1176 1474 1327 1509 Clodius
1352 1477 1546 1517 postem-

15 1520 20 1558 ἒ
57 1523 205 1558 comitia
230 1533 310 1565 sua,
337 1521 440 1555 seine
465 1522 579 1554 Wahl
613 1533 695 1554 zum
720 1520 891 1555 Aedilen.
925 1540 974 1547 —-
1022 1521 1065 1555 de
1090 1521 1227 1566 scripto
1253 1523 1373 1555 dicere
1397 1528 1547 1555 senten-

16 1572 19 1621 ξ
53 1572 162 1614 tiam,
186 1571 249 1605 ein
274 1568 537 1604 schriftliches
565 1569 703 1602 Votum
729 1570 892 1604 ablesen.
920 1587 968 1594 ——
993 1569 1060 1612 ita,
1097 1570 1160 1603 des
1187 1571 1354 1612 Inbalts,
1382 1570 1446 1603 des
1472 1571 1546 1603 An-

16 1631 20 1646 ··
56 1627 192 1666 trages.
217 1636 266 1643 -—
315 1618 519 1661 complect.,
559 1616 641 1651 dass
668 1629 708 1650 er
733 1617 868 1651 darauf
902 1617 1042 1663 dreng,
1090 1618 1151 1651 die
1177 1629 1293 1663 ganze
1325 1618 1447 1653 Sache
1481 1618 1547 1651 der

56 1680 129 1704 von
156 1667 307 1703 clodius
331 1665 489 1699 letzthin
515 1666 757 1710 begangenen
781 1666 913 1699 Frevel
931 1674 1008 1700 erst
1033 1666 1264 1711 gerichtlich
1290 1665 1546 1700 abzumachen

18 1734 19 1738 =
58 1716 136 1751 und
169 1716 233 1749 die
265 1713 456 1749 Comitien
492 1713 585 1747 oder
614 1713 871 1748 Aedilenwahl
896 1714 954 1748 bis
985 1714 1099 1748 dahin
1124 1722 1369 1749 auszusetzen.
1402 1732 1450 1739 —-
1483 1714 1547 1748 Se-

17 1793 20 1819 ,
59 1765 165 1806 etius,
194 1764 245 1797 als
271 1763 458 1797 Tribunus
482 1762 557 1807 pl„
583 1762 737 1796 machte
763 1762 956 1797 offentlicb
984 1763 1166 1806 bekannt,
1202 1764 1285 1796 dass
1319 1775 1359 1796 er
1382 1774 1426 1796 an
1451 1762 1548 1796 allen

17 1823 19 1842 ὲ
61 1812 351 1857 Comitialtagen
384 1811 455 1843 den
488 1810 656 1844 Himmel
693 1811 934 1844 beobachten
968 1811 1142 1845 wrm-defi
1198 1813 1307 1845 Dann
1340 1812 1479 1845 konnte
1512 1821 1550 1843 es

17 1867 20 1900 ἰ
59 1873 108 1895 zu
131 1861 264 1895 keiner
288 1858 418 1894 Wahl
443 1857 636 1893 kommen.
687 1860 768 1892 Der
789 1861 908 1893 Name
932 1858 1072 1893 Sestius
1098 1859 1221 1893 fehlte
1258 1860 1296 1894 in
1330 1861 1427 1893 allen
1457 1858 1547 1892 Cdd.

17 1925 19 1939 ι
60 1921 98 1943 u.
124 1909 345 1954 Ausgaben3
381 1907 501 1940 daher
526 1907 651 1952 einige
677 1908 798 1951 Milo,
826 1908 894 1941 der
918 1907 1015 1941 auch
1042 1908 1131 1941 trib.
1158 1908 1207 1953 pl.
1234 1919 1329 1950 war,
1354 1908 1439 1941 hier
1465 1919 1551 1951 sup-

17 1974 20 2000 3
59 1958 212 2003 plirten.
269 1955 406 1990 Allein·
432 1956 570 1989 sestius
613 1956 664 1990 ist
705 1956 799 1989 eben
841 1955 1014 1990 erwahnt
1054 1956 1129 1990 und
1164 1957 1307 1991 konnte
1333 1967 1460 2001 wegen
1488 1955 1551 1988 des

18 2034 19 2039 ,
61 2006 156 2052 folg.
181 2016 220 2039 se
244 2003 367 2039 leicht
392 2004 590 2041 ausfallen.

18 2050 19 2057 ¹
158 2054 192 2088 4.
228 2051 431 2086 Conciones
456 2066 505 2083 z
531 2053 721 2087 orationes
758 2052 805 2086 ad
840 2054 1020 2099 populum
1060 2052 1300 2086 habebantur
1341 2062 1360 2085 a
1392 2051 1551 2086 Metello

64 2108 135 2135 cet.
170 2118 211 2126 --
249 2105 385 2142 temer„
412 2111 619 2146 verwegen.
655 2119 699 2126 —
734 2101 862 2136 Publii
891 2102 1026 2135 Clodii.
1057 2119 1100 2125 -—
1126 2099 1213 2135 haec
1240 2105 1265 2134 t.
1293 2111 1431 2134 summa
1459 2105 1553 2140 erat,

18 2167 19 2185 1
64 2150 164 2184 doch
197 2149 269 2183 lies
292 2148 392 2181 Alles
426 2149 561 2183 darauf
586 2149 733 2184 hinaus.
761 2167 804 2173 —-
823 2150 962 2192 sutura
990 2155 1108 2182 erant.
1161 2151 1277 2183 ware
1313 2148 1423 2181 nicht
1456 2148 1553 2181 Milo

18 2215 20 2218 v
64 2199 131 2232 auf
156 2198 219 2231 das
246 2196 431 2230 Marsseld
455 2197 569 2242 geeilt
594 2198 671 2231 und
698 2199 804 2233 hatte
837 2199 964 2231 seinen
990 2198 1225 2242 Einspruch:
1271 2208 1336 2240 „se
1370 2197 1414 2230 de
1449 2197 1553 2229 caclo

18 2255 19 2262 ¹
63 2253 310 2287 servaturum,
337 2244 500 2279 daselbst
524 2245 722 2279 offentlich
749 2246 850 2280 kund
872 2246 1032 2291 getham
1069 2257 1109 2279 so
1143 2250 1271 2279 wssiren
1306 2246 1367 2278 die
1393 2245 1552 2278 walnen

18 2324 19 2329 ,
64 2307 127 2328 em
154 2296 264 2329 19ten
289 2293 509 2328 November
534 2294 660 2327 sicher
686 2293 924 2340 abgehalten.
953 2314 994 2320 -—
1039 2293 1158 2327 media
1183 2298 1295 2327 nocte.
1322 2293 1403 2327 Md.
1434 2304 1453 2325 a
1481 2304 1541 2325 suc

18 2382 20 2386 μ
64 2355 115 2378 m.
142 2342 261 2377 Oxon.
289 2344 322 2377 1.
356 2342 462 2376 Amb.
491 2343 545 2378 16.
581 2343 676 2376 lens.
710 2345 814 2376 Vict.
846 2346 877 2377 l.
911 2345 995 2375 aule
1026 2342 1177 2375 mediam
1203 2346 1356 2375 noctem.
1394 2359 1438 2365 —
1479 2351 1554 2373 cum

65 2402 171 2425 manu
203 2400 340 2433 magna
375 2389 443 2423 Cd.
478 2391 517 2424 in
548 2401 598 2423 m.
635 2392 736 2426 1584.
776 2403 852 2427 om.
886 2401 962 2423 cum
995 2391 1089 2424 Ball.
1131 2391 1289 2424 Helmst.
1328 2391 1465 2422 Graev.
1509 2407 1553 2412 ——>

18 2455 20 2457 >
67 2450 170 2483 quum
194 2453 244 2471 r:
272 2437 474 2482 obgleich3
522 2439 669 2472 wofern
698 2440 856 2473 delectas
887 2438 996 2471 nicht
1031 2439 1159 2472 lronie
1193 2440 1270 2472 sein
1304 2438 1386 2471 soll.
1442 2437 1552 2469 Denu

69 2488 188 2520 Oxou.
216 2489 247 2521 1.
275 2488 308 2522 2.
335 2489 439 2520 Mau.
465 2487 596 2521 Lamb.
623 2489 744 2532 geben
771 2488 940 2521 deiectas.
975 2505 1022 2510 —
1069 2487 1293 2530 permansit.
1331 2485 1555 2530 belmuptetc

69 2535 196 2567 seinen
222 2535 370 2568 Posten.
400 2554 443 2560 —-
462 2536 626 2577 fratrum
652 2535 776 2574 trium,
802 2535 973 2576 Metelli,
998 2534 1130 2580 Appii,
1157 2534 1317 2569 Claudii.
1347 2552 1388 2557 —
1425 2533 1555 2576 turpis,

4 2541 21 2626 1.
69 2583 97 2616 i.
125 2593 157 2615 e.
183 2583 343 2627 turpiter
367 2583 557 2616 frustrata.
583 2601 631 2607 —-
656 2583 884 2625 obnuntiare,
913 2584 1122 2628 Einspruch
1149 2583 1254 2615 thim.
1291 2600 1335 2606 -
1362 2582 1399 2615 in
1433 2581 1554 2615 Comi-

2 2630 15 2713 ι
73 2629 139 2669 tio,
165 2630 264 2674 quod
290 2630 356 2664 hie
382 2637 530 2676 partem
554 2631 628 2665 fori
657 2632 869 2676 significat,
910 2631 974 2664 ubi
1001 2631 1153 2664 comitia
1179 2630 1490 2671 celebrabantur,
1525 2630 1554 2661 si

72 2678 110 2712 in
146 2679 286 2722 Campo
320 2679 463 2712 Martio
498 2690 574 2714 non
610 2679 855 2714 haberentur.
885 2679 994 2714 SGJI.
1029 2698 1071 2704 —
1108 2681 1191 2710 (mle
1222 2678 1255 2711 d.
1282 2679 1352 2713 XI.
1380 2678 1490 2715 Kal-2
1518 2678 1553 2710 5¹¹

19 2761 21 2774 ,Ἴ
75 2726 139 2760 der
167 2726 298 2762 Nacht
331 2738 395 2760 vor
431 2727 514 2763 dem
547 2729 675 2764 2osten
709 2728 893 2763 Novcmb.
938 2728 981 2759 dc
1008 2730 1107 2759 nocte
1134 2739 1180 2757 :t
1207 2726 1304 2760 noch
1338 2726 1399 2760 bei
1432 2725 1557 2761 Naclnt
