1742 3006
128 117 224 167 526
421 118 484 163 Μ.
515 119 572 162 Τ.
603 114 948 163 CICERONIS
978 119 1355 165 EPISTOLAE.

129 237 203 276 tus
229 231 438 287 viderer3
467 230 719 274 auriculam
748 231 943 274 fortasse
963 232 1192 274 mordicus
1210 233 1495 284 abstulisset;
1524 246 1623 276 cum

129 289 299 333 Clodio
337 288 522 344 quidem
560 292 687 331 certe
726 288 940 330 rediisset
990 290 1038 330 in
1087 290 1296 344 gratiam.
1375 290 1478 345 Ego
1515 303 1624 332 vero

129 359 276 388 meum
306 344 572 398 consilium,
621 345 663 386 si
692 346 960 400 praesertim
990 349 1039 387 tu
1068 359 1157 387 non
1186 345 1438 400 improbas,
1489 345 1624 387 vehe-

129 407 301 444 menter
326 400 538 456 approbo.
595 400 708 454 Ille,
738 415 875 457 quum
903 414 931 442 a
959 415 1032 443 me
1059 402 1360 457 singularibus
1389 402 1503 443 meis
1532 406 1624 443 stu-

128 458 219 500 diis
249 462 435 499 ornatus
464 460 608 510 esset,
646 471 871 513 quumque
901 471 987 511 ego
1015 457 1089 499 illi
1118 456 1245 507 nihil
1271 458 1506 511 deberem,
1543 452 1626 500 ille

127 512 241 556 mihi
272 513 445 566 omnia,
487 517 637 554 tamen
668 515 714 554 in
744 527 793 555 re
823 514 1007 568 publica
1047 526 1118 555 me
1147 527 1175 556 a
1204 527 1251 555 se
1281 514 1627 556 dissentientem

127 584 216 612 non
245 569 368 623 tulit,
395 592 451 599 -
479 569 599 610 nihil
630 569 779 610 dicam
809 570 1017 624 gravius,
1046 592 1102 598 —
1131 574 1177 611 et
1205 570 1352 611 minus
1383 575 1542 626 potens
1572 583 1626 612 eo

128 631 353 681 tempore,
370 624 495 681 'quid
523 626 571 666 in
599 639 672 668 me
699 625 938 667 florentem
967 630 1143 681 posset,
1183 627 1392 668 ostendit.
1479 626 1627 678 Nunc,

127 696 265 737 quum
293 695 378 737 ego
407 695 464 723 ne
488 695 643 723 curem
671 682 852 737 quidem
880 682 1072 723 multum
1110 695 1241 737 posse
1259 714 1271 734 ,
1329 695 1401 724 res
1442 682 1627 738 quidem

127 739 309 794 publica
338 742 462 779 certe
491 737 611 778 nihil
640 739 809 792 possit,
862 751 976 779 unus
1006 738 1090 779 ille
1120 738 1270 779 omnia
1298 738 1467 792 possit,
1525 752 1627 779 cum

127 795 214 836 illo
259 795 359 847 ipso
409 793 757 835 contenderem?
831 793 910 835 Sic
958 795 1078 835 enim
1138 793 1398 835 faciendum
1447 792 1625 836 fuisset.

128 850 231 893 Non
269 849 482 891 existimo
524 854 569 892 te
607 855 767 905 putare
816 849 866 890 id
906 849 1022 890 mihi
1070 849 1408 904 suscipiendum
1466 848 1623 891 fuisse.

133 907 465 959 »Alterutrum,
525 906 675 961 inquit
704 906 827 948 idem
857 905 1127 958 Sallustius,
1176 905 1459 947 defendisses
1489 906 1627 961 idque

128 962 355 1018 Pompeio
391 963 685 1004 contendenti
724 962 959 1004 dedisses:
1006 963 1174 1003 etenim
1203 961 1497 1004 vehementer
1525 974 1627 1004 ora-

127 1021 241 1061 bat«
301 1018 529 1073 Lepidum
557 1019 754 1059 amicum
783 1018 1074 1071 Sallustium,
1114 1018 1192 1072 qui
1221 1018 1339 1059 mihi
1368 1021 1445 1059 aut
1474 1019 1627 1059 inimi-

129 1075 264 1117 citias
304 1078 433 1129 putet
470 1074 749 1129 periculosas
790 1073 1043 1114 subeundas
1084 1071 1225 1115 fuisse
1266 1078 1344 1115 aut
1393 1072 1629 1116 infamiam

127 1132 468 1185 sempiternam!
534 1130 636 1183 Ego
673 1143 782 1172 vero
823 1128 911 1169 hac
940 1129 1260 1171 mediocritate
1289 1129 1519 1173 delector:
1576 1143 1630 1172 ac

126 1186 243 1231 mihi
272 1185 391 1230 illud
421 1184 665 1226 iucundum
695 1189 778 1237 est,
808 1184 942 1239 quod,
972 1198 1108 1239 quum
1137 1186 1443 1228 testimonium
1472 1199 1629 1227 secun-

127 1244 236 1284 dum
263 1241 403 1283 fidem
432 1244 478 1282 et
507 1241 776 1294 religionem
805 1241 1073 1296 gravissime
1102 1241 1338 1295 dixissem,
1368 1255 1469 1283 reus
1491 1242 1629 1294 dixit,

128 1299 169 1341 si
206 1299 254 1339 in
292 1297 481 1339 civitate
523 1297 732 1338 licuisset
761 1297 849 1337 sibi
879 1310 1001 1349 esse,
1042 1296 1159 1338 mihi
1189 1311 1235 1338 se
1265 1297 1628 1339 satisfacturum:

127 1367 272 1410 neque
301 1367 373 1395 me
402 1352 648 1408 quidquam
678 1353 992 1408 interrogavit.
1051 1353 1123 1394 De
1152 1354 1373 1407 versibus,
1402 1367 1512 1408 quos
1542 1354 1628 1395 tibi

127 1424 156 1453 a
183 1424 255 1452 me
284 1410 426 1450 scribi
453 1408 540 1462 vis,
571 1408 701 1450 deest
729 1408 844 1450 mihi
875 1409 1058 1464 quidem
1088 1421 1240 1463 opera,
1270 1423 1384 1465 quae
1414 1423 1504 1451 non
1533 1413 1628 1451 mo-

126 1521 188 1550 ter
220 1515 444 1550 Aeserninus
474 1526 618 1550 messen
654 1515 820 1550 wollte.“
879 1517 932 1550 Er
969 1516 1085 1562 spielt
1117 1518 1184 1550 auf
1217 1516 1278 1549 die
1311 1515 1357 1550 de
1390 1522 1467 1562 opt.
1494 1527 1622 1561 gener.

127 1570 222 1599 orat.
249 1564 283 1609 ἕ.
312 1566 355 1600 17
382 1564 639 1610 angefiihrten
659 1566 771 1598 verse
797 1565 861 1599 des
880 1564 1045 1598 Lucilius
1072 1576 1130 1603 an,
1159 1576 1215 1598 wo
1233 1565 1418 1598 Aechines
1444 1565 1516 1598 mit
1542 1565 1628 1599 dem

128 1613 364 1654 Aeserninus,
393 1612 672 1647 Demosthenes
697 1613 769 1647 mit
795 1612 883 1647 dem
899 1613 1142 1647 Pacideianus
1163 1608 1387 1660 verglichen
1404 1613 1510 1647 wird.
1550 1615 1629 1648 Mit

127 1661 409 1696 Samnitischen
439 1661 688 1696 Gladiatoren
715 1661 855 1695 liessen
882 1662 962 1694 sich
996 1661 1103 1695 nicht
1127 1660 1246 1695 leieht
1271 1660 1408 1694 andere
1434 1662 1490 1695 als
1525 1661 1628 1696 ihres

127 1709 313 1745 Gleichen
339 1708 411 1742 ein.
467 1710 529 1743 Sic
554 1709 636 1743 Md.
663 1710 783 1743 Oxon.
813 1712 844 1746 1.
871 1711 904 1746 2.
943 1711 1042 1744 Crat.
1069 1709 1168 1743 Vict.
1198 1712 1233 1744 l.r
1255 1711 1288 1745 2.
1316 1710 1419 1743 Man.
1452 1710 1628 1745 Pacidia-

126 1769 192 1793 ηαδ
216 1757 307 1793 Em.
333 1757 420 1791 Sch.
446 1758 542 1791 Liin.
570 1758 769 1792 ORELLI.
814 1776 857 1782 -—
908 1759 1022 1792 aurio.
1048 1758 1227 1792 Fortasse
1252 1758 1422 1792 Lucilius
1446 1758 1515 1792 illo
1541 1759 1627 1793 loco

126 1812 346 1841 narraverat
370 1806 614 1839 Pacidianum
646 1805 854 1840 Aesernino
889 1802 1152 1846 (Aeserninum
1188 1805 1440 1848 Pacidiano?)
1477 1808 1628 1841 auricu-

125 1856 203 1890 lam
230 1854 421 1889 mordicus
446 1855 654 1890 abstulisse.
681 1853 791 1889 SGH.
819 1874 864 1879 —-
897 1866 1012 1888 meum
1037 1852 1248 1896 consilium,
1276 1854 1336 1887 die
1361 1867 1435 1888 von
1463 1856 1538 1889 mir
1563 1866 1629 1900 ge·

126 1914 330 1938 nommene
354 1903 575 1947 Massregel.
627 1923 670 1928 —
724 1906 876 1936 ornatus
909 1907 1019 1944 esset,
1065 1903 1192 1935 iudem
1228 1913 1269 1935 er
1305 1913 1333 1935 z.
1362 1903 1405 1936 B.
1443 1902 1511 1936 ihn
1543 1916 1627 1938 zum

129 1951 388 1997 Obergeneral
412 1951 466 1985 im
491 1949 828 1985 Mithridatischen
854 1951 995 1999 Kriege
1023 1948 1246 1996 empfohlen
1271 1950 1386 1985 hatte.
1423 1970 1467 1976 —
1511 1952 1627 1986 nzz'nus

126 2005 273 2047 potens,
308 2000 355 2033 da
380 2011 421 2034 er
446 2000 550 2033 noch
576 1999 687 2032 nicht
713 2010 752 2032 so
779 1999 951 2044 machtig
977 1999 1030 2032 als
1057 1999 1149 2033 ietzt
1175 2010 1262 2033 war.
1295 2017 1341 2024 —
1390 1999 1428 2032 in
1454 2010 1510 2034 me
1530 2000 1623 2041 flor.

129 2060 255 2096 gegen
280 2047 386 2082 mich
411 2049 453 2082 in
481 2048 548 2081 der
576 2048 658 2080 Zeit
684 2047 824 2080 meines
853 2046 1040 2080 hochsten
1067 2047 1183 2081 Flors.
1212 2066 1253 2072 -
1284 2047 1626 2091 faciendumsuis-

128 2096 199 2142 set,
224 2097 258 2132 si
283 2097 510 2140 amicorum,
536 2095 714 2135 Sallustii,
744 2094 911 2129 consiliis
936 2096 1094 2140 obsequi
1119 2095 1328 2129 voluissem.

226 2148 263 2184 3.
290 2146 534 2183 Alterutrum.
563 2145 645 2179 Iun.
674 2144 773 2178 coni.
800 2144 970 2178 Alterum
993 2143 1113 2186 igilur
1139 2145 1246 2189 prob.
1273 2144 1419 2178 Bentiv.
1445 2142 1519 2177 Sed
1547 2151 1623 2179 est:

131 2195 394 2238 „Alterutrum
421 2194 598 2227 fecisses!
633 2203 813 2226 accusare
847 2191 878 2225 si
903 2192 1080 2234 nolebas,
1109 2192 1392 2236 desendz'sses!“
1427 2192 1624 2237 ORELLI.

130 2263 175 2270 —
202 2244 337 2288 qui:
363 2242 503 2288 quippe
528 2242 607 2288 qui,
634 2241 675 2275 ut
701 2240 780 2286 qui,
807 2247 938 2286 utpote
977 2241 1038 2286 qui
1063 2263 1073 2274 .
1092 2266 1103 2276 .
1139 2245 1265 2284 putet,
1293 2241 1374 2274 dass
1399 2251 1439 2272 er
1463 2241 1624 2285 glauben

130 2293 241 2328 kann.
292 2290 329 2326 S.
356 2291 507 2326 Ramsh.
534 2293 562 2336 §.
590 2291 672 2330 194,
701 2292 734 2324 1.
772 2309 814 2314 -
867 2289 1063 2332 infamiam
1096 2290 1365 2334 sempiternam.
1410 2289 1461 2322 Et
1495 2295 1624 2323 tamen

129 2341 242 2387 paulo
269 2346 356 2386 post
381 2338 585 2373 Gabinium
611 2339 746 2372 Cicero
774 2336 968 2376 defendit;
994 2337 1058 2370 sed
1083 2337 1219 2381 inbalia
1245 2348 1364 2371 causa.
1391 2355 1435 2361 -—
1461 2336 1530 2381 Ιιᾳε
1554 2348 1626 2373 me-

130 2390 266 2432 diocr„
306 2388 369 2421 ich
396 2388 503 2421 frene
528 2387 647 2429 mich,
674 2386 782 2420 einen
808 2385 1017 2431 Mittelweg
1045 2385 1238 2430 gefnnden
1264 2397 1308 2420 zu
1333 2385 1475 2427 haben,
1522 2385 1557 2420 d.
1596 2387 1622 2419 i.

131 2438 230 2471 bloss
263 2437 316 2470 als
353 2437 475 2481 Zeuge
510 2436 630 2468 wider
662 2435 725 2469 ihu
761 2435 996 2479 ausgetreten
1035 2445 1080 2468 zu
1112 2434 1202 2469 sein.
1229 2452 1275 2458 —-
1301 2433 1426 2475 satias.
1462 2435 1624 2480 gratiam

131 2486 349 2527 relaturum,
375 2484 477 2530 quod
503 2495 587 2517 eum
615 2495 687 2516 non
714 2493 956 2523 accusassem,
983 2483 1200 2516 testimonio
1228 2488 1441 2516 contentus.
1486 2482 1622 2516 MAN.

134 2552 176 2558 —
205 2544 314 2578 neque
342 2558 350 2566 .
379 2558 387 2566 .
417 2558 424 2565 .
450 2531 720 2574 interrogavit,
749 2531 825 2566 und
852 2530 932 2564 dass
960 2542 1000 2564 er
1025 2531 1135 2565 keine
1160 2532 1284 2576 Frage
1310 2542 1355 2564 an
1384 2528 1487 2563 mich
1515 2529 1621 2574 that;

131 2581 300 2629 folglich
333 2581 435 2615 mein
470 2581 647 2629 Zeugniss
681 2580 732 2614 als
766 2580 868 2614 wahr
900 2579 1141 2615 anei-kannte.
1199 2581 1279 2614 Der
1317 2578 1498 2622 Beklagte
1532 2578 1624 2612 oder

132 2631 212 2663 sein
239 2629 405 2664 Advocat
439 2630 544 2663 hatte
577 2629 640 2662 das
672 2628 807 2671 neem,
842 2628 926 2661 dem
952 2628 1096 2672 Klager
1120 2626 1314 2662 allerhand
1355 2626 1623 2674 verfangliche

131 2681 274 2722 Fragen
303 2679 547 2722 vorzulegen,
583 2689 648 2711 um
673 2676 740 2710 ihn
769 2676 882 2710 dahin
909 2688 954 2710 zu
980 2676 1162 2719 bringeri,
1198 2676 1281 2709 dass
1307 2686 1349 2709 er
1373 2673 1458 2708 sich
1482 2674 1622 2708 wider-

131 2727 289 2771 spr'a’che
317 2726 405 2760 oder
432 2727 526 2760 iiber
552 2726 612 2759 die
636 2725 810 2758 Antwort
835 2725 1008 2770 ver-legen
1035 2724 1175 2757 wiirde.
1252 2723 1301 2758 So
1337 2722 1488 2756 machte
1525 2733 1563 2757 es
1588 2735 1620 2759 z.
1659 2739 1666 2747 ν

132 2777 174 2810 Β.
202 2775 267 2809 der
293 2775 512 2820 angeklagte
537 2774 646 2809 Milo.
697 2773 730 2806 S.
761 2772 912 2807 Pedian.

230 2827 261 2858 d.
290 2835 311 2856 a
339 2835 389 2856 mc
414 2822 526 2856 scribi
553 2822 616 2856 vis,
669 2822 705 2856 S.
735 2833 791 2866 cp.
821 2822 985 2857 CXLIV.
1013 2822 1046 2855 4.
1085 2841 1126 2846 --
1167 2831 1279 2863 oprrcr
1307 2834 1353 2852 :z
1379 2819 1539 2853 facultas
1566 2819 1618 2851 la·
