1742 3006
574 76 896 122 EPISTOLA
935 76 1096 122 XXV.
1531 82 1592 128 99

100 193 215 237 mihi
253 192 451 247 asperius
480 204 507 232 a
546 191 675 232 nobis
712 191 843 244 atque
882 191 1047 232 nostris
1077 193 1123 232 et
1151 189 1428 234 iniucundius
1467 200 1593 239 actae

100 251 376 302 videbantur,
395 246 799 290 moderatissimum
830 245 971 288 fuisse
997 245 1380 290 vehementissime
1398 251 1590 304 gaudeo:

101 307 234 362 idque
262 319 399 361 neque
418 304 586 346 amoris
617 301 858 345 mediocris
888 306 933 343 et
956 302 1122 357 ingenii
1150 305 1311 345 summi
1340 318 1393 347 ac
1422 309 1592 361 sapien-

101 365 190 406 tiae
218 361 380 404 iudico.
439 359 541 410 Qua
569 359 626 400 de
650 373 700 400 re
727 372 861 414 quum
890 358 947 400 ad
976 371 1047 399 me
1074 360 1139 400 ita
1167 361 1377 415 suaviter,
1407 362 1592 418 diligen„

100 425 183 472 ter,
213 418 417 459 officiose
447 421 492 459 et
512 415 764 457 humaniter
791 414 1041 470 scripseris,
1069 420 1119 456 ut
1140 429 1226 457 non
1255 417 1388 459 modo
1416 423 1462 461 te
1490 420 1595 462 hor-

101 477 189 518 tari
216 473 404 528 amplius
442 486 530 514 non
560 472 771 522 debeam,
810 471 891 513 sed
920 485 975 513 ne
1013 476 1271 526 exspectare
1311 474 1487 529 quidem
1515 478 1593 519 abs

100 537 145 575 te
173 534 248 572 aut
276 531 330 571 ab
364 529 454 570 ullo
487 528 668 571 homine
694 532 865 571 tantum
904 527 1137 569 facilitatis
1168 541 1221 569 ac
1248 533 1593 575 mansuetudinis

102 586 348 643 potuerim3
379 585 490 627 nihil
520 585 636 627 duco
667 598 765 627 esse
795 583 1086 637 commodius,
1116 597 1249 640 quam
1279 586 1335 628 de
1365 586 1434 629 his
1465 590 1593 633 rebus

102 643 213 685 nihil
242 642 331 684 iam
362 642 552 698 amplius
583 641 792 683 scribere.
834 640 982 690 Quum
1012 641 1179 682 erimus
1210 645 1453 697 congressi,
1484 650 1592 699 tum,

100 701 140 742 si
168 699 275 754 quid
303 712 376 740 res
406 698 547 750 feret,
577 711 731 739 coram
759 699 879 739 inter
915 710 995 738 nos
1025 697 1314 740 conferemus.
1374 699 1508 750 Quod
1537 703 1593 744 ad

101 770 172 797 me
203 755 258 796 de
287 768 336 797 re
365 755 542 810 publica
571 755 762 808 scribis,
801 753 999 807 disputas
1028 758 1076 794 tu
1114 753 1293 809 quidem
1324 758 1368 797 et
1396 763 1594 800 amanter

101 815 146 854 et
173 810 438 866 prudenter:
480 814 524 852 et
553 823 580 851 a
609 810 720 852 meis
750 810 952 851 consiliis
981 810 1097 852 ratio
1126 815 1203 851 tua
1231 824 1318 852 non
1355 813 1592 856 abhorret:

100 893 155 898 —
184 881 286 908 nam
315 881 454 922 neque
496 867 553 908 de
583 870 701 908 statu
729 866 856 908 nobis
885 870 1064 907 nostrae
1104 865 1335 921 dignitatis
1364 873 1431 911 est
1469 885 1593 913 rece-

101 924 294 965 dendum
322 937 464 978 neque
502 923 598 965 sine
627 923 793 965 nostris
822 922 964 976 copiis
1002 923 1121 964 intra
1157 923 1340 964 alterius
1369 927 1595 980 praesidia

98 979 387 1022 veniendum:
430 982 475 1021 et
496 979 551 1032 is,
581 978 638 1020 de
668 993 754 1035 quo
784 979 959 1030 scribis,
989 978 1099 1019 nihil
1128 978 1261 1020 habet
1291 982 1499 1036 amplum,
1529 985 1595 1024 ni-

101 1036 166 1078 hil
196 1036 432 1088 excelsum,
462 1035 574 1077 nihil
594 1049 684 1077 non
713 1035 994 1076 summissum
1025 1038 1154 1090 atque
1174 1036 1410 1090 populare3
1443 1060 1496 1068 —
1522 1053 1594 1081 ve-

102 1097 348 1134 rumtamen
379 1092 464 1133 fuit
493 1092 608 1133 ratio
636 1091 748 1133 mihi
778 1091 971 1133 sortasse
999 1091 1055 1132 ad
1083 1093 1447 1146 tranquillitatem
1476 1108 1594 1138 meo-

102 1163 200 1190 rum
227 1152 477 1203 temporum
517 1162 604 1190 non
647 1148 840 1198 inutilis;
885 1148 966 1189 sed
1005 1146 1260 1189 mehercule
1299 1150 1365 1190 rei
1394 1152 1594 1204 publicae

102 1206 239 1247 multo
270 1205 405 1246 etiam
434 1204 588 1246 utilior
617 1217 748 1259 quam
777 1203 905 1257 mihi,
936 1204 1101 1247 civium
1129 1204 1434 1259 improborum
1457 1207 1595 1263 impe-

102 1324 184 1360 Mai
216 1324 410 1364 erhalten,
444 1324 593 1358 worauf
626 1323 748 1357 dieser
783 1324 841 1358 25.
869 1323 977 1357 Brief
1010 1323 1069 1357 die
1094 1323 1376 1371 Erwiederung
1402 1324 1461 1359 ist.
1497 1345 1540 1351 —
1575 1338 1598 1360 α

103 1373 217 1407 nobis.
248 1373 383 1406 Cicero
419 1373 497 1406 will
525 1371 646 1405 damit
678 1371 739 1404 die
773 1370 918 1405 Schuld
954 1371 1074 1404 seines
1107 1371 1271 1405 Bruders
1298 1371 1456 1413 Quintus
1489 1374 1597 1408 nicht

104 1422 172 1455 auf
195 1420 277 1454 sich
299 1420 488 1462 nehmen,
520 1431 596 1452 was
624 1430 667 1452 er
693 1425 792 1452 sonst
828 1418 946 1453 sehon
972 1419 1026 1452 im
1053 1419 1110 1454 22.
1139 1419 1268 1453 Briefe
1296 1420 1438 1466 gethan
1474 1421 1597 1466 hatte3

105 1469 266 1504 sondern
304 1480 347 1503 er
371 1471 514 1502 'a'ussert
539 1467 624 1501 eine
657 1473 760 1501 zarte
786 1467 1026 1512 Besorgniss‚
1061 1467 1143 1500 dass
1168 1466 1267 1500 auch
1302 1479 1343 1501 er
1369 1469 1429 1503 bei
1455 1470 1597 1506 seinem

104 1516 326 1558 Vei-suche,
362 1517 434 1550 den
465 1515 616 1550 Attikus
652 1516 722 1548 mit
757 1516 897 1549 seinem
924 1515 1074 1549 Bruder
1106 1514 1389 1560 auszusb'hnen,
1425 1518 1477 1551 im
1504 1519 1597 1554 Aus-

103 1564 226 1598 druck
243 1577 279 1599 u.
297 1565 337 1597 in
355 1565 603 1611 Darstellung
629 1564 676 1605 (z.
697 1565 738 1598 B.
758 1563 797 1596 in
814 1564 947 1611 Bezug
973 1564 1040 1596 auf
1064 1563 1126 1597 die
1144 1564 1367 1609 Pomponia)
1394 1565 1475 1600 sich
1501 1569 1598 1602 viel-

103 1612 223 1646 leicht
248 1613 396 1660 einiger
421 1613 540 1646 Harte
559 1611 740 1659 schuldig
765 1611 943 1658 gemacht
968 1610 1079 1647 habe.
1119 1612 1168 1644 Es
1194 1612 1243 1644 ist
1269 1612 1387 1647 daher
1413 1616 1516 1649 nobis
1541 1620 1597 1650 al-

103 1671 166 1704 que
189 1659 311 1703 nicht,
339 1661 410 1694 wie
436 1659 579 1695 Schiitz
604 1659 829 1699 vermeinte‚
857 1659 924 1693 fiir
949 1658 1233 1706 eingeschoben
1260 1672 1307 1694 zu
1333 1662 1524 1697 erklaren.
1554 1685 1595 1691 —

103 1709 241 1743 amoris
265 1709 306 1742 in
331 1720 392 1742 me
416 1709 487 1746 tui.
538 1709 614 1741 Das
640 1718 685 1740 ne
718 1707 758 1740 in
784 1718 894 1751 neque
920 1707 1061 1755 gehb'rt
1087 1720 1134 1740 zu
1160 1707 1360 1743 mediocris
1385 1724 1434 1742 Ξ
1461 1718 1498 1746 et
1524 1724 1597 1746 non

103 1757 322 1790 mediocris.
376 1749 446 1792 [ib.
485 1757 557 1790 aen
591 1756 715 1791 Gemit.
754 1755 1003 1801 proprietatis
1047 1767 1074 1788 s.
1111 1756 1258 1790 Grotef.
1303 1758 1337 1801 §—
1366 1759 1446 1794 236.
1509 1762 1595 1795 zus.

103 1804 254 1840 Ramsh.
282 1805 315 1848 ἓ.
344 1806 422 1840 108.
449 1806 492 1847 3;
529 1804 625 1838 iiber
650 1805 684 1839 d.
712 1810 872 1838 accusat.
910 1815 944 1841 e.
974 1804 1078 1838 infin.
1105 1804 1168 1838 bei
1200 1805 1348 1848 gaudeo
1388 1820 1413 1840 s.
1442 1809 1593 1843 Ramsh.

104 1854 136 1897 §.
165 1855 242 1896 168,
268 1855 302 1888 3.
331 1853 481 1887 Grotef.
510 1853 542 1897 ἕ.
568 1852 649 1888 308.
675 1854 720 1895 23
755 1852 850 1885 iiber
874 1863 983 1896 neque
1009 1854 1038 1896 §.
1065 1853 1146 1887 339.
1182 1872 1227 1877 —-
1261 1854 1477 1896 diligenter,
1515 1870 1597 1891 aus-

103 1900 300 1942 fiihrlich3
328 1902 443 1944 offic„
472 1900 728 1935 verbiudlich.
745 1920 789 1925 —
807 1901 999 1943 facilitas,
1026 1900 1366 1949 Nachgiebigkeit.
1390 1923 1434 1928 —
1461 1906 1600 1950 siquid

104 1960 164 1983 res
179 1951 299 1992 feret,
325 1949 424 1983 nach
450 1949 715 1984 Erforderniss
742 1949 808 1983 det
833 1949 1059 1992 Umstande3
1086 1950 1215 1983 Lamb.
1241 1952 1276 1983 δι’
1300 1951 1388 1994 quid
1412 1955 1567 1995 reseret.

199 2017 233 2051 2.
261 2020 439 2058 amanter,
467 2016 539 2049 mit
564 2015 683 2050 Liebe
710 2028 756 2050 zu
782 2015 869 2049 mir.
899 2036 940 2041 -
971 2016 1089 2057 racio,
1116 2016 1238 2051 Deine
1264 2018 1432 2054 Ansicht.
1459 2041 1503 2046 —
1531 2025 1596 2057 ab·

103 2063 256 2098 horrere
281 2075 300 2096 a
326 2074 391 2105 re,
424 2063 530 2098 einer
554 2063 675 2098 sache
702 2070 889 2113 entgegen
918 2064 1010 2104 sein,
1038 2063 1118 2097 sich
1145 2065 1311 2111 dagegen
1339 2071 1529 2104 strauben.
1552 2092 1596 2097 —-

105 2123 189 2146 nam
214 2122 325 2155 neque
350 2112 393 2145 de
417 2116 516 2145 statu
556 2118 627 2146 cet.
655 2112 809 2146 Sensus:
845 2123 920 2145 non
954 2111 1130 2146 abiiciam
1158 2115 1448 2160 auctoritatem,
1483 2131 1594 2163 quam

105 2161 145 2194 in
170 2159 368 2206 republica
403 2161 602 2194 consulatu
627 2171 711 2194 meo
751 2166 972 2194 consecutus
998 2172 1099 2202 sum,
1133 2173 1203 2196 nec
1229 2174 1290 2196 me
1317 2175 1403 2198 cum
1430 2168 1528 2210 alio,
1556 2176 1598 2202 ut

103 2209 303 2253 Pompeio,
328 2208 555 2252 coniungam
584 2208 658 2250 sic,
690 2214 732 2242 ut
758 2209 836 2242 eius
858 2209 1123 2242 auctoritatem
1156 2216 1302 2245 tantum
1331 2224 1465 2257 sequar
1499 2222 1536 2249 et
1563 2218 1597 2250 ei

104 2257 289 2291 obediam.
316 2256 550 2290 ERNESTI.
586 2276 629 2282 —
661 2267 771 2300 neque
795 2257 874 2290 sine
899 2258 1036 2290 nostris
1061 2267 1139 2301 cop.
1168 2265 1256 2301 cet„
1282 2259 1346 2294 ich
1380 2262 1468 2296 darf
1492 2264 1597 2298 mich

104 2304 212 2338 nicht
238 2305 277 2337 in
314 2305 387 2338 den
413 2303 553 2338 Schutz
580 2305 682 2339 eines
708 2304 897 2351 Einzigen
934 2316 973 2339 so
1000 2305 1169 2352 begeben
1196 2308 1288 2341 oder
1320 2309 1425 2343 mich
1460 2311 1597 2359 derge-

104 2354 193 2386 stalt
218 2351 300 2386 ihm
326 2352 444 2386 allein
471 2352 511 2385 in
537 2353 597 2387 die
614 2354 729 2387 Arme
754 2355 915 2393 werfen,
945 2353 1026 2387 dass
1052 2353 1118 2387 ich
1143 2355 1267 2389 meine
1289 2358 1448 2404 eigenen
1467 2352 1597 2394 Kr'ziste

105 2402 271 2448 aufg'abe·
289 2401 368 2434 und
394 2400 474 2440 die,
500 2401 648 2435 welche
675 2402 731 2435 bis
758 2400 874 2434 dahin
901 2402 1024 2435 meine
1049 2402 1179 2437 Stiitze
1206 2415 1380 2451 gewesen
1408 2406 1504 2446 sind,
1531 2409 1598 2442 be-

106 2448 262 2496 leidigte
295 2448 372 2482 und
405 2447 481 2482 mir
515 2449 779 2484 entfremdete.
841 2450 937 2483 Zum
971 2450 1077 2484 Bilde
1117 2451 1156 2484 in
1192 2452 1263 2486 den
1291 2454 1461 2487 Worten
1495 2456 1598 2490 intra

105 2497 289 2538 praesidia
321 2498 395 2542 vgl.
423 2497 469 2530 ad
502 2497 618 2536 Attio.
647 2499 698 2540 11,
725 2499 766 2533 8.·
801 2499 931 2543 Neque
967 2498 1069 2532 enim
1102 2509 1164 2533 eos
1189 2502 1287 2534 solos
1319 2502 1598 2538 arbitrabamur

108 2543 193 2588 capi
218 2550 292 2581 cet.
325 2557 363 2580 u.
396 2556 454 2591 ep.
481 2546 614 2586 XXIV,
640 2547 674 2581 4.
711 2545 742 2579 is
767 2546 870 2579 enirn
904 2552 960 2579 est
993 2552 1119 2580 noster
1144 2549 1331 2581 exercitus
1366 2557 1437 2584 cet.
1472 2571 1516 2577 —
1551 2554 1596 2592 ἐς,

106 2592 318 2636 Pompeius».
359 2594 452 2641 Vgl.
481 2594 588 2639 epist.
615 2594 760 2636 XVIII,
786 2595 819 2628 4.
848 2595 988 2637 xxm,
1016 2596 1048 2630 6.
1076 2614 1118 2620 —
1157 2595 1250 2628 m’ln'l
1274 2598 1374 2640 quod
1408 2610 1475 2633 non
1502 2612 1597 2634 sum-

106 2638 257 2672 missum
273 2643 379 2684 atque
400 2642 584 2685 populare
601 2649 706 2685 esset,
733 2642 881 2685 Nichts‚
907 2654 982 2677 was
1008 2641 1118 2676 nicht
1131 2641 1322 2677 kleinlich
1349 2648 1423 2680 und
1444 2649 1598 2695 gemein

106 2689 222 2720 ware.
275 2689 356 2721 Von
390 2689 476 2722 dem
507 2690 617 2724 einen
649 2690 856 2736 negativen
882 2692 1032 2724 &Vm-te
1066 2690 1360 2737 nachgesetzten
1394 2707 1463 2729 non
1499 2697 1597 2730 han-

107 2734 186 2768 delt
220 2735 369 2770 Ramsh.
412 2737 446 2780 ᾗ.
473 2739 553 2780 173,
580 2740 614 2773 3.
668 2758 712 2764 -
759 2739 880 2780 ratio,
908 2738 969 2772 die
1005 2738 1153 2778 Partei,
1197 2739 1257 2773 die
1304 2741 1367 2775 ich
1413 2744 1597 2792 ergriffen

106 2781 216 2817 habe.
253 2802 297 2810 —-
334 2794 446 2817 meur.
474 2789 651 2829 tempor.,
686 2786 833 2821 meiner
859 2786 1139 2830 Verhaltnisse‚
1165 2788 1282 2832 Lage.
1335 2801 1439 2827 Quum
1468 2807 1515 2823 z
1541 2803 1599 2827 eo.

1040 2854 1104 2899 7*
