1742 3006
187 57 276 106 140
461 59 523 102 Μ.
555 60 610 103 Τ.
642 57 984 103 CICERONIS
1013 58 1385 104 EPISTOLAE.

182 170 347 225 fuisse,
376 176 424 214 ut
453 174 644 228 primum
674 172 828 214 Asiam
859 173 1085 228 attigisti,
1114 176 1348 216 constante
1378 173 1497 226 sama
1525 176 1659 229 atque

181 229 380 270 omnium
408 241 613 270 sermone
643 228 917 269 celebratum
948 233 1030 270 est.
1099 229 1185 271 Est
1223 234 1373 271 autem
1410 242 1498 270 non
1527 230 1660 271 modo

181 284 303 337 eius,
348 285 425 338 qui
455 284 594 325 sociis
623 287 670 324 et
699 284 896 336 civibus,
949 284 1027 325 sed
1065 286 1200 326 etiam
1232 286 1354 337 eius,
1393 285 1470 339 qui
1499 285 1659 338 servis,

181 340 261 394 qui
291 340 428 381 mutis
458 338 701 393 pecudibus
731 340 916 394 praesit,
946 353 1112 392 eorum,
1142 341 1302 395 quibus
1324 340 1509 396 praesit,
1538 353 1658 381 com-

114 395 170 438 25
184 395 332 437 modis
370 394 651 449 utilitatique
692 396 876 437 servire.
947 395 1088 437 Cuius
1127 397 1306 451 quidem
1346 396 1523 451 generis
1553 408 1658 436 con-

179 454 302 492 stare
341 450 463 492 inter
502 464 655 492 omnes
693 451 828 493 video
866 452 944 492 abs
984 455 1029 492 te
1068 465 1282 493 summam
1312 452 1521 493 adhiberi
1551 451 1658 492 dili-

180 506 404 561 gentiam:
434 507 608 547 nullum
638 520 713 548 aes
742 507 938 548 alienum
961 521 1122 549 novum
1147 507 1357 550 contrahi
1370 507 1656 549 civitatibus:

177 566 333 604 vetere
370 566 518 604 autem
557 576 717 617 magno
759 567 805 603 et
833 563 960 617 gravi
989 564 1153 605 multas
1184 565 1261 606 abs
1291 568 1335 605 te
1366 577 1462 605 esse
1493 564 1657 604 libera-

177 622 272 660 tas:
313 619 445 659 urbes
486 619 740 672 complures
781 618 957 659 dirutas
1000 632 1053 660 ac
1092 629 1234 674 paene
1274 620 1500 672 desertas,
1529 618 1658 659 —in

175 674 340 729 quibus
379 687 511 715 unam
539 674 695 715 Ioniae
725 675 1075 727 nobilissimam,
1123 675 1310 716 alteram
1339 676 1528 727 Cariae,
1578 674 1658 715 Sa-

177 743 298 770 mum
325 732 372 771 et
399 729 797 783 Halicarnassum,
826 753 880 759 —
912 744 994 784 per
1024 735 1070 771 te
1100 743 1196 772 esse
1228 735 1477 772 recreatas:
1508 731 1657 771 nullas

177 798 276 827 esse
298 785 347 827 in
359 785 539 840 oppidis
559 785 822 838 seditiones,
838 787 988 828 nullas
1011 786 1289 828 discordias:
1321 785 1555 840 provideri
1579 787 1657 826 abs

178 846 238 894 te,
267 845 319 883 ut
347 843 560 883 civitates
590 842 876 897 optimatium
904 842 1110 884 consiliis
1132 842 1526 884 administrentur:
1557 842 1657 882 sub-

177 898 274 939 lata
313 897 496 954 Mysiae
545 898 808 939 latrocinia:
852 899 1016 939 caedes
1054 899 1211 939 multis
1252 898 1367 939 locis
1407 909 1657 951 repressas:

179 965 338 1008 pacem
367 957 463 995 tota
492 954 729 1009 provincia
759 955 1071 996 constitutam:
1121 968 1265 1009 neque
1296 954 1441 995 solum
1470 953 1555 994 illa
1583 953 1658 993 iti-

178 1022 335 1050 nerum
364 1013 500 1064 atque
529 1023 765 1064 agrorum,
803 1009 883 1050 sed
913 1010 1056 1050 multo
1087 1011 1223 1051 etiam
1252 1011 1383 1064 plura
1412 1011 1459 1050 et
1486 1008 1661 1050 maiora

178 1065 450 1120 oppidorum
490 1069 537 1106 et
565 1065 771 1107 fanorum
809 1065 933 1106 furta
963 1069 1010 1107 et
1038 1066 1283 1108 latrocinia
1311 1077 1408 1106 esse
1439 1064 1655 1119 depulsa:

180 1125 397 1163 remotam
427 1134 454 1162 a
480 1121 602 1163 sama
630 1126 676 1163 et
703 1135 731 1162 a
759 1120 951 1162 fortunis
992 1125 1038 1162 et
1066 1123 1122 1162 ab
1152 1123 1246 1164 otio
1278 1121 1572 1175 locupletium
1601 1120 1659 1160 il-

180 1178 271 1218 lam
301 1178 637 1219 acerbissimam
666 1177 919 1218 ministram
941 1181 1196 1231 praetorum
1226 1178 1460 1230 avaritiae,
1489 1177 1657 1217 calum—

179 1234 324 1274 niam:
377 1237 576 1287 sumptus
607 1237 651 1274 et
681 1234 852 1274 tributa
879 1233 1116 1274 civitatum
1146 1235 1200 1274 ab
1230 1233 1448 1283 omnibus,
1479 1232 1555 1286 qui
1585 1245 1658 1273 ea·

180 1303 277 1330 rum
318 1288 556 1330 civitatum
593 1288 707 1330 fines
747 1289 976 1341 incolant,
1006 1289 1197 1330 tolerari
1227 1288 1549 1343 aequabiliter:
1590 1286 1657 1328 sa-

178 1345 377 1386 cillimos
422 1357 519 1385 esse
559 1345 709 1385 aditus
749 1344 807 1385 ad
848 1347 917 1385 te:
967 1348 1122 1398 patere
1162 1358 1292 1385 aures
1332 1348 1431 1385 tuas
1461 1343 1659 1397 querelis

177 1401 397 1443 omnium:
445 1399 617 1442 nullius
653 1400 853 1455 inopiam
882 1412 938 1440 ac
965 1399 1255 1441 solitudinem
1284 1412 1372 1440 non
1400 1399 1533 1440 modo
1574 1399 1658 1439 illo

177 1457 386 1512 populari
426 1469 611 1498 accessu
650 1469 704 1497 ac
732 1456 977 1509 tribunali,
1034 1455 1114 1497 sed
1153 1469 1209 1496 ne
1240 1456 1372 1496 domo
1403 1454 1584 1509 quidem
1613 1457 1659 1494 et

177 1513 386 1554 cubiculo
427 1526 524 1554 esse
564 1512 797 1554 exclusam
845 1514 948 1561 tuo;
993 1514 1091 1553 toto
1131 1511 1322 1566 denique
1353 1510 1434 1563 [in]
1465 1510 1658 1565 imperio

177 1569 297 1610 nihil
337 1570 548 1610 acerbum
589 1581 710 1620 esse,
769 1566 887 1608 nihil
929 1567 1137 1619 crudele,
1184 1571 1318 1622 atque
1346 1566 1496 1608 omnia
1525 1566 1656 1620 plena

179 1625 461 1677 clementiae,
491 1623 861 1676 mansuetudinis,
891 1622 1201 1664 humanitatis.

177 1826 271 1860 fand
309 1826 407 1861 seine
453 1826 626 1860 Anbeter.
689 1826 751 1860 Sic
791 1828 935 1860 Manut.
978 1826 1115 1862 Lamb.
1162 1827 1251 1860 Eru.
1300 1826 1456 1859 Schiitz.
1500 1826 1657 1861 Liinem,

177 1885 254 1908 esse
292 1879 324 1908 et
364 1874 448 1910 Md.
491 1876 594 1908 Crat.
622 1874 718 1908 Vict.
748 1877 787 1914 1,
826 1877 860 1911 2.
888 1894 932 1899 —
960 1874 1027 1908 Est
1050 1873 1139 1909 eius.
1189 1873 1225 1908 S.
1252 1874 1406 1908 namsh.
1436 1873 1469 1915 6.
1504 1875 1591 1916 108,
1624 1875 1657 1909 3.

178 1924 329 1957 Grotef.
357 1924 391 1968 §.
416 1924 501 1959 236.

273 1972 330 2007 25.
362 1971 609 2015 optimatium,
650 1971 753 2004 Vict.
793 1973 824 2005 1.
875 1970 1106 2014 optimatum,
1150 1969 1217 2003 der
1255 1969 1546 2014 angesehensten
1582 1968 1657 2002 und

177 2018 454 2054 rechtlichsten
479 2022 633 2065 Biirger.
666 2038 710 2043 -
744 2019 922 2060 asama,
958 2030 1044 2051 vom
1078 2024 1190 2063 guten
1223 2018 1379 2050 Namen.
1411 2036 1456 2042 -—-
1489 2016 1657 2058 ministr„

176 2068 468 2113 Handlangerin.
511 2086 554 2091 ——
598 2066 838 2107 calumniam,
872 2066 933 2099 die
968 2067 1154 2105 Chicane‚
1190 2066 1337 2099 falsche
1369 2065 1557 2111 Anklage,
1591 2064 1658 2097 der

178 2117 336 2163 Quintus
363 2116 448 2149 kein
475 2116 606 2150 Geh’dr
630 2115 724 2159 gab3
759 2114 806 2146 da
839 2122 945 2148 sonst
971 2114 1216 2156 Statthalter‚
1253 2113 1324 2146 wie
1350 2114 1504 2155 Verres,
1540 2112 1658 2146 durch

177 2164 328 2199 falsche
360 2164 549 2209 Anklager
584 2164 645 2210 die
676 2161 848 2196 Reichen
882 2163 1060 2208 belaugen
1096 2164 1248 2205 besson,
1292 2174 1354 2195 um
1389 2162 1509 2195 durch
1545 2161 1657 2194 deren

178 2212 473 2256 Verurtlieiluug
498 2212 576 2246 und
602 2212 779 2256 Achtung
804 2212 885 2244 sich
912 2223 957 2244 zu
982 2211 1208 2245 bereichern
1235 2209 1325 2243 oder
1351 2221 1419 2255 gar
1444 2210 1542 2243 ihres
1565 2208 1656 2242 Ver-

176 2263 331 2306 miigens
357 2271 403 2293 zu
428 2260 705 2305 bemtichtigen.
735 2277 777 2283 —-
805 2259 963 2293 tolerari
996 2260 1139 2303 aequal).
1166 2258 1323 2292 wiirdeu
1351 2260 1418 2293 auf
1443 2259 1504 2291 die
1529 2258 1656 2302 billig-

178 2316 233 2343 ste
261 2311 328 2343 Art
353 2309 532 2342 vertheilt
559 2308 635 2341 und
661 2308 738 2342 also
764 2309 928 2352 weniger
954 2307 1149 2340 driickend
1175 2307 1374 2341 befunden.
1428 2306 1531 2341 Med.
1559 2306 1658 2338 Vici.

179 2362 213 2400 1,
241 2359 275 2399 2,
301 2355 442 2390 wieder
467 2357 687 2400 aequaliter,
723 2356 791 2389 wie
826 2357 920 2390 oben
960 2356 991 2400 ς.
1019 2357 1074 2391 20.
1104 2376 1145 2380 —
1173 2356 1336 2397 solitum,
1371 2352 1658 2395 Verlassenheit,

178 2406 350 2439 iusofern
376 2416 413 2438 es
445 2405 527 2438 ihm
565 2416 613 2436 an
639 2404 939 2449 Empfehlungen
973 2404 1171 2448 mangelte.
1222 2404 1271 2437 So
1309 2402 1521 2448 gebraucht
1553 2403 1657 2435 verr.

182 2457 221 2494 l,
255 2454 301 2489 58
334 2453 407 2486 und
443 2465 513 2498 pro
542 2454 653 2486 Dom.
679 2454 725 2487 36
750 2464 819 2485 von
843 2452 1013 2486 Kindern
1049 2453 1146 2485 ohne
1175 2454 1306 2492 vater,
1345 2451 1497 2486 Caecin.
1530 2451 1551 2485 5
1587 2462 1659 2483 von

180 2502 375 2535 VVittwen.
403 2520 445 2526 -—
473 2501 538 2534 illo
564 2501 689 2544 popul.
717 2512 880 2541 accessu,
916 2512 988 2533 von
1015 2501 1118 2533 ienor
1133 2498 1657 2533 Deinervolkssreundlichen

181 2548 507 2594 Zugiinglichkeit.
566 2549 717 2581 Lallem.
751 2549 967 2582 vermuthet
1000 2559 1147 2581 accessu
1181 2550 1229 2582 ad
1253 2548 1416 2581 tribunal
1449 2554 1564 2581 tuum,
1616 2565 1657 2570 —

181 2603 261 2639 tuo,·
290 2601 379 2630 toto.
406 2598 467 2631 Sic
493 2597 731 2641 distinguunt
757 2598 904 2630 Manui.
935 2597 1037 2631 vict.
1065 2599 1096 2632 2.
1127 2597 1225 2630 Oliv.
1253 2597 1358 2629 Bent.
1385 2595 1572 2637 cubiculo,
1600 2599 1660 2627 tm)

182 2649 255 2677 toto
284 2646 381 2679 Cett.
410 2645 606 2682 ORELLI,
636 2666 676 2670 —
708 2646 793 2689 [in]
829 2657 915 2678 cum
953 2645 1055 2678 Δηὼ.
1097 2647 1150 2679 17.
1180 2647 1275 2678 lens.
1303 2648 1401 2678 Crat.
1428 2643 1559 2678 Lamb.
1594 2642 1659 2674 ad-

180 2692 257 2725 didi
284 2693 320 2725 in
345 2693 474 2727 saltem
502 2706 589 2726 cnm
617 2693 665 2737 [J.
695 2693 798 2727 omis.
825 2694 905 2728 Md.
935 2693 1030 2726 Vict.
1059 2695 1089 2733 l,
1117 2695 1149 2728 2.
1177 2693 1487 2726 Ernest.Schi'1tz.
1506 2692 1659 2724 Liinem.

184 2740 379 2776 ORELLI.
408 2760 448 2766 -—
477 2744 594 2787 Atque
622 2740 719 2775 nach
747 2743 1005 2788 Negationen,
1033 2742 1104 2775 wie
1131 2740 1238 2780 nilon,
1266 2755 1313 2774 z
1341 2742 1418 2775 imo
1446 2751 1555 2781 vero,
1585 2740 1658 2771 sed.
