1742 3006
540 59 854 127 EPIS'IjoLA
884 62 1002 106 om.
1035 63 1180 106 an.
1500 63 1590 110 521

105 174 287 215 verbum
327 172 505 214 nullum.
565 174 714 215 Habes
755 173 967 215 forensia.
1037 175 1176 217 Domi
1216 179 1362 225 recte,
1406 181 1450 217 et
1497 177 1593 231 ipsa

105 230 260 271 domus
290 243 317 271 a
346 229 704 284 iwedemptmibus
731 233 955 272 tractatur
983 243 1070 271 non
1102 230 1406 287 indiligenter

323 418 639 462 EPISTOLA
671 420 814 465 CLII.
885 420 964 472 (ad
994 421 1050 472 Q.
1081 422 1158 464 Fr.
1190 423 1277 465 ΙΙΙ.
1308 422 1371 472 3.)

241 494 318 529 scr.
344 496 487 529 Romae
513 496 616 529 circa
642 497 701 533 Id.
730 496 889 531 Octobr.
917 499 958 532 A.
987 497 1031 532 U.
1062 499 1100 530 c.
1127 499 1208 533 700.
1236 498 1284 540 (a.
1313 499 1355 534 c.
1381 499 1457 542 54.)

104 562 244 597 Scribit
280 563 326 597 de
354 563 666 608 occupationibus
693 565 769 597 suis
796 570 832 597 et
855 563 967 598 rebus
993 563 1222 599 domesticis.
1266 566 1297 601 1.
1336 566 1383 600 de
1416 567 1592 601 comitio-

104 622 185 645 rum
219 611 474 646 dilationibus.
512 613 544 647 2.
595 612 642 646 de
677 613 840 668 Gabinio
861 613 1026 695 gniliitlus
1053 624 1132 648 reo.
1159 615 1194 649 3.
1237 614 1281 648 de
1316 615 1362 660 Q.
1401 616 1595 651 Ciceronis

700 662 772 695 filu
798 667 856 696 stu
887 673 945 699 ns.
1000 686 1008 695 .

566 746 766 782 MARCUS
801 747 848 793 Q
881 746 1058 782 FRATRI
1090 746 1128 782 S.

214 813 573 869 Occupationum
613 828 812 856 mearum
849 815 934 856 tibi
973 816 1151 871 signum
1191 815 1252 857 sit
1292 816 1472 858 librarii
1501 831 1593 859 ma-

104 883 200 911 nus.
268 870 403 911 Diem
444 871 561 911 scito
602 884 698 911 esse
737 871 935 923 nullum,
984 886 1071 926 quo
1111 871 1185 912 die
1214 886 1304 914 non
1334 873 1482 913 dicam
1512 887 1594 928 pro

106 939 195 967 reo.
269 926 365 978 Ita,
396 925 674 980 quidquido
650 925 844 967 conficio
875 930 953 967 aut
983 928 1164 981 cogito,
1194 929 1242 968 in
1273 929 1593 970 ambulationis

104 987 276 1036 tempus
307 980 402 1022 fere
433 981 630 1024 conselo.
698 981 896 1036 Negotia
925 994 972 1022 se
1002 986 1158 1024 nostra
1185 984 1267 1024 sic
1281 982 1474 1033 habent,
1514 984 1593 1025 do-

104 1038 293 1078 mestica
329 1051 464 1090 vero,
514 1042 562 1079 ut
590 1038 809 1079 volumus.
878 1037 1051 1079 Valent
1088 1039 1243 1093 pueri,
1290 1039 1493 1081 studiose
1523 1040 1593 1080 di-

104 1097 250 1146 scunt,
280 1093 525 1149 diligenter
555 1093 788 1146 docentur,
818 1096 863 1134 et
892 1107 972 1134 nos
993 1097 1038 1134 et
1066 1094 1186 1135 inter
1206 1108 1253 1135 se
1276 1099 1439 1137 amant.
1496 1096 1594 1136 Ex-

103 1149 348 1204 politiones
377 1151 610 1204 utriusque
640 1153 844 1190 nostrum
873 1152 975 1190 sunt
1015 1150 1061 1190 in
1089 1151 1314 1191 manibus:
1354 1150 1385 1202 -l·
1405 1151 1485 1192 sed
1515 1155 1595 1192 tua

104 1205 162 1247 ad
191 1205 441 1260 perfectum
479 1206 569 1246 iam
613 1219 684 1246 res
725 1206 894 1246 rustica
923 1206 1093 1246 Arcani
1132 1209 1177 1246 et
1205 1205 1394 1247 Laterii.
1452 1206 1594 1248 Prae-

103 1265 229 1303 terea
267 1261 323 1302 de
364 1274 479 1316 aqua
517 1265 562 1302 et
601 1261 656 1302 de
693 1262 771 1302 via
810 1260 929 1302 nihil
961 1262 1246 1316 praetermisi
1276 1262 1469 1317 quadam
1499 1264 1593 1318 epi-

104 1378 168 1414 sed
194 1381 234 1412 in
261 1386 401 1414 senatu.
427 1379 561 1414 MAN.
613 1379 718 1413 Beim
745 1380 880 1414 Pr'dtor
904 1379 1038 1428 klagte
1070 1380 1137 1414 ihn
1163 1381 1205 1414 L.
1232 1381 1417 1416 Lentulus
1443 1394 1502 1416 an.
1554 1382 1592 1417 S.

105 1440 166 1474 ep.
193 1428 351 1467 CXLIX,
380 1430 434 1464 15.
472 1446 516 1453 —
548 1428 693 1461 nomina
720 1428 819 1471 data,
849 1439 891 1461 er
913 1428 1066 1462 machte
1090 1429 1161 1463 Die
1186 1428 1399 1472 nahmhast,
1435 1430 1498 1464 die
1523 1430 1593 1465 ihn

104 1477 236 1510 dessen
262 1476 501 1511 iiberweisen
527 1475 709 1510 konnten.
737 1494 785 1501 —
809 1476 907 1509 verb.
923 1477 1013 1510 null.
1043 1478 1252 1523 proferret.
1282 1497 1324 1502 —
1352 1478 1464 1512 Domi
1484 1483 1593 1524 recte,

104 1536 153 1558 zu
178 1525 302 1558 Hause
327 1525 429 1559 steht
453 1524 558 1558 Alles
613 1530 664 1558 ut.
710 1543 753 1548 —
804 1524 885 1568 ipsa
912 1526 1033 1558 domus
1060 1550 1070 1559 .
1099 1550 1107 1558 .
1136 1553 1144 1562 .
1173 1529 1298 1567 tract„
1323 1526 1393 1560 der
1418 1527 1593 1561 Hausbau

105 1600 114 1607 .
143 1597 151 1605 .
177 1594 190 1607 .
217 1572 318 1606 wird
343 1572 550 1607 betrieben.
586 1536 651 1606 zar,
676 1572 725 1606 ist
751 1583 826 1606 von
844 1572 956 1606 ihren
979 1572 1098 1607 neben
1126 1573 1309 1608 einander
1332 1574 1592 1609 befindlichen

103 1620 401 1669 beiderseitigen
427 1622 600 1655 H'a'usern
627 1620 687 1654 die
712 1620 834 1663 Rede3
861 1620 980 1654 daher
1005 1620 1075 1654 der
1089 1621 1216 1655 Plural
1241 1622 1419 1667 redempt.
1470 1622 1506 1657 S.
1529 1635 1588 1668 ep.

106 1669 266 1711 CXLVI,
293 1670 326 1704 6.
378 1669 511 1708 CLIII,
538 1670 571 1704 8.
623 1669 704 1713 CII,
731 1670 764 1705 2.
817 1689 856 1694 —
910 1680 982 1702 non
1009 1669 1128 1710 indit„
1165 1669 1347 1704 ziemlich
1383 1671 1476 1705 oder
1501 1670 1592 1705 sehr

103 1717 260 1764 sseissig.

201 1768 233 1800 1.
269 1764 423 1799 libr-avii
448 1775 592 1805 manus,
629 1765 739 1805 „dass
770 1765 832 1799 ich
867 1766 966 1799 mich
1003 1765 1070 1799 der
1096 1766 1203 1799 Hand
1237 1766 1338 1800 eines
1373 1765 1591 1803 schreibers

102 1813 279 1852 bediene‚
308 1813 416 1847 nicht
441 1814 512 1847 mit
537 1814 689 1863 eigener
716 1815 823 1848 Hand
851 1815 922 1848 Dir
948 1814 1132 1849 schreibe.
1138 1815 1162 1835 “
1221 1815 1327 1849 Eben
1355 1827 1394 1849 so
1421 1817 1499 1861 sing
1527 1818 1592 1851 der

106 1863 186 1897 149.
215 1862 321 1895 Brief
345 1845 760 1906 an.Ver.g1³'144.—
794 1873 863 1907 quo
891 1863 957 1896 die.
1014 1856 1119 1898 Uber
1154 1863 1254 1896 diese
1289 1864 1592 1909 W'iederholung

104 1911 169 1943 des
194 1910 311 1944 Subst.
349 1910 414 1943 der
439 1911 695 1956 Genauigkeit
720 1922 849 1956 wegen
883 1923 914 1949 s
940 1911 1090 1945 Ramsh.
1125 1910 1152 1953 ξ.
1181 1913 1261 1952 159,
1286 1912 1322 1952 3,
1352 1912 1386 1944 d.
1412 1914 1459 1947 N.
1487 1915 1519 1948 2.
1545 1933 1589 1939 ·—

104 1959 167 1992 Ita
193 1984 201 1991 .
229 1983 237 1991 .
267 1981 276 1991 .
307 1960 486 2001 consae,
520 1971 585 2000 „so
613 1971 714 1992 muss
740 1960 802 1993 ich
831 1959 924 1992 denn
948 1960 1061 2001 Alles‚
1089 1972 1162 1993 was
1189 1960 1252 1993 ich
1279 1966 1384 1993 sonst
1412 1962 1513 1994 noch
1540 1974 1590 1996 zu

104 2006 198 2039 tliun
226 2006 318 2039 oder
345 2018 389 2040 zu
415 1983 557 2039 denkeii
585 2008 702 2047 habe,
729 2009 902 2041 meistens
928 2008 968 2040 in
996 2008 1055 2040 die
1082 2008 1165 2040 Zeit
1189 2008 1332 2040 meines
1359 2009 1591 2055 Erholungs-

104 2065 245 2100 ganges
273 2055 457 2108 verlegen.
464 2057 487 2075 “
513 2056 707 2088 ambulatio
734 2070 783 2088 z
808 2055 1007 2101 περίπατος
1031 2052 1250 2100 σύμμετρος,
1276 2056 1482 2092 ambulatio
1507 2070 1591 2092 mo-

107 2103 254 2142 derata,
293 2114 372 2136 eine
399 2104 660 2150 abgemessene
686 2106 755 2137 Art
788 2116 831 2138 zu
866 2105 970 2137 einer
1005 2105 1248 2137 bestimmten
1274 2105 1357 2138 Zeit
1389 2107 1478 2140 nuf-
1513 2107 1591 2140 und

105 2150 347 2195 abzugehen,
399 2151 457 2184 die
486 2153 616 2185 Cicero
644 2154 707 2186 fiir
733 2152 863 2197 nothig
887 2152 1000 2193 hielt,
1051 2164 1111 2185 um
1148 2153 1246 2185 nach
1280 2153 1384 2187 einer
1416 2154 1590 2200 heftigen

105 2201 368 2247 Anstrengung
403 2199 468 2233 der
493 2201 625 2244 Lunge
652 2202 754 2233 seine
779 2203 889 2234 Brust
922 2200 1058 2234 wieder
1091 2201 1163 2234 frei
1191 2213 1237 2234 zu
1263 2203 1420 2237 macheu
1447 2204 1519 2236 und
1546 2216 1589 2238 zu

107 2247 337 2283 erfrischen
389 2249 422 2281 S.
450 2259 508 2293 ep.
538 2249 755 2283 DCLXVII.
783 2267 829 2273 -—·
855 2249 1008 2291 negotia
1034 2249 1117 2285 scil.
1143 2250 1308 2293 publica.
1348 2272 1389 2277 —
1426 2252 1584 2286 2122qu

106 2307 194 2334 mus,
222 2295 321 2328 nach
348 2297 394 2329 W
400 2297 531 2332 unsel!
563 2316 607 2322 -
638 2297 747 2341 puevi
771 2297 912 2335 nostri,
949 2297 1015 2328 der
1039 2297 1163 2330 kleine
1189 2299 1342 2331 Marcus
1368 2311 1401 2332 u.
1428 2301 1590 2346 Quintus

110 2345 258 2377 Cicero.
287 2363 331 2368 -—
359 2344 453 2376 inter
478 2355 525 2386 se,
551 2347 652 2379 einer
678 2345 748 2378 den
775 2346 922 2378 andern.
951 2364 996 2369 —
1023 2346 1180 2379 Arcani.
1231 2348 1353 2380 Locus
1380 2355 1588 2393 corruptus.

108 2393 168 2426 Sic
196 2392 280 2430 Md.
309 2393 433 2427 Ceteri
462 2393 553 2427 Cdd.
581 2397 684 2428 Man.
712 2394 815 2428 Vict.
842 2396 876 2428 2.
904 2394 991 2426 Ern.
1029 2394 1111 2434 (ves
1144 2398 1196 2426 est
1232 2396 1369 2428 r-uslz‘ct
1405 2397 1502 2429 Vict.
1539 2398 1589 2437 2.)

108 2441 174 2474 sed
197 2445 260 2474 tua
285 2441 334 2473 ad
356 2442 574 2493 Ρσ1·1’.εεί1ι111
627 2444 709 2475 Iam
743 2452 800 2476 res
833 2445 882 2474 cst
908 2441 1048 2474 τιιείίεα
1080 2444 1161 2475 Asc.
1192 2445 1222 2476 1.
1253 2445 1352 2476 Crat.
1388 2449 1448 2478 tua
1473 2456 1589 2488 poene

108 2489 158 2522 ad
190 2492 316 2522 leolum
351 2489 421 2521 iam
452 2490 628 2532 perducta
664 2501 723 2523 res
762 2494 812 2522 est
848 2490 982 2522 rustica
1016 2491 1110 2526 Arc.
1147 2491 1275 2523 Lamb.
1313 2495 1371 2525 tua
1404 2503 1515 2535 paene
1542 2494 1590 2526 ad

110 2541 250 2570 lectum.
324 2537 402 2569 Iam
447 2548 505 2569 ves
548 2539 701 2572 rusticas
744 2537 1323 2572 AJc.Sc11utz.1.unemann.
1390 2541 1585 2575 OREILI.

111 2585 166 2616 An
203 2584 272 2616 den
308 2584 582 2630 Verzicrungen
618 2597 769 2619 unserer
808 2587 854 2617 w
860 2586 1064 2634 ohnungen
1098 2587 1136 2618 111
1171 2587 1237 2619 der
1277 2587 1382 2621 Stadt
1417 2589 1492 2622 und
1527 2591 1590 2623 nus

110 2632 195 2665 dem
221 2632 346 2666 Laude
372 2633 464 2666 wiid
489 2635 630 2678 taglich
656 2634 865 2677 gembeitct
890 2635 934 2673 (S.
961 2634 994 2666 d.
1011 2634 1118 2667 Ende
1144 2633 1206 2667 des
1232 2636 1351 2678 vorig.
1371 2639 1433 2674 Br
1441 2640 1474 2680 ),
1501 2639 1589 2672 aber

110 2681 147 2713 in
175 2680 332 2713 Deinem
359 2683 544 2716 Arcanum
568 2683 643 2716 und
667 2682 861 2716 Laterium
895 2683 944 2715 ist
974 2683 1113 2715 bercits
1140 2683 1236 2716 Alles
1268 2685 1399 2730 vollig,
1452 2687 1519 2719 wie
1552 2699 1589 2718 es

112 2729 188 2762 sein
214 2729 291 2765 soll.
330 2730 365 2762 n
370 2729 476 2764 IEL.
507 2752 547 2757 -
593 2731 744 2774 quadam
770 2730 946 2774 epzstola,
975 2730 1057 2764 dem
1087 2731 1164 2768 146.
1191 2732 1328 2768 Bricfe.
1360 2754 1397 2760 -
1439 2746 1480 2768 cz
1506 2735 1589 2770 ism
