1742 3006
176 83 274 133 280
467 84 531 128 Μ.
560 86 617 130 Τ.
648 76 991 129 CICERONIS
1021 81 1396 127 EPISTOLAE.

178 211 313 254 quam
341 197 602 253 planissime
631 197 690 239 ad
718 211 789 239 me
817 197 1012 239 scribas:
1042 198 1088 240 et
1106 210 1205 239 meo
1233 195 1438 250 nomine,
1466 198 1517 238 ut
1544 197 1656 239 scri-

177 254 272 306 bis,
303 255 485 306 literas,
515 254 676 308 quibus
704 255 882 310 putabis
921 265 1032 310 opus
1071 265 1191 307 esse,
1235 256 1285 294 ut
1322 252 1416 294 des.
1458 253 1568 297 Dat.
1597 254 1654 296 V.

177 310 285 353 Kal.
313 310 556 354 Novembr.

392 525 713 570 EPISTOLA
744 524 1026 568 LXXVIII.
1087 526 1201 579 (Att.
1232 527 1318 569 III.
1352 525 1438 577 22.)

172 597 252 634 Scr.
277 599 419 647 partim
444 601 757 685 Thessalonicag‚
776 602 932 694 ἐξῖηίιῗ
963 600 1199 694 Βέτιὲὲᾶῗὴίί
1226 603 1291 638 VI.
1317 602 1398 636 Kal.
1423 602 1519 635 Dec.
1545 598 1586 635 A.
1613 601 1657 635 U.

741 676 749 684 .
851 675 862 686 .
929 661 959 683 a.
1020 675 1028 684 .
1103 676 1110 683 .

169 716 230 751 De
254 716 402 751 Plancii
426 716 672 756 liberalitate.
698 720 735 754 l.
767 717 813 751 de
837 718 992 752 Lentuli
1019 718 1170 758 officio,
1208 716 1255 750 de
1288 718 1445 753 Metello
1477 718 1552 752 sibi
1578 718 1658 764 pla-

201 770 301 800 cato.
328 767 362 802 2.
387 766 530 812 Quibus
555 767 679 802 causis
695 773 911 800 commotus
929 778 967 800 se
984 766 1267 812 Dyrrhachium
1284 767 1496 801 contulerit.
1521 768 1557 802 3.
1585 768 1620 801 4.

679 834 865 871 CICERO
889 833 1078 869 ATTICO
1113 834 1153 870 S.

280 899 387 942 Etsi
417 899 666 956 diligenter
693 901 753 943 ad
781 914 852 942 me
881 899 1078 950 Quintus
1108 900 1254 943 frater
1281 905 1328 944 et
1366 901 1504 955 Piso,
1545 914 1659 957 quae

171 960 323 997 essent
351 960 479 1010 acta,
509 958 812 1012 scripserant:
855 959 1004 998 tamen
1035 957 1201 998 vellem
1230 962 1309 999 tua
1337 962 1382 999 te
1422 960 1659 1013 occupatio

169 1024 262 1053 non
290 1012 579 1066 impedisset,
620 1027 709 1068 quo
738 1013 907 1064 minus,
947 1018 998 1054 ut
1026 1015 1278 1066 consuesti,
1317 1014 1377 1055 ad
1414 1027 1508 1067 me,
1548 1015 1660 1068 quid

169 1071 384 1121 ageretur
421 1072 468 1110 et
505 1069 615 1123 quid
653 1069 965 1123 intelligeres,
1004 1070 1319 1124 perscriberes.
1393 1069 1471 1111 Me
1510 1070 1661 1111 adhuc

169 1122 388 1164 Plancius
434 1125 715 1166 liberalitate
744 1138 825 1165 sua
853 1125 1021 1166 retinet
1056 1125 1148 1166 iam
1178 1126 1420 1180 aliquoties
1451 1131 1662 1168 conatum

168 1179 238 1219 ire
268 1179 316 1220 in
345 1180 552 1234 Epirum.
610 1181 722 1235 Spes
751 1180 925 1221 homini
945 1185 1013 1221 est
1033 1181 1203 1222 iniecta
1222 1195 1310 1222 non
1331 1181 1513 1233 eadem,
1544 1195 1658 1236 quae

168 1234 312 1288 mihi,
341 1248 473 1289 posse
503 1249 584 1277 nos
612 1250 702 1277 una
730 1236 972 1278 decedere:
1001 1250 1133 1290 quam
1155 1250 1249 1278 rem
1269 1238 1356 1278 sibi
1385 1251 1547 1291 magno
1577 1237 1658 1279 ho-
1723 1249 1726 1252 ’

168 1291 273 1332 nori
302 1295 455 1346 sperat
484 1291 596 1333 fore.
656 1292 748 1334 Sed
778 1293 891 1344 iam,
921 1306 1055 1346 quum
1094 1293 1338 1333 adventare
1378 1294 1548 1334 milites
1589 1294 1658 1334 di—

169 1350 348 1399 cuntur,
378 1345 637 1388 faciendum
658 1348 787 1389 nobis
811 1349 915 1399 erit,
945 1351 995 1388 ut
1016 1348 1070 1388 ab
1092 1361 1144 1388 eo
1164 1349 1463 1390 discedamus.
1524 1348 1660 1399 Quod

171 1415 307 1456 quum
344 1401 588 1457 faciemus,
637 1404 696 1445 ad
731 1407 778 1445 te
817 1404 972 1445 statim
1010 1403 1262 1445 mittemus:
1312 1409 1363 1445 ut
1399 1405 1542 1454 scias,
1582 1406 1659 1446 ubi

172 1458 321 1498 simus.
387 1458 608 1500 Lentulus
649 1473 729 1500 suo
766 1461 813 1500 in
842 1473 921 1500 nos
952 1458 1133 1512 officio,
1179 1460 1300 1514 quod
1329 1463 1375 1501 et
1404 1474 1452 1502 re
1483 1464 1528 1501 et
1557 1474 1659 1514 pro-

171 1514 324 1556 missis
369 1518 416 1556 et
453 1516 604 1556 literis
644 1515 875 1567 declarat,
916 1528 1040 1569 spem
1078 1516 1205 1557 nobis
1234 1517 1496 1557 nonnullam
1526 1518 1661 1558 affert

172 1569 383 1623 Pompeii
403 1570 665 1612 voluntatis.
725 1571 867 1625 Saepe
893 1573 1012 1612 enim
1041 1575 1089 1611 tu
1118 1572 1175 1612 ad
1205 1586 1274 1612 me
1303 1571 1529 1626 scripsisti
1559 1585 1660 1613 eum

172 1628 318 1669 totum
347 1639 444 1668 esse
474 1628 522 1668 in
551 1628 678 1669 illius
708 1631 942 1683 potestate.
1013 1627 1085 1667 De
1125 1627 1339 1680 Metello,
1377 1627 1562 1681 scripsit
1600 1628 1660 1669 ad

171 1775 328 1817 partem,
362 1772 440 1807 sive
462 1773 561 1807 mala
586 1780 670 1807 sunt
697 1774 772 1808 sive
798 1774 919 1816 bona,
949 1771 1165 1808 cuicuimodi
1179 1775 1282 1814 sunt,
1307 1778 1350 1805 ut
1379 1783 1434 1818 ep.
1451 1771 1658 1815 LXXVIII,

173 1820 208 1854 4.
235 1820 400 1866 scripsit.
436 1840 481 1846 —
519 1833 621 1866 quam
649 1823 772 1866 plan„
807 1822 905 1855 ohne
942 1823 1014 1855 alle
1049 1821 1376 1865 Zur-iickhaltuug.
1416 1839 1460 1845 —-
1497 1821 1541 1855 V.
1569 1822 1658 1856 Kal.

172 1867 293 1910 Nom,
319 1869 391 1902 den
417 1871 526 1906 28ten
551 1870 734 1905 October.
782 1871 945 1907 Lambin
970 1871 1056 1915 fugt
1084 1867 1364 1903 Thessalonicae
1392 1870 1516 1903 hinzu.

269 1937 300 1970 1.
327 1935 428 1975 Piso,
456 1936 649 1972 Ciceronis
664 1949 789 1983 gener.
814 1957 859 1965 —-
884 1938 1111 1982 scripserant
1137 1937 1219 1974 scil.
1246 1937 1472 1971 iamdudum.
1499 1936 1657 1981 scripse-

175 1987 258 2017 runt
284 1983 330 2017 de
354 1986 444 2019 Ern.
471 1986 573 2022 coni.
599 1987 756 2021 Schiitz.
782 1988 939 2021 Lunem.
975 1985 1170 2020 ORELLI.
1195 2004 1240 2010 -—
1266 1986 1453 2020 Plancius.
1487 1985 1570 2021 Vid.
1599 1998 1658 2030 ep.

174 2032 331 2074 LXVII,
358 2035 392 2068 2.
421 2051 464 2057 -—
491 2035 672 2069 decedere.
721 2036 897 2069 Plancius
923 2046 999 2068 war
1024 2036 1184 2079 Qu'astor
1215 2034 1252 2066 iu
1277 2034 1531 2067 Macedonien
1558 2034 1660 2067 beim

175 2080 334 2113 Praetor
359 2082 400 2114 L.
425 2080 635 2127 Appuleius.
659 2083 694 2119 S.
721 2084 826 2118 Orat.
853 2095 922 2129 pro
949 2083 1075 2116 Plane.
1105 2094 1138 2116 c.
1164 2083 1225 2118 41.
1254 2100 1298 2106 -—
1324 2083 1547 2124 adventare,
1574 2081 1660 2115 hier

175 2128 381 2162 einriicken
407 2131 564 2164 werden.
592 2132 741 2176 milites,
778 2132 835 2164 die
862 2133 906 2168 L.
933 2130 1151 2175 Calpurnius
1177 2131 1263 2163 Piso
1292 2129 1535 2170 Caesoninus,
1568 2130 1656 2163 wel-

174 2174 271 2210 cher
301 2177 356 2211 als
389 2179 596 2213 Proconsul
628 2180 698 2213 den
736 2181 872 2214 Prator
905 2179 1103 2224 Appuleius
1138 2179 1178 2212 iu
1219 2179 1473 2213 Macedonien
1509 2178 1660 2212 abl'osen

175 2224 307 2267 sollte,
332 2227 466 2259 vorant
490 2227 690 2272 geschickt
714 2229 829 2262 hatte.
879 2228 1014 2263 Cicero
1039 2228 1232 2261 furchtete
1258 2227 1340 2260 sich
1375 2227 1466 2260 aber
1498 2238 1564 2260 vor
1589 2227 1659 2259 den

173 2273 355 2319 Truppen
388 2274 505 2308 dieses
542 2276 659 2310 seines
684 2277 885 2310 bittersten
910 2275 1081 2309 Feindes.
1108 2276 1288 2312 dicuntur.
1321 2274 1383 2310 Sic
1409 2276 1519 2309 Rom.
1546 2277 1658 2308 Herv.

175 2321 265 2355 Ern.
297 2321 385 2355 sch.
421 2323 579 2357 Li'mem.
613 2325 783 2359 dicantur
815 2325 860 2358 de
893 2325 1051 2368 Malasp.
1087 2336 1183 2369 susp.
1220 2324 1350 2358 Lamb.
1383 2343 1428 2350 —
1469 2324 1658 2366 mittemus,

176 2368 257 2403 will
281 2368 347 2403 ich
373 2381 411 2404 es
437 2371 541 2404 Dich
566 2373 737 2417 sogleich
762 2373 900 2407 wissen
924 2373 1055 2406 lassen-

271 2418 303 2452 2.
331 2419 371 2452 P.
400 2418 568 2453 Lentulus
591 2420 790 2466 Spinther,
817 2421 885 2455 der
910 2422 976 2454 fur
1002 2421 1066 2454 das
1091 2421 1179 2454 Iahr
1204 2422 1275 2456 697
1299 2419 1478 2453 erwtihlte
1506 2419 1658 2462 Consul,

177 2464 237 2498 ein
261 2467 410 2500 Freund
435 2479 506 2501 von
543 2469 690 2503 Cicero.
729 2470 765 2504 S.
793 2481 851 2515 ep.
878 2469 1008 2509 LXIX,
1035 2469 1069 2503 5.
1097 2480 1129 2501 u.
1155 2469 1340 2504 LXXXII.
1367 2478 1455 2513 geg.
1482 2468 1585 2501 End.
1613 2486 1658 2492 -

180 2512 236 2546 De
269 2515 426 2549 Metello
453 2542 462 2550 .
491 2541 498 2548 .
528 2540 535 2548 .
563 2522 733 2560 quantum
763 2519 945 2560 sperarit,
980 2518 1070 2550 Was
1102 2529 1142 2550 er
1175 2518 1343 2551 abseiten
1383 2517 1446 2550 des
1480 2515 1658 2550 Metellus

177 2559 302 2604 hosfe;
335 2563 408 2596 wie
441 2565 588 2599 Cornel.
615 2566 647 2607 1,
677 2569 716 2600 l:
755 2566 847 2598 bene
880 2566 926 2599 de
954 2566 1076 2610 aliquo
1102 2577 1265 2610 sperare.
1303 2565 1390 2609 Vgl.
1417 2564 1463 2598 ad
1488 2564 1602 2598 Attio.
1628 2564 1657 2603 1,

179 2610 242 2643 13:
282 2621 305 2643 a
330 2623 403 2655 quo
438 2612 532 2645 nihil
562 2624 686 2658 speres
718 2614 824 2647 boni.
877 2616 921 2659 Q.
955 2613 1130 2648 Metellus
1162 2615 1307 2658 Nepos,
1334 2614 1398 2646 der
1424 2613 1568 2646 Brudcr
1595 2612 1657 2644 des

178 2655 218 2698 Q·
246 2659 418 2694 Metellus
447 2661 572 2701 Celer,
605 2662 671 2695 der
704 2662 833 2696 zweitc
864 2663 928 2695 fiir
961 2663 1023 2695 das
1052 2662 1138 2695 lalir
1172 2665 1240 2698 697
1275 2662 1477 2706 (lesigiiirte
1504 2662 1656 2701 Consul,

177 2704 236 2736 ein
263 2706 383 2740 Fcind
411 2709 474 2742 des
501 2710 661 2750 Cicero,
687 2723 785 2749 war,
814 2711 896 2743 weil
923 2721 963 2742 er
988 2711 1060 2742 deu
1086 2711 1285 2755 Pompeius
1310 2710 1453 2751 hosste,
1479 2721 1515 2745 u.
1535 2707 1657 2741 durch

178 2752 457 2801 Vermitteluug
483 2758 545 2791 des
567 2758 716 2793 Attikus
743 2758 840 2793 doch
867 2758 1009 2792 wieder
1036 2760 1107 2792 mit
1136 2761 1257 2793 icuem
1285 2760 1322 2792 in
1350 2770 1389 2792 so
1416 2758 1501 2791 weit
1526 2766 1657 2801 ausge-
