1742 3006
533 56 852 101 EPISTOLA
882 57 1066 102 XXIV.
1487 59 1548 106 97

57 173 132 230 qui
162 174 204 214 in
237 170 473 227 postremis
503 171 765 213 sententiam
795 169 933 221 dixit3
963 172 1042 214 sed
1071 171 1296 213 immutari
1325 170 1412 212 hoc
1440 175 1547 214 temw

58 244 164 286 pore
193 242 278 270 non
308 231 464 282 potest.
531 228 688 281 Itaque
719 230 975 279 conventus,
1005 228 1081 282 qui
1110 228 1237 269 initio
1267 227 1547 270 celebraban-

57 293 143 339 tur,
174 286 264 327 iam
293 284 369 324 diu
396 282 498 323 fieri
527 283 769 325 desierunt.
829 282 903 323 Tu
943 284 981 323 si
1011 284 1098 324 tuis
1127 284 1357 325 blanditiis
1397 287 1546 326 tamen

57 356 84 384 a
122 341 348 396 Sicyoniis
387 339 714 380 nummulorum
754 337 923 392 aliquid
962 340 1256 394 expresseris,
1303 340 1437 382 velim
1476 354 1547 382 me

58 398 198 439 facias
229 397 478 438 certiorem.
539 394 920 437 Commentarium
963 396 1214 437 consulatus
1253 397 1342 437 mei
1371 397 1542 438 Graece
1561 405 1616 445 10

59 453 354 508 compositum
383 451 486 492 misi
515 451 572 492 ad
601 455 665 492 te:
706 451 752 491 in
781 464 867 504 quo
898 450 937 491 si
966 451 1072 505 quid
1101 452 1202 505 erit,
1232 452 1350 506 quod
1379 451 1549 494 homini

58 511 207 552 Attico
235 508 380 549 minus
410 508 634 549 Graecum
676 506 984 561 eruditumque
1022 506 1247 557 videatur3
1287 521 1373 550 non
1402 508 1549 550 dicam

58 565 175 621 quod
204 565 301 616 tibi,
340 567 389 604 ut
417 563 591 617 opinor,
632 562 850 604 Panormi
879 562 1090 604 Lucullus
1121 563 1177 604 de
1218 563 1308 605 suis
1348 564 1549 608 historiis

57 623 256 663 dixerat:
297 633 368 671 se,
406 633 492 674 quo
534 619 710 661 facilius
739 619 838 660 illas
878 620 1089 673 probaret
1125 619 1319 660 Romani
1356 619 1550 663 hominis

57 691 167 728 esse,
196 676 369 717 idcirco
389 676 578 717 barbara
606 675 824 730 quaedam
853 678 897 716 et
917 674 1076 715 σὸλοικα
1100 674 1376 732 dispersisse.
1417 678 1550 731 Apud

56 747 127 775 me
156 733 195 774 si
233 733 342 788 quid
380 733 467 773 erit
504 731 748 783 eiusmodi,
786 745 856 772 me
885 731 1161 786 imprudente
1201 732 1287 773 erit
1315 735 1360 773 et
1396 732 1547 775 invito.

56 789 267 831 Latinum
297 789 336 829 si
366 787 614 842 perfecero,
645 787 702 828 ad
730 792 774 828 te
802 787 989 829 mittam.
1050 788 1255 829 Tertium
1286 790 1444 842 poema
1473 804 1548 831 ex-

57 849 279 901 spectato,
320 858 376 885 ne
405 844 522 900 quod
562 856 696 898 genus
727 856 753 884 a
788 857 858 884 me
886 844 984 898 ipso
1013 843 1157 886 laudis
1198 856 1323 885 meae
1352 849 1548 899 praeter-

59 904 271 943 mittatur.
318 901 409 942 Hic
433 904 495 953 tu,
519 912 642 952 cave,
673 899 812 950 dicas,
841 901 902 943 τίς
923 900 1065 950 πατέρ’
1087 898 1259 950 αἱνήσεις
1290 900 1329 941 si
1350 904 1415 941 est
1433 902 1548 943 enim

60 958 176 1013 apud
203 957 405 998 homines
444 956 709 1011 quidquam,
751 955 869 1010 quod
908 955 1053 1010 potius
1083 955 1165 1009 sit,
1204 955 1428 1006 laudetur3
1469 971 1550 999 nos

59 1015 383 1068 vituperemur,
425 1013 500 1066 qui
528 1026 617 1053 non
657 1012 801 1066 potius
842 1011 929 1053 alia
956 1012 1199 1054 laudemus.
1271 1011 1549 1067 Quamquam

59 1084 145 1111 non
185 1072 475 1118 ἐγκωμιαστικοὶ
513 1072 613 1109 sunt
640 1067 774 1120 haec,
820 1067 898 1108 sed
926 1068 1130 1119 ἱστορικοὶ,
1175 1081 1285 1123 quae
1324 1069 1546 1110 sribimus.

60 1125 254 1176 Quintus
296 1126 435 1166 frater
464 1127 623 1179 purgat
661 1137 709 1166 se
738 1124 925 1165 multum
956 1137 1035 1179 per
1073 1124 1229 1166 literas
1269 1128 1313 1166 et
1351 1125 1547 1168 affirmat
1564 1136 1611 1175 fl

0 1301 3 1357 Ξ
61 1315 302 1352 Privatsache
328 1316 435 1350 nicht
460 1327 536 1350 von
554 1315 681 1350 Seiten
706 1317 770 1350 des
786 1317 906 1350 Staats
932 1315 1004 1350 mit
1031 1315 1179 1350 Gewalt
1196 1326 1428 1364 gezwungen
1454 1328 1553 1351 wer-

0 1361 3 1397 }
61 1366 144 1399 den.
195 1365 347 1398 Publius
373 1364 556 1397 Servilius
581 1364 691 1401 filius,
718 1375 756 1397 so
785 1369 966 1411 genannt,
998 1363 1090 1397 weil
1117 1363 1196 1396 sein
1223 1364 1339 1398 Vater
1363 1367 1402 1398 P.
1428 1365 1554 1400 Servi-

0 1399 5 1474 Ι
59 1414 133 1447 lius
159 1412 346 1447 Isauricus
379 1411 478 1445 noch
512 1412 624 1445 lebte.
676 1414 788 1445 Iener
819 1423 901 1445 war
936 1411 999 1444 ein
1023 1410 1274 1446 Nachahmer
1304 1413 1425 1447 seines
1458 1414 1553 1448 Ver—

1 1479 5 1493 1¹
61 1461 233 1495 wandten
261 1461 365 1495 Cato.
416 1460 450 1493 S.
478 1459 523 1492 ad
550 1458 590 1500 Q.
616 1460 728 1494 fratr.
755 1461 806 1501 Π,
835 1463 866 1495 7.
893 1460 960 1498 111,
990 1461 1022 1493 l.
1051 1478 1094 1484 —
1129 1464 1334 1502 conventus,
1367 1462 1429 1494 die
1461 1460 1553 1496 Ver-

1 1498 6 1578 i
60 1510 322 1555 sammlungen
357 1508 424 1541 der
457 1507 564 1540 dabei
589 1508 872 1548 Interessirten,
914 1507 1000 1541 weil
1031 1506 1095 1540 ihr
1121 1508 1305 1542 Interesse
1337 1508 1461 1542 durch
1493 1510 1553 1544 die

1 1579 6 1611 ἦ
60 1557 212 1590 Clausel
238 1555 396 1601 gelitten
421 1554 539 1589 hatte.
581 1555 645 1589 Als
671 1556 722 1589 sie
749 1556 841 1589 aber
866 1553 993 1597 sahen,
1021 1555 1101 1588 dass
1127 1555 1209 1589 sich
1226 1555 1364 1590 Nichts
1390 1558 1554 1603 dagegen

3 1615 7 1642 ι
59 1604 219 1639 macheu
244 1604 345 1644 hess,
385 1602 525 1636 h'drten
551 1603 605 1636 sie
631 1604 699 1636 auf
722 1604 803 1637 sicli
829 1615 874 1636 zu
895 1604 1162 1638 versammeln.
1200 1604 1353 1638 Ernesti
1380 1606 1552 1653 ‹lagegen

0 1647 8 1713 l
59 1651 229 1687 versteht
255 1651 438 1684 darunter
463 1651 803 1699 Versammlungen
830 1652 892 1684 des
916 1650 1046 1694 Raths,
1083 1663 1146 1684 um
1172 1664 1220 1685 zu
1245 1652 1469 1696 vensuchen,
1504 1655 1551 1687 ob

0 1705 8 1739 ἐι
59 1712 145 1734 man
171 1699 231 1733 die
258 1700 408 1734 Clausel
443 1699 549 1733 nicht
582 1699 747 1733 cassiren
779 1699 934 1734 k‘onnte.
971 1718 1015 1724 —
1050 1700 1123 1732 tuis
1156 1700 1364 1742 blanditiis,
1403 1703 1551 1746 quando

5 1742 9 1785 ἓ
60 1749 202 1782 iudicio
229 1759 316 1782 cum
343 1747 388 1781 iis
414 1757 527 1796 agere
552 1757 627 1783 non
652 1754 771 1793 potes,
799 1747 1029 1793 impediente
1055 1753 1204 1782 senatus
1231 1750 1414 1783 consulto.
1450 1751 1551 1783 MA.

58 1797 178 1831 NUT.

6 1798 10 1877 i
156 1846 215 1879 10.
243 1844 477 1888 compositum
503 1856 523 1878 a
550 1855 622 1878 me.
651 1865 704 1870 —v
727 1844 915 1887 Panormi,
942 1857 987 1878 zu
1013 1845 1186 1880 Palermo
1213 1846 1281 1879 auf
1303 1846 1471 1881 Sicilien.
1507 1866 1548 1872 -

7 1885 11 1934 l
58 1894 102 1926 de
125 1892 202 1926 suis
227 1892 417 1933 historiis,
453 1894 498 1928 de
524 1894 624 1927 bello
649 1892 814 1927 Marsico
842 1894 986 1927 Graece
1019 1893 1193 1938 scriptis,
1227 1900 1320 1928 teste
1347 1894 1550 1929 Plutarcho

9 1943 12 1987 l
61 1941 102 1974 in
127 1942 243 1976 Sulla.
270 1941 469 1975 MANUT.
496 1942 538 1975 de
562 1941 619 1974 sui
644 1941 811 1983 collegae
841 1940 924 1975 hist.
949 1941 1109 1976 HERV.
1145 1942 1329 1983 barbara,
1358 1944 1550 1977 Barbaris-

9 1991 13 2033 l
58 1999 158 2024 men.
210 1985 429 2032 σόλοικα,
455 1991 613 2031 soloeca,
642 1989 777 2022 vitium
804 1990 957 2031 olentia,
990 1989 1232 2024 Soloeismen.
1283 1991 1379 2025 Edd.
1407 1991 1489 2026 Asc.
1520 1995 1550 2026 l.

10 2037 14 2098 j
60 2038 162 2072 Crat.
191 2038 363 2071 obsoleta.
389 2057 436 2062 —
462 2037 678 2081 dispersisse
702 2052 752 2069 :s
777 2038 1000 2082 quibusdam
1035 2039 1128 2072 locis
1155 2039 1398 2083 adspersisse,
1432 2040 1551 2073 admi—

12 2099 14 2103 *
61 2085 210 2125 senisse,
239 2086 493 2130 eingestreuet
518 2085 713 2119 haben.—
739 2097 795 2118 me
819 2087 1058 2130 imprudente.
1084 2111 1091 2118 .
1122 2090 1155 2119 et
1181 2087 1310 2120 inrito.
1341 2086 1378 2121 S.
1400 2088 1548 2122 Grotes.

12 2148 15 2179 ζ
60 2133 95 2177 §.
122 2134 204 2167 329.
230 2134 378 2167 Rauish.
414 2134 445 2178 ἕ.
475 2136 552 2169 172.
590 2152 634 2158 -
668 2133 842 2168 Latinum
866 2135 1078 2168 consulatus
1111 2135 1186 2168 mei
1222 2137 1549 2169 commentarium.

13 2214 15 2222 ,
62 2199 104 2204 —-
142 2180 288 2214 tertimn
322 2192 413 2227 opus
446 2182 490 2215 de
531 2182 727 2216 consulatu
769 2193 853 2217 meo
888 2181 1044 2216 habebis
1083 2185 1230 2228 po'e’ma.
1264 2203 1312 2209 —
1346 2189 1550 2227 praeterm.

14 2230 16 2245 '
60 2228 169 2266 Amb.
198 2231 254 2264 17.
283 2229 558 2264 intermittatur.
597 2248 646 2255 ·—-
677 2230 802 2272 dicas,
836 2241 1024 2276 opponas,
1064 2237 1252 2278 entwegen
1278 2244 1325 2266 zu
1351 2233 1478 2268 rufen.
1507 2252 1550 2258 -

14 2314 15 2317 ¹
58 2276 111 2316 τίς
136 2289 167 2310 κ.
194 2289 224 2311 τ.
251 2277 282 2309 λ.
309 2278 463 2325 Integer
496 2288 627 2311 versus
661 2279 713 2311 sic
740 2279 848 2312 habet
874 2278 929 2318 τίς
962 2277 1085 2323 πατέρ’
1113 2260 1277 2320 almum,
1312 2277 1344 2313 εἰ
1368 2279 1417 2324 μὴ
1444 2293 1552 2314 κακο-

15 2324 17 2366 fi
59 2322 227 2369 δαίμονες
251 2323 346 2368 υἱοῖς
383 2326 466 2370 quis
494 2332 643 2371 patrem
668 2327 853 2370 laudabit,
883 2327 955 2360 nisi
982 2327 1155 2361 infelices
1180 2329 1282 2361 filii?
1315 2328 1449 2362 Sensus
1475 2334 1548 2362 est:

15 2388 19 2407 3
61 2375 116 2414 „si
144 2379 292 2417 patrem
320 2385 426 2407 suum
459 2373 613 2407 laudare
639 2385 715 2408 non
753 2376 873 2417 decet,
907 2376 1028 2409 multo
1063 2376 1187 2409 minus
1220 2377 1328 2410 decet
1359 2388 1395 2409 se
1429 2378 1550 2421 ipsum

58 2421 253 2457 laudare.“
287 2415 487 2457 LUNEM.
515 2422 650 2456 Cicero
675 2434 758 2456 war
781 2434 869 2457 vom
902 2424 946 2468 Q.
976 2425 1129 2457 Catulus
1162 2424 1329 2458 einmahl
1353 2429 1460 2466 paler
1481 2436 1551 2468 pa-

18 2494 19 2499 ,
62 2469 159 2501 triae
185 2476 359 2515 genannt.
389 2488 430 2495 -—
459 2470 549 2510 alia,
577 2470 726 2505 Bentiv.
753 2483 850 2516 susp.
877 2472 1014 2505 aliena.
1051 2490 1093 2495 -
1132 2473 1285 2518 syncop...
1313 2473 1358 2504 ad
1386 2483 1443 2505 res
1470 2474 1550 2506 lau-

18 2537 21 2578 ζ
61 2516 198 2597 dagal?
231 2524 468 2563 comparata;
512 2515 621 2561 ἵστα,
654 2520 767 2554 rebus
792 2529 881 2553 vere
909 2520 1106 2554 narrandis
1132 2520 1425 2554 accommodata.
1464 2516 1552 2556 LU-

20 2620 22 2637 1
160 2613 214 2645 11.
240 2622 278 2645 se
300 2624 490 2657 purgare,
525 2613 608 2648 sich
635 2616 922 2663 rechtfertigen.
951 2635 994 2641 —
1028 2617 1191 2652 multam.
1230 2617 1350 2650 Oxon.
1381 2618 1413 2653 1.
1456 2619 1548 2654 C2d.

22 2681 23 2685 =
62 2659 198 2693 Ambb.
227 2660 308 2693 Asc.
338 2664 369 2695 1.
398 2664 451 2695 Iu.
480 2663 581 2697 Crat.
612 2664 739 2698 Lamb.
766 2664 857 2697 mihi
882 2675 951 2708 pro
979 2665 1139 2697 multum.
1167 2666 1218 2699 Ut
1244 2675 1325 2707 nos,
1351 2665 1497 2700 Victor.
1522 2670 1549 2700 l.

21 2703 25 2751 ἱ
59 2708 94 2742 2.
121 2705 204 2742 Βοε.Ι
230 2706 339 2752 Seqq.
373 2711 559 2744 Fortasse:
596 2722 635 2744 se
653 2712 748 2759 ,mihi
782 2713 952 2746 multum:
988 2711 1076 2744 milii
1097 2723 1165 2756 per
1198 2713 1465 2758 compendium
1500 2716 1552 2747 mi

22 2760 26 2811 l
59 2755 239 2800 scriptum
267 2756 379 2789 etiam
408 2757 447 2790 in
473 2759 667 2803 antiquiss.
696 2760 788 2795 Cdd.
818 2761 931 2794 facile
959 2760 1154 2795 obliterari
1197 2761 1302 2795 solet.
1354 2761 1552 2798 ORELLI.

125 2854 184 2879 ric.
203 2854 305 2881 arsen>
328 2864 353 2881 v.
376 2855 499 2881 niuerb.
521 2858 542 2880 1.
1008 2844 1019 2871 ί
