1742 3006
157 63 253 113 440
440 63 508 107 Μ.
537 63 594 108 Τ.
624 58 962 107 CICERONIS
991 59 1363 106 EPISTOLAE.

164 182 380 222 tenemus.
436 175 565 216 Haec
601 187 696 227 me,
743 177 792 217 ut
818 173 1067 227 confidam,
1115 171 1302 216 faciunt.
1359 172 1441 216 Sin
1479 173 1644 230 aliquis

166 237 369 288 erumpet
417 229 607 272 amentis
656 229 853 272 hominis
904 229 1053 272 furor:
1109 230 1258 271 omnia
1306 233 1410 271 sunt
1449 229 1507 270 ad
1547 243 1647 272 eum

96 301 135 342 ,3
171 286 464 343 frangendum
500 284 726 340 expedita.
811 286 940 327 Haec
975 286 1042 326 ita
1071 286 1243 338 sentio,
1287 285 1469 338 iudico,
1515 284 1574 325 ad
1602 290 1648 327 te

169 346 407 401 explorate
436 342 598 382 scribo.
655 341 878 383 Dubitare
907 346 967 394 te,
995 353 1084 381 non
1105 341 1419 393 assentatorie,
1448 340 1529 381 sed
1557 338 1650 382 fra-

170 407 297 445 terne
335 400 453 440 veto.
521 396 672 447 Quare
711 398 949 438 suavitatis
988 396 1196 450 equidem
1226 400 1407 438 nostrae
1435 395 1652 438 fruendae

172 467 307 499 causa
346 465 554 508 cuperem
592 456 638 494 te
676 452 735 493 ad
772 452 820 494 id
860 456 1033 506 tempus
1069 453 1248 505 venire,
1292 451 1415 507 quod
1444 451 1651 493 dixeras:

172 511 253 554 sed
288 508 408 551 illud
435 509 555 549 malo
584 512 746 561 tamen,
775 507 896 563 quod
925 512 1080 562 putas;
1125 507 1156 559 †
1186 509 1327 562 magis
1368 507 1480 560 illa,
1512 507 1651 548 etiam

172 565 326 621 magni
354 565 542 606 aestimo
571 577 657 615 me,
685 565 940 615 α’μφιλαφίαν
968 563 1095 604 illam
1122 567 1247 604 tuam
1276 567 1322 605 et
1351 563 1654 618 exspectatio-

174 636 276 664 nem
305 620 559 661 debitorum
588 623 778 661 tuorum.
845 617 969 658 Illud
997 617 1179 673 quidem
1209 619 1276 659 sic
1303 618 1494 672 habeto,
1535 617 1656 660 nihil

175 677 306 719 nobis
336 674 587 730 expeditis,
626 675 666 715 si
694 674 967 726 valebimus,
1010 673 1109 714 fore
1138 673 1422 716 fortunatius.
1505 674 1658 716 Parva

177 736 305 785 sunt,
348 743 463 786 quae
491 729 675 783 desunt,
720 730 886 770 nostris
915 729 1097 783 quidem
1126 729 1349 782 moribus,
1393 733 1439 771 et
1476 742 1530 771 ea
1557 733 1659 770 sunt

117 800 145 840 4
179 788 238 831 ad
267 785 588 841 explicandum
618 785 974 839 expeditissima,
1002 784 1137 826 modo
1155 786 1396 826 valeamus,
1452 784 1660 826 Ambitus

181 843 302 886 redit
329 841 548 883 immanis.
605 841 843 897 Nunquam
886 840 976 882 fuit
1013 853 1110 896 par.
1165 840 1281 882 Idib.
1334 840 1490 892 Quint.
1531 839 1660 881 fenus

182 961 299 996 merk.
332 971 376 994 zu
401 961 431 1004 ξ.
460 962 495 996 3.
523 972 581 1007 ep.
611 960 749 994 CXXX.
777 979 820 985 —
846 960 950 994 Haec
974 970 1054 1001 me,
1086 962 1125 993 ut
1151 958 1349 1002 confidam,
1382 959 1547 1002 faciunt.
1572 959 1665 1002 {DeL

182 1020 239 1042 me
265 1008 442 1043 censebat
464 1009 556 1043 Ern.
604 1009 661 1042 Ex
686 1008 883 1042 notissima
909 1007 1123 1041 inversione
1150 1008 1297 1042 dictum
1321 1014 1376 1041 est
1400 1018 1493 1052 prot
1528 1006 1665 1051 ‚‚haec‚

182 1063 225 1091 ut
250 1067 318 1103 ego
344 1055 548 1098 confidam,
573 1056 760 1091 faciunt.“
788 1055 983 1091 ORELLI.
1010 1074 1056 1081 —
1089 1057 1242 1090 amentis
1265 1054 1431 1096 hominis,
1457 1056 1498 1089 P.
1527 1055 1665 1090 Clodii.

281 1125 317 1160 3.
351 1123 562 1168 explorate,
612 1134 675 1157 aus
699 1123 853 1168 v'olliger
878 1115 1166 1170 [lberzeugung.
1221 1141 1262 1147 —
1314 1133 1386 1156 non
1410 1122 1663 1165 assentatorie,

184 1172 292 1207 nicht
323 1183 388 1205 um
423 1172 495 1204 Dir
524 1169 626 1205 nach
661 1172 835 1204 Gefallen
868 1183 912 1205 zu
943 1172 1070 1205 reden.
1104 1192 1146 1198 —
1192 1171 1388 1205 suavitatis
1414 1196 1422 1205 .
1449 1196 1459 1205 .
1485 1197 1493 1205 .
1519 1175 1668 1205 nostrae

178 1220 368 1264 fruendae
394 1229 524 1261 causa,
575 1229 681 1251 wenu
714 1219 779 1253 ich
814 1219 912 1253 bloss
938 1220 1007 1253 den
1032 1218 1304 1265 gegenseitigen
1332 1220 1477 1253 Genuss
1503 1218 1568 1253 der
1594 1220 1669 1253 An-

186 1267 512 1302 nehmlichkeiten
556 1277 705 1301 unseres
737 1267 1070 1300 Beisammenseins
1109 1266 1148 1300 in
1186 1266 1371 1313 Anschlag
1411 1267 1588 1304 braehte,
1623 1285 1666 1291 —

186 1317 211 1359 †
235 1315 359 1358 magis
382 1315 453 1349 illa
477 1322 549 1348 etc.
575 1315 695 1348 Locus
721 1322 932 1361 corruptus.
984 1317 1033 1350 Ut
1059 1314 1120 1348 edi
1145 1315 1244 1355 iussi,
1270 1315 1351 1349 Md.
1380 1319 1418 1348 et
1437 1316 1553 1348 ceteri
1570 1315 1666 1350 Cdd.

186 1363 261 1398 levi
287 1375 372 1397 cum
396 1363 588 1396 varietate.
637 1364 809 1396 Fortasse
835 1364 928 1408 leg,:
966 1363 1057 1406 „sed
1080 1363 1174 1396 illud
1197 1363 1290 1396 malo
1315 1367 1447 1405 tamen,
1487 1362 1582 1407 quod
1602 1374 1669 1406 pu-

189 1416 267 1453 tas3
310 1410 434 1453 magis
468 1411 576 1444 etiam
609 1410 698 1445 illa.-
729 1410 877 1453 (etenim
910 1412 1038 1454 magni
1068 1411 1264 1452 aestivum)
1304 1407 1533 1454 ἀμφιλαᾳίαν
1566 1410 1670 1444 illam

189 1463 290 1493 tuam
316 1464 348 1492 et
373 1458 651 1503 explicationem
676 1459 878 1492 debitorum
904 1463 1059 1494 tuorum.
1085 1460 1109 1492 i.
1137 1470 1167 1492 e.
1195 1458 1259 1491 sed
1285 1458 1379 1492 illud
1404 1459 1503 1492 malo
1528 1465 1669 1501 tamen,
1711 1463 1713 1465 ’

191 1506 289 1552 quod
315 1518 416 1540 nunc
443 1513 573 1552 putas,
615 1507 698 1540 sore
723 1507 805 1541 scil.
832 1514 872 1541 ut
899 1510 1031 1541 Caesar
1057 1508 1170 1541 alicui
1195 1507 1426 1552 expeditioni
1451 1514 1490 1541 et
1514 1506 1671 1540 honori—

190 1557 289 1589 ficae
326 1561 364 1589 et
395 1555 492 1588 lucri
524 1555 657 1600 plenae
692 1562 729 1588 te
755 1566 840 1589 mox
866 1556 1081 1601 praeficiat;
1131 1562 1216 1588 ante
1250 1556 1374 1588 omnia
1408 1561 1535 1589 autem
1564 1566 1670 1600 spem

191 1614 315 1637 meam
339 1614 482 1648 repono
507 1603 547 1636 in
573 1609 655 1636 tota
678 1601 886 1649 ἀμφιλαφίᾳ
918 1604 981 1637 illa
1014 1611 1077 1637 tua
1109 1609 1146 1637 et
1181 1603 1432 1649 explicatione
1454 1603 1672 1638 debitorum

191 1658 355 1693 tuorum,
380 1651 497 1696 idque
523 1662 612 1684 sane
638 1652 760 1696 magni
787 1652 960 1686 aestimo:
987 1663 1100 1697 quam
1123 1658 1248 1685 tamen
1275 1651 1561 1696 explicationem
1585 1662 1674 1696 per-

192 1700 311 1733 ficere
336 1710 414 1732 non
440 1699 605 1744 poteris,
648 1700 723 1733 nisi
757 1700 896 1734 diutius
923 1700 1205 1734 commorabere
1237 1700 1333 1745 apud
1359 1701 1570 1733 Caesarem.
1599 1699 1673 1733 OR.

194 1746 395 1790 explicatio
429 1758 455 1779 s.
483 1747 671 1790 explicare
702 1747 740 1781 in
773 1760 813 1781 re
846 1749 1062 1794 argentaria
1086 1759 1196 1794 saepe
1221 1749 1376 1793 ponitur
1409 1759 1478 1793 pro
1503 1747 1674 1791 expedire

195 1794 424 1838 (expeditio),
451 1801 491 1828 ut
514 1795 624 1839 paulo
650 1802 743 1840 post.
782 1794 1051 1841 ἄμφιλαφία
1076 1796 1122 1829 de
1148 1797 1266 1841 copiis
1292 1802 1330 1829 et
1354 1795 1602 1830 facultatibus
1627 1795 1675 1829 ad

195 1842 375 1877 tuendam
398 1853 479 1875 rem
501 1843 732 1877 familiarem
756 1845 1051 1885 sufficientibus,
1095 1850 1136 1878 ut
1169 1855 1279 1888 supra
1303 1854 1361 1888 ep.
1389 1845 1470 1886 104,
1496 1845 1530 1878 3.
1561 1843 1673 1877 SGH.

198 1908 242 1915 —
267 1890 370 1924 Illud
400 1890 539 1933 quidem
570 1891 624 1924 sic
649 1890 795 1934 habeto,
835 1893 911 1925 Das
946 1894 1079 1926 kannst
1112 1893 1173 1925 Du
1206 1892 1269 1924 fiir
1294 1891 1422 1936 gewiss
1448 1891 1673 1924 annehmen.

196 1957 240 1964 —-
274 1938 467 1981 expeditz'S,
512 1949 615 1972 wenn
641 1941 712 1972 wir
739 1951 800 1972 aus
827 1940 894 1972 den
921 1939 1107 1974 Schulden
1134 1938 1226 1972 sind.
1261 1939 1530 1985 Brachylogie!
1565 1957 1609 1964 —
1642 1939 1674 1973 si

195 1986 331 2028 veleb„
373 1986 512 2019 iedoch
542 1987 612 2020 mit
639 1988 941 2032 Voraussetzung
973 1997 1128 2021 unserer
1154 1988 1397 2021 Gesundheit.
1446 2006 1494 2012 —
1542 1987 1677 2021 nostris

197 2034 341 2078 quidem
375 2034 557 2075 moribus,
594 2035 635 2067 in
661 2036 844 2069 Betracht
880 2047 1030 2069 unserer
1053 2035 1270 2079 gewohnten
1296 2034 1566 2070 Lebensweise.
1616 2035 1677 2068 Sic

196 2082 326 2116 Lamb.
359 2083 452 2119 Ern.
487 2081 573 2116 sch.
607 2083 703 2118 Liin.
736 2094 801 2127 quo
827 2085 966 2117 nostris
1001 2083 1080 2118 Md.
1108 2083 1227 2117 Oxon.
1253 2085 1284 2118 2.
1323 2086 1423 2118 Crat.
1455 2083 1556 2116 Vict.
1587 2085 1618 2118 l.
1644 2084 1677 2118 2.

197 2131 329 2172 Man.3
356 2130 393 2163 in
420 2141 492 2176 quo
519 2131 678 2165 fortasse
704 2131 814 2165 latet:
841 2142 908 2175 pro
934 2132 1080 2165 nostris.
1110 2132 1184 2166 ΟΠ.
1202 2150 1248 2155 -
1275 2135 1308 2165 et
1334 2155 1342 2166 .
1369 2157 1378 2166 .
1405 2157 1413 2165 .
1439 2131 1574 2176 expeti„
1599 2131 1679 2164 und.

199 2178 296 2212 auch
323 2177 416 2212 dazu
441 2178 535 2212 wird
562 2180 650 2213 sehr
674 2179 794 2213 leicht
819 2179 918 2214 Rath
944 2180 1107 2214 werden.

295 2241 329 2272 4.
362 2239 532 2273 Ambitus
564 2247 639 2274 etc.
715 2242 786 2274 Die
811 2241 1004 2284 Summen,
1053 2240 1196 2274 welche
1233 2241 1295 2274 die
1329 2240 1554 2276 Candidaten
1595 2251 1679 2273 zum

201 2287 421 2328 Consulate,
449 2289 671 2332 Memmius,
699 2289 903 2331 Domitius,
930 2290 1091 2323 Scaurus
1119 2289 1195 2323 und
1221 2290 1401 2330 Messala,
1443 2288 1521 2322 sich
1549 2288 1678 2321 kosten

199 2336 331 2377 lassen,
370 2335 452 2368 sind
479 2336 518 2368 in
548 2337 687 2371 diesem
714 2338 825 2371 Iahre
851 2349 947 2383 ganz
973 2338 1195 2383 ungeheuer.
1231 2354 1272 2360 --
1308 2338 1400 2372 Idib.
1430 2336 1548 2373 Quint.
1569 2336 1680 2378 senus

193 2383 288 2425 suit.
335 2381 399 2416 Sic
432 2385 623 2428 praeclare
655 2386 754 2420 Vict.
789 2386 1001 2420 emendavit
1033 2387 1159 2419 locum
1192 2396 1234 2419 ex
1260 2385 1326 2429 Ep.
1354 2386 1402 2419 ad
1425 2384 1535 2418 Attio.
1561 2384 1595 2425 4,
1624 2384 1680 2418 15.

201 2430 294 2472 (hui.
320 2430 375 2463 ed·
407 2431 570 2476 CXLII.)
596 2440 633 2466 et
658 2445 701 2466 ex
726 2434 892 2482 vestigiis
918 2435 1000 2469 Md.
1031 2434 1131 2476 (fuit
1155 2433 1281 2478 paridi
1307 2433 1369 2478 qui
1393 2443 1435 2465 ne
1460 2435 1580 2465 tantus
1596 2431 1680 2474 suit

200 2481 287 2520 eet.)
321 2478 413 2514 cdd.
449 2482 565 2514 etiam
590 2482 733 2515 Bentiv.
769 2490 805 2516 et
838 2482 932 2516 Edd.
960 2483 1104 2528 priores
1130 2482 1312 2515 immanes
1345 2481 1408 2514 hic
1435 2479 1571 2513 habent
1597 2491 1679 2512 cor-

200 2526 377 2571 ruptelas.
425 2528 537 2562 Notis
562 2536 689 2563 autem
717 2530 941 2564 Victorianis
979 2530 1031 2570 (Z
1052 2538 1095 2562 ez
1119 2530 1213 2572 ZZ;
1257 2536 1296 2563 ct
1321 2529 1470 2563 Lamb.:
1505 2528 1551 2562 33
1577 2538 1620 2560 ex
1645 2529 1678 2563 3.

200 2580 280 2607 tum
318 2576 422 2612 Man.
462 2578 551 2610 Ern.
590 2577 678 2613 Sch.
705 2580 821 2612 Liin.:
861 2578 936 2612 ZZ
970 2589 1013 2611 ex
1038 2578 1101 2620 Z.)
1135 2584 1333 2623 praeeunte
1360 2575 1552 2610 Gronovio
1579 2575 1678 2609 Obss.

200 2623 236 2662 4,
262 2623 296 2656 9.
330 2634 365 2666 p.
392 2626 472 2659 610.
511 2624 728 2660 Volusianas
759 2626 955 2660 substitui:
1000 2626 1233 2670 significant:
1270 2626 1431 2660 bessibus
1463 2635 1507 2657 ex
1539 2624 1678 2657 triente.

203 2669 403 2704 ORELLI.
430 2673 547 2707 Fenus
575 2685 663 2719 ergo
689 2674 923 2721 duplicatum
948 2680 1054 2714 (εγ-ἠς
1095 2674 1132 2707 in
1158 2674 1294 2707 triente
1320 2676 1420 2707 enim
1447 2678 1610 2718 quatuor
1635 2670 1681 2703 de

201 2723 375 2762 centum,
420 2722 584 2757 bessibus
618 2728 739 2758 autem
775 2730 862 2758 octo
900 2724 944 2756 de
986 2730 1136 2757 centum
1169 2723 1417 2756 solvebantur.
1453 2720 1562 2757 SCH.
1612 2718 1681 2754 Am
