1742 3006
155 77 250 126 252
435 78 494 121 M.
528 78 582 121 T.
615 75 954 121 CICERONIS
985 75 1354 121 EPISTOLAE.

157 205 288 247 quum
318 192 374 233 de
414 189 655 232 visceribus
685 189 772 230 tuis
801 193 844 230 et
871 189 956 231 filii
986 189 1050 230 tui
1079 189 1386 231 satisfacturus
1415 189 1500 243 sis,
1540 193 1636 245 qui-

156 249 236 289 bus
266 247 418 289 debes:
459 260 567 298 ego,
597 248 821 299 acceptam
852 259 905 286 cx
934 245 1108 286 aerario
1131 246 1362 300 pecuniam
1391 247 1466 286 tuo
1496 247 1634 287 nomi-

157 318 238 357 ne,
269 304 437 344 frustra
466 301 732 355 dissiparim.
792 300 881 342 Sed
909 305 1058 341 tamen
1088 305 1131 342 et
1160 301 1227 342 Μ.
1259 301 1476 352 Antonio,
1505 314 1637 355 quan-

158 363 251 401 tum
287 363 334 399 tu
373 357 639 412 scripseras,
683 354 762 407 [et]
793 355 1008 411 Caepioni
1045 357 1300 398 tantundem
1329 356 1517 397 solutum
1548 360 1636 398 est:

159 413 269 456 mihi
307 413 364 454 ad
403 413 477 465 id,
525 412 642 467 quod
683 411 855 465 cogito,
895 411 1005 461 hoc,
1046 412 1162 466 quod
1200 412 1362 463 habeo,
1413 413 1522 453 satis
1559 415 1636 452 est.

159 471 262 512 Sive
299 469 414 510 enim
458 468 758 519 restituimur,
809 468 902 508 sive
942 467 1249 522 desperamur,
1300 467 1411 509 nihil
1451 468 1638 521 amplius

159 539 266 580 opus
297 529 375 566 est.
435 525 532 575 Tu,
573 523 612 565 si
641 523 756 564 forte
784 522 890 576 quid
920 524 1004 564 erit
1041 524 1290 576 molestiae,
1328 527 1373 564 te
1412 523 1468 564 ad
1506 523 1638 564 Cras-

158 595 255 623 sum
285 585 328 622 et
355 579 411 621 ad
441 579 663 621 Calidium
692 578 920 631 conferas,
960 592 1128 620 censeo.
1194 578 1417 628 Quantum
1447 579 1635 620 Horten-

159 638 227 680 sio
257 635 528 678 credendum
558 635 641 686 sit,
671 635 835 675 nescio.
911 634 990 675 Me
1018 647 1188 675 summa
1215 635 1490 675 simulatione
1517 647 1638 675 amo-

158 694 221 735 ris
259 705 510 746 summaque
551 690 811 731 assiduitate
850 689 1105 744 quotidiana
1147 690 1486 731 sceleratissime
1533 690 1638 730 insi-

159 749 495 801 diosissimeque
523 746 759 797 tractavit,
799 746 1003 787 adiuncto
1044 759 1214 800 quoque
1253 745 1410 786 Arrio:
1451 759 1636 799 quorum

159 819 242 859 ego
283 804 510 855 consiliis,
560 802 817 856 promissis,
865 802 1114 856 praeceptis
1165 801 1396 843 destitutus
1442 801 1488 840 in
1525 801 1639 841 hanc

159 861 453 902 calamitatem
482 858 632 899 incidi.
703 857 791 898 Sed
819 856 931 898 haec
960 857 1222 909 occultabis‚
1262 871 1316 898 ne
1345 855 1451 911 quid
1480 857 1636 897 obsint.

159 916 280 958 Illud
310 918 485 957 caveto:
524 918 569 954 et
607 927 659 954 eo
688 917 818 966 puto,
857 926 938 967 per
966 913 1263 967 Pomponium
1293 911 1527 954 fovendum
1557 911 1639 953 tibi

161 986 257 1014 esse
286 972 428 1026 ipsum
450 969 764 1020 Hortensium,
794 982 848 1009 ne
867 969 941 1009 ille
970 982 1148 1020 versus,
1178 969 1252 1023 qui
1281 969 1327 1008 in
1356 972 1399 1009 te
1429 971 1523 1009 erat
1551 968 1640 1008 col-

160 1029 298 1081 latus,
338 1041 471 1082 quum
500 1025 767 1067 aedilitatem
812 1025 1013 1079 petebas,
1052 1024 1106 1066 de
1145 1025 1243 1079 lege
1284 1024 1485 1076 Aurelia,
1526 1022 1640 1065 falso

176 1107 805 1116 -ffss-——ss——ss—
1162 1108 1246 1111 ,-

161 1147 225 1181 das
259 1136 448 1179 Russerste
481 1153 603 1188 gegen
643 1143 796 1178 Clodius
829 1154 874 1177 zu
905 1153 1059 1192 wag-en,
1109 1155 1181 1178 von
1220 1143 1344 1177 freien
1380 1140 1544 1176 Stiicken
1579 1151 1650 1183 aus
1698 1137 1709 1142 “
1740 1170 1742 1182 ,

160 1196 255 1229 Rom
281 1191 498 1227 entwichen
523 1202 615 1225 war.
651 1209 693 1214 —
728 1192 770 1225 de
796 1192 991 1226 visceribus
1016 1204 1089 1227 von
1118 1193 1200 1226 dem
1229 1193 1327 1225 Gute
1352 1203 1387 1223 u.
1413 1190 1520 1223 Blute
1545 1189 1641 1222 bild-

159 1242 243 1276 lich
269 1246 356 1275 statt
382 1249 484 1273 vom
511 1238 661 1274 Gelde
688 1250 723 1275 u.
749 1241 1024 1287 Verm‘o'gen.
1069 1240 1115 1274 So
1129 1251 1200 1286 pro
1219 1241 1339 1274 Domo
1364 1239 1427 1273 47:
1455 1236 1642 1277 exstruxit

161 1290 294 1324 villam
329 1286 536 1321 visceribus
568 1286 719 1321 aerarii.
749 1307 789 1313 -
831 1293 1016 1332 acceptam
1048 1299 1091 1321 ex
1124 1288 1272 1321 aerario
1307 1309 1316 1319 .
1353 1311 1362 1321 .
1397 1290 1456 1319 tuo
1488 1285 1640 1325 nomine,

163 1338 223 1372 die
250 1349 314 1370 aus
341 1335 408 1369 der
433 1333 861 1370 Staatsschatzkammer
886 1336 925 1368 in
951 1336 1109 1370 Deinem
1127 1337 1272 1369 Namen
1298 1335 1514 1380 bezogenen
1533 1331 1641 1366 Sum-

162 1397 271 1424 men,
309 1385 368 1417 die
402 1383 471 1417 Dir
503 1383 557 1416 als
591 1381 810 1416 Statthalter
841 1382 968 1417 Asiens
994 1395 1080 1418 vom
1108 1382 1241 1416 Senate
1268 1381 1479 1415 zuerkannt
1504 1390 1643 1413 waren.

162 1433 197 1468 S.
227 1444 286 1478 ep.
321 1431 440 1472 XLII,
467 1433 503 1465 4.
531 1442 590 1463 am
620 1431 747 1470 Ende,
784 1443 821 1463 u.
852 1431 1003 1466 XXXII.
1032 1434 1097 1464 sub
1122 1432 1184 1464 fin.
1214 1450 1255 1455 -—-
1282 1430 1348 1473 [et]
1374 1428 1477 1462 omis.
1505 1431 1538 1460 et
1562 1427 1640 1461 Md.

166 1484 268 1515 Crat.
296 1480 393 1513 Vict.
423 1482 455 1514 1.
484 1481 516 1514 2.
544 1479 689 1514 Manut.
716 1479 867 1513 Habent
892 1480 1019 1512 Lamb.
1048 1480 1136 1512 Ern.
1162 1478 1420 1511 Schiitz.Liin.
1449 1475 1642 1510 ORELLI.

163 1531 216 1564 M.
243 1528 424 1562 Antonius
457 1526 533 1560 und
568 1527 681 1572 Cia'pio
710 1538 836 1561 waren
870 1527 930 1561 die
966 1527 1099 1561 beiden
1133 1526 1341 1571 Glaubiger
1373 1525 1434 1557 des
1468 1523 1640 1568 Quintus,

162 1576 309 1611 welche
345 1576 475 1609 Cicero
509 1574 607 1607 noch
639 1586 710 1609 vor
736 1576 858 1608 seiner
884 1575 1035 1608 Abreise
1061 1586 1124 1607 aus
1149 1575 1242 1608 Rom
1269 1573 1339 1606 mit
1363 1572 1484 1604 einem
1511 1570 1644 1604 Theile

164 1626 271 1659 iener
296 1624 474 1657 Summen
500 1622 705 1667 befriedigt
731 1623 847 1656 hatte.
874 1642 920 1647 —
945 1623 1198 1666 desperantur,
1224 1632 1310 1653 man
1337 1620 1416 1668 gibt
1436 1618 1541 1651 mich
1567 1620 1642 1651 auf.

165 1693 210 1698 —
236 1672 441 1712 molestiae,
481 1670 738 1718 gerichtliche
778 1669 1073 1716 Verlegenheit‚
1114 1676 1156 1702 ut
1193 1669 1328 1711 aliquis
1369 1666 1504 1701 nostris
1536 1665 1644 1699 malis

164 1731 242 1755 non
274 1724 471 1753 contentus
504 1719 698 1765 negotium
738 1717 806 1751 tibi
845 1719 1013 1751 facessat.
1055 1718 1114 1750 Cf.
1148 1727 1206 1761 ep.
1234 1715 1361 1748 LXIX.
1394 1714 1452 1756 „si
1483 1719 1520 1747 te
1558 1713 1644 1746 satis

166 1766 384 1802 innocentia
408 1771 472 1799 tua
498 1770 535 1798 et
558 1765 817 1799 misericordia
839 1765 1037 1799 hominum
1063 1764 1227 1798 vindicat
1252 1775 1271 1796 a
1297 1761 1511 1796 molestia.“
1544 1760 1643 1795 MA-

166 1815 285 1852 NUT.
313 1834 355 1839 —
391 1818 425 1846 te
451 1813 500 1845 ad
523 1836 531 1844 .
559 1839 567 1847 .
596 1836 605 1846 .
635 1816 826 1856 conseras,
860 1824 1004 1854 censeo,
1041 1824 1099 1853 so,
1127 1811 1248 1844 denke
1274 1810 1362 1853 ich,
1396 1809 1562 1843 wendest
1587 1809 1645 1842 Du

165 1863 263 1898 Dich
296 1862 376 1896 scil.
411 1860 543 1893 auxilii
584 1872 692 1894 causa
725 1873 772 1893 an
805 1862 861 1897 M.
897 1863 1044 1894 Crassus
1076 1860 1164 1900 (den
1197 1860 1256 1892 die
1290 1857 1444 1891 Parthen·
1476 1855 1645 1890 nachher

165 1911 352 1952 t’ddteten)
383 1921 417 1942 u.
456 1920 502 1941 an
535 1908 588 1943 M.
625 1908 790 1944 Calidius
829 1909 917 1951 (den
961 1908 1122 1942 Dichter
1163 1907 1238 1940 und
1281 1907 1429 1948 Frater,
1474 1904 1540 1938 der
1580 1904 1646 1936 aus

170 1960 334 1994 Cicero's
359 1955 568 1991 Riiekkehr
593 1959 759 2000 antrug).

262 2021 295 2056 8.
323 2017 539 2053 assiduitate
555 2018 787 2061 quotidiana,
814 2017 935 2051 durch
958 2017 1123 2064 tagliche
1141 2015 1389 2064 Gegenwart,
1416 2011 1536 2047 durch
1562 2007 1643 2057 taig’-

167 2068 295 2104 lichen
323 2066 465 2100 Besuch
492 2066 569 2099 und
601 2068 772 2099 w'zirmste
805 2066 1075 2107 Theilnalune‚
1109 2065 1179 2098 wie
1206 2076 1243 2098 es
1268 2063 1409 2097 schien.
1437 2081 1481 2086 —
1512 2061 1643 2094 Arrio.

167 2119 202 2151 S.
229 2115 335 2161 epist.
361 2114 479 2155 XXII,
506 2116 558 2148 ll.
583 2114 712 2156 XXXI,
739 2116 771 2149 2.
797 2114 961 2151 XXXIII,
988 2115 1020 2148 3.
1056 2134 1097 2138 -—
1133 2114 1343 2153 destitutus,
1377 2110 1513 2156 Margo
1543 2109 1641 2143 1584.

169 2166 333 2199 inductus
359 2173 402 2195 ac
427 2161 628 2196 destitutus.
656 2181 699 2187 —
736 2162 989 2204 Pomponium,
1024 2161 1202 2196 Atticum.
1232 2178 1275 2184 —-
1300 2161 1434 2202 fovere
1466 2156 1642 2200 aliquem,

168 2214 292 2248 Einen
324 2221 441 2243 warm
476 2208 618 2243 halten.
670 2211 745 2243 Der
777 2210 899 2254 Trope
931 2210 979 2242 ist
1013 2209 1183 2243 entlehnt
1208 2219 1282 2242 von
1308 2207 1380 2240 den
1406 2206 1555 2250 Iungen
1579 2204 1645 2237 der

171 2259 310 2307 Vogel,
338 2258 398 2290 die
425 2262 536 2289 unter
562 2257 644 2290 dem
672 2258 802 2304 Fliigel
828 2258 894 2290 der
910 2257 1055 2291 Mutter
1080 2260 1256 2290 erwiirmt
1281 2253 1443 2289 werden.
1493 2251 1572 2285 Cic.
1599 2250 1644 2284 de

170 2308 257 2341 Nat.
285 2307 398 2339 Deor.
426 2306 474 2343 ΙΙ,
501 2305 565 2339 52:
599 2305 762 2352 gallinae
788 2305 910 2350 pullos
935 2304 986 2338 ita
1003 2311 1172 2346 tuentur,
1200 2309 1241 2337 ut
1267 2309 1303 2336 et
1327 2299 1462 2347 pennis
1481 2300 1643 2341 foveant,

171 2366 218 2390 ne
244 2354 388 2401 frigore
415 2352 620 2386 laedantur.
648 2371 693 2377 -
718 2363 860 2393 versus,
887 2352 943 2395 qui
965 2352 1000 2385 in
1027 2356 1060 2385 te
1087 2357 1168 2386 erat
1195 2352 1348 2385 collatus
1371 2350 1395 2382 i.
1418 2359 1448 2381 e.
1465 2347 1536 2380 tibi
1560 2351 1643 2379 tan-

172 2414 284 2448 quam
312 2400 458 2434 auctori
484 2400 668 2441 tributus,
695 2401 759 2434 sur
785 2401 913 2433 dessen
935 2398 1126 2433 Verfasser
1150 2411 1236 2433 man
1262 2397 1357 2432 Dich
1383 2395 1526 2440 ausgab.
1560 2392 1643 2437 Vgl.

173 2461 243 2496 pro
270 2451 394 2484 Plane.
423 2460 453 2480 c.
483 2448 537 2483 14.
575 2448 620 2480 ad
646 2449 780 2483 Fannii.
809 2448 891 2490 VII,
918 2450 974 2483 32.
1003 2460 1039 2480 u.
1066 2449 1160 2481 oben
1186 2459 1244 2492 ep.
1269 2444 1389 2485 XVII,
1416 2446 1450 2484 2,
1478 2451 1538 2475 wo
1564 2451 1644 2474 con-

167 2500 280 2541 ferre
314 2497 352 2529 in
384 2496 534 2539 aliquem
568 2496 727 2529 dieselbc
762 2496 981 2543 Bedeutung·
1006 2496 1079 2529 hat.
1130 2493 1261 2529 Durch
1287 2493 1411 2526 diesen
1435 2502 1504 2523 uns
1528 2489 1645 2522 unbe-

175 2547 340 2579 kannten
373 2545 468 2577 Vers
507 2554 587 2576 war
619 2544 840 2577 Hortensius
876 2544 967 2577 oder
1000 2543 1061 2577 ein
1093 2543 1252 2576 andei-er
1284 2537 1535 2574 Machthaber
1570 2535 1645 2569 und

176 2593 326 2627 Freund
352 2592 544 2625 desselben
569 2591 753 2636 bespottet
784 2592 860 2624 und
887 2601 987 2623 zwar
1019 2603 1062 2624 zu
1089 2591 1156 2624 ‹ler
1181 2590 1285 2629 Zeit‚
1322 2588 1375 2621 als
1401 2586 1559 2631 Quintus
1585 2583 1646 2618 Ci-

179 2652 266 2675 cero
293 2642 390 2681 (656)
416 2651 477 2672 um
505 2638 564 2672 die
591 2639 745 2673 Wi'irde
772 2639 873 2673 eines
897 2639 1035 2672 Aedilis
1061 2638 1215 2671 anhielt.
1250 2636 1284 2670 S.
1313 2646 1367 2680 ep.
1394 2635 1452 2668 IX.
1480 2634 1531 2666 im
1556 2631 1643 2664 Anf.

182 2707 223 2713 -
252 2698 356 2730 quum
382 2713 389 2719 .
417 2712 424 2718 .
450 2687 604 2729 petebas,
633 2688 666 2720 S.
693 2686 844 2720 Ramsh.
870 2686 899 2728 ξ.
928 2687 1007 2729 194,
1038 2688 1071 2722 1.
1098 2687 1184 2720 Not.
1211 2697 1248 2718 u.
1277 2683 1424 2716 Grotef.
1452 2681 1483 2724 §.
1501 2680 1582 2714 421.
1601 2695 1643 2701 ——

183 2738 223 2770 de
249 2737 330 2778 lege
357 2735 508 2768 Aurelia
534 2734 727 2769 iudiciaria
752 2745 826 2769 von
858 2736 980 2769 ciuem
1006 2735 1158 2769 Praetor
1183 2734 1227 2770 L.
1257 2730 1428 2766 Aurelius
1453 2730 1559 2764 Cotta
1586 2725 1646 2758 des
