1742 3006
205 57 298 103 412
488 59 549 101 Μ.
583 61 638 102 Τ.
671 57 1008 102 CICERONIS
1036 59 1401 104 EPISTOLAE.

204 170 296 211 scio
327 171 484 211 multas
529 170 765 224 plurimum
804 172 994 214 valuisse
1024 195 1075 202 —
1117 172 1228 214 haec
1264 176 1313 213 ut
1350 173 1516 224 valeat,
1555 187 1673 228 rogo.
1724 180 1728 184 ’

205 225 336 275 Quod
382 226 420 266 si
459 238 535 266 eos
581 225 827 269 honorifice
866 227 1191 282 liberaliterque
1229 230 1460 281 tractaris,
1511 232 1556 270 et
1595 231 1676 270 tibi

202 281 477 335 gratissimos
517 281 790 337 optimosque
838 283 1136 326 adolescentes
1185 283 1438 326 adiunxeris
1488 288 1530 326 et
1567 284 1677 327 mihi

202 336 501 390 gratissimum
532 336 705 378 seceris.

407 549 723 594 EPISTOLA
752 550 980 594 CXXIX.
1041 553 1115 604 (ad
1146 555 1235 596 Att.
1267 555 1349 596 IV.
1384 556 1466 606 13.)

247 625 323 661 scr.
349 626 385 659 in
411 627 628 661 Tusculano
654 634 807 660 exeunte
832 627 1043 662 Novembri
1068 631 1108 664 A.
1138 631 1181 663 U.
1211 631 1249 662 c.
1277 630 1358 665 699.
1409 630 1455 670 (a.
1486 631 1522 662 c.
1550 630 1629 672 55.)

199 693 338 726 Romae
364 704 402 727 se
427 705 512 727 mox
539 694 709 727 futurum
735 695 902 736 nuntiat3
938 695 1072 729 afuisse
1098 707 1135 728 se
1173 695 1212 728 in
1230 696 1557 738 altercationibus,
1586 707 1673 740 quas

199 742 240 772 in
265 748 393 774 senatu
420 742 540 775 factas
566 742 765 781 audiverit,
794 744 975 788 laetatum
1010 744 1106 789 petit
1132 742 1178 776 ab
1204 743 1350 784 Attico,
1387 750 1430 776 ut
1461 744 1533 777 sibi
1565 755 1672 789 prae-

198 795 345 823 sentem
376 790 413 821 in
446 801 486 823 re
519 791 623 834 publ.
650 796 786 824 statum
813 791 1013 825 describat.
1040 795 1072 826 l.
1099 792 1213 825 libros
1240 791 1284 826 de
1320 796 1469 825 oratore
1500 791 1576 824 iam
1609 792 1674 824 ab·

309 837 450 872 solutos
478 850 571 878 esse,
608 844 650 873 ut
675 839 720 872 ab
746 839 873 873 Attico
900 840 1061 873 describi
1087 840 1251 885 possint,
1284 839 1488 885 significat.
1521 840 1557 875 2.

706 907 889 942 CICERO
915 906 1098 941 ATTICO
1125 906 1157 941 S.

305 972 399 1014 Nos
427 974 473 1014 in
497 973 795 1014 Tusculanum
816 972 987 1014 venisse
1015 972 1115 1014 asd.
1138 973 1296 1014 XVII.
1318 971 1418 1014 Kal.
1441 972 1670 1013 Decembr.

193 1027 326 1070 video
355 1033 399 1070 te
426 1030 554 1070 scire.
613 1029 684 1069 lbi
712 1029 956 1082 Dionysius
986 1028 1111 1069 nobis
1141 1033 1318 1083 praesto
1348 1028 1445 1069 fuit.
1503 1027 1673 1069 Romae

194 1097 233 1126 a.
273 1085 315 1126 d.
346 1085 484 1126 XIII.
525 1084 710 1124 Kalend.
746 1084 946 1124 volumus
983 1097 1100 1125 esset
1142 1085 1247 1139 quid
1285 1084 1410 1137 dico,
1448 1084 1671 1125 volumus?

193 1140 336 1181 Immo
353 1154 456 1181 vero
477 1141 691 1193 cogimur.
734 1138 917 1180 Milonis
932 1140 1131 1194 nuptiae3
1162 1140 1444 1181 comitiorum
1463 1140 1670 1180 nonnulla

193 1196 340 1249 opinio
372 1199 450 1237 est.
509 1195 657 1249 Ergo,
700 1199 748 1236 ut
776 1195 814 1236 si
844 1199 952 1236 rata.
1010 1195 1218 1237 Abfuisse
1246 1209 1317 1237 me
1346 1196 1392 1236 in
1421 1195 1670 1236 altercatio-

191 1347 255 1380 ich
284 1348 392 1391 aber,
420 1348 500 1381 dass
524 1358 562 1383 u,
590 1359 616 1381 s.
645 1348 670 1381 f.
724 1346 874 1381 Ernesti
901 1346 1026 1381 wollte
1054 1355 1142 1389 quas
1166 1347 1253 1380 scio.
1282 1364 1323 1371 -
1360 1344 1452 1380 Ilaec
1475 1350 1514 1379 ut
1536 1347 1670 1388 valeat,

194 1395 297 1428 omis.
333 1400 371 1429 υἱ
406 1399 502 1430 Crat.
530 1397 607 1428 Der
632 1395 875 1434 Nachdruck‚
912 1394 978 1427 der
1012 1395 1146 1427 darauf
1177 1395 1453 1441 liegen·muss,
1486 1394 1673 1428 erfordert

190 1444 328 1477 iedoch
355 1443 414 1491 die
439 1444 698 1478 Anwesenheit
723 1447 790 1478 der
817 1443 1081 1480 Coniunction,
1107 1461 1151 1467 —
1178 1443 1378 1484 adiungere
1395 1442 1484 1484 sibi,
1512 1453 1560 1474 an
1586 1442 1669 1475 sich
1706 1478 1710 1480 ,

191 1493 338 1525 fesseln.
386 1494 491 1527 Uber
524 1492 697 1526 tractaris
728 1518 736 1526 .
775 1519 783 1527 .
821 1516 828 1523 .
864 1491 1077 1525 adiunxeris
1108 1516 1116 1523 .
1154 1516 1161 1525 .
1198 1515 1206 1525 .
1234 1491 1378 1534 feceris
1413 1502 1440 1525 s.
1465 1490 1611 1525 Ramsh.
1639 1489 1669 1532 ᾗ,

192 1541 272 1582 164,
298 1541 367 1585 ΙΙΙ,
395 1541 501 1575 Anni.
530 1543 561 1575 7.
589 1541 735 1574 Grotef.
762 1540 791 1583 §.
824 1541 900 1575 183.

287 1610 321 1643 1.
349 1618 382 1642 α.
410 1609 441 1642 ἀ,
468 1607 597 1643 XVII.
624 1607 711 1641 Kal.
737 1607 848 1646 Dec.‚
876 1619 938 1640 am
964 1608 1072 1642 15ten
1088 1606 1307 1642 November
1332 1618 1405 1640 war
1433 1607 1568 1640 Cicero
1594 1617 1666 1640 von

191 1656 317 1689 seinen
347 1657 485 1689 andern
511 1656 774 1704 Landg'utern,
813 1655 872 1688 die
899 1667 939 1688 er
963 1656 1017 1689 im
1042 1657 1205 1689 Herbste
1242 1655 1403 1688 bereiset
1438 1655 1562 1695 hatte,
1601 1655 1669 1687 auf

191 1704 275 1737 dem
315 1705 530 1738 Tusculano
565 1705 844 1748 angekommen.
902 1704 1084 1738 Desslialb
1121 1703 1292 1737 wnnscht
1326 1714 1367 1735 cr
1405 1714 1488 1736 vom
1520 1702 1667 1736 Attikus

190 1763 234 1784 zu
259 1751 457 1794 erfahren,
492 1752 567 1785 wie
603 1764 637 1785 es
670 1753 706 1785 in
734 1754 827 1787 Rom
854 1752 1004 1795 stende,
1039 1752 1155 1786 damit
1181 1763 1220 1784 er
1247 1751 1358 1784 nicht
1383 1751 1452 1784 wie
1479 1750 1538 1783 ein
1565 1750 1665 1782 wild—

189 1799 359 1833 fremder
391 1800 552 1834 Mensch
593 1800 757 1833 daselbst
797 1801 1003 1833 erschiene.
1061 1801 1109 1833 So
1149 1801 1271 1833 Etwas
1309 1798 1452 1831 konnte
1487 1810 1528 1831 er
1560 1797 1667 1831 nicht

195 1848 412 1890 schreiben,
448 1859 554 1880 wenn
591 1860 630 1880 er
657 1848 767 1881 nicht
798 1849 950 1892 langere
976 1849 1059 1881 Zeit
1084 1859 1154 1880 von
1180 1849 1277 1880 Rom
1303 1847 1472 1879 entfernt
1495 1857 1666 1890 gewesen

191 1898 297 1929 ware.
334 1915 377 1920 —
414 1895 629 1940 Dionysius,
663 1897 822 1929 libertus
855 1896 990 1939 Attici,
1026 1895 1215 1929 librarius.
1251 1894 1330 1928 Vid.
1368 1906 1422 1939 ep.
1452 1894 1600 1936 CXXII,
1627 1895 1663 1930 2.

189 1962 235 1968 —
261 1953 295 1976 α.
324 1945 358 1978 d.
389 1944 502 1978 XIII.
531 1944 618 1977 It'ccl.
646 1944 859 1982 Ianuarias,
895 1955 953 1976 ain
990 1945 1045 1978 20.
1075 1943 1300 1976 December.
1327 1942 1389 1974 Sic
1417 1942 1508 1977 Cod.
1535 1942 1662 1974 Landi.

190 1992 301 2027 Oxou.
330 1995 361 2026 l.
392 1995 488 2025 Crat.
517 1991 644 2025 Bosius
670 1993 706 2023 in
729 1991 816 2024 Add.
836 1993 944 2024 Bent.
976 1991 1087 2027 VIII.
1108 1991 1349 2024 KaLMinut.
1371 1991 1451 2023 Asc.
1470 1992 1501 2024 1.
1529 1990 1663 2023 XIIII,

189 2039 278 2073 Kal.
317 2041 418 2074 Man.
452 2041 585 2075 Lamb.
621 2040 751 2074 XVII.
790 2040 879 2073 Kal.
912 2042 993 2072 Asc.
1031 2041 1063 2074 2.
1099 2039 1250 2073 XVIII.
1286 2038 1374 2071 Kal.
1409 2039 1540 2071 vitiose
1581 2037 1662 2071 Md.

125 2080 129 2085 .
190 2089 305 2120 Oxou.
332 2090 366 2123 2.
395 2088 492 2122 vict.
521 2091 550 2122 1.
580 2089 611 2122 2.
637 2089 722 2121 Bos.
752 2088 886 2122 Graev.
915 2088 1003 2120 Ern.
1037 2086 1121 2119 Sch.
1156 2087 1249 2122 Lim,
1279 2085 1474 2121 ORELLI.
1510 2104 1553 2109 -
1588 2086 1663 2118 Im-

188 2147 265 2177 mo,
299 2137 388 2168 nein
425 2135 623 2171 viclmehr.
657 2136 694 2172 S.
730 2136 881 2169 Grotes.
918 2136 948 2178 §
975 2135 1056 2168 341.
1083 2137 1189 2168 Anm.
1216 2134 1368 2167 Ramsh.
1396 2136 1427 2178 ἕ.
1457 2134 1535 2175 174,
1561 2133 1594 2174 5,
1619 2134 1663 2166 N.

189 2184 222 2218 2.
248 2202 291 2208 —
320 2184 474 2217 Illilom's
500 2184 660 2228 nuptiae,
687 2185 813 2218 Milo's
830 2183 1156 2227 Verbeirathung,
1184 2182 1372 2216 Hochzeit
1389 2182 1448 2215 ist.
1497 2181 1551 2221 Er
1576 2192 1663 2215 ver-

188 2231 400 2264 heirathete
431 2231 513 2264 sich
547 2232 618 2264 mit
650 2234 804 2273 Fausta,
839 2231 940 2264 einer
965 2231 1131 2265 Tochter
1157 2230 1218 2263 des
1245 2229 1505 2274 ehemahligen
1531 2229 1661 2262 Dicta-

188 2286 266 2312 tors
293 2279 405 2312 Sulla.
430 2298 477 2303 ·—
503 2280 622 2313 comit.
651 2291 756 2316 norm.
785 2291 841 2323 op.
869 2282 939 2313 est.
968 2279 1064 2311 auch
1092 2278 1188 2326 hegt
1213 2290 1298 2312 man
1319 2278 1459 2322 einigen
1477 2276 1659 2316 Glauben,

188 2327 310 2371 einige
340 2325 617 2372 Vermuthung,
647 2329 726 2361 dass.
752 2328 812 2361 die
838 2325 1078 2363 Consulwahl
1105 2327 1168 2359 fiir
1194 2326 1258 2360 das
1284 2326 1370 2359 Iahr
1396 2325 1570 2360 700s011e
1597 2335 1662 2357 vor

188 2375 267 2408 sich
293 2374 427 2419 gehen.
477 2375 535 2408 Sie
562 2386 639 2409 war
666 2377 737 2410 seit
763 2377 848 2409 dem
875 2374 1145 2408 Wahlmonath
1170 2375 1283 2408 Iulius
1309 2373 1427 2406 durch
1461 2373 1520 2405 die
1547 2372 1660 2405 Intri-

186 2433 280 2467 guen
320 2423 384 2456 der
416 2423 706 2456 Senatoriscben
745 2425 821 2457 und
857 2423 1197 2467 Pompeianiscben
1230 2422 1354 2456 Partei
1381 2420 1660 2467 aufgeschoben

187 2471 258 2503 und
283 2471 368 2504 kain
394 2483 509 2516 gegen
545 2471 706 2505 Cicero⁷s
738 2473 961 2515 Erwartung
992 2471 1029 2502 in
1064 2470 1204 2503 diesem
1237 2471 1347 2504 lehre
1381 2479 1448 2512 gar
1480 2468 1584 2500 nicht
1618 2478 1661 2500 zu

189 2519 338 2553 Stande.
375 2539 419 2543 —
452 2524 488 2552 ut
513 2520 546 2553 si
571 2523 653 2552 mla
679 2520 758 2554 scil.
787 2521 834 2554 sit
868 2531 910 2552 ea
945 2518 1186 2552 comitiorum
1215 2518 1364 2564 opinio,
1399 2517 1461 2549 ibo
1486 2517 1659 2557 Romam,

189 2572 230 2598 ut
256 2567 300 2599 iis
325 2567 512 2601 intersim.
552 2567 613 2600 Sic
642 2569 729 2600 Ern.
759 2568 856 2601 coni.
882 2565 968 2600 Sch.
997 2577 1087 2609 ego,
1122 2570 1158 2598 ut
1184 2566 1231 2599 sit
1259 2569 1364 2604 rata,
1401 2563 1542 2606 afuisse
1567 2563 1657 2599 cod.

189 2614 272 2648 dee.
304 2615 434 2648 Lamb.
477 2617 562 2650 Bos.
603 2615 736 2650 Graev.
776 2616 928 2649 Schiitz.
965 2615 1002 2647 in
1043 2614 1098 2647 ed.
1136 2614 1223 2646 mai.
1259 2613 1398 2648 Bentiv.
1441 2612 1567 2645 Bosius
1604 2611 1657 2644 sic

188 2662 474 2706 interpretatur:
517 2663 720 2709 „Quamvis
759 2671 838 2698 rata
878 2664 926 2696 sit
968 2662 1032 2695 illa
1068 2662 1311 2695 comitiorum
1345 2660 1493 2706 opinio,
1536 2660 1588 2692 ita
1619 2664 1658 2691 ut

190 2721 232 2743 ea
270 2718 373 2745 certo
412 2712 637 2754 habeantur,
680 2719 804 2746 tamen
846 2723 919 2746 non
959 2711 1117 2744 moleste
1159 2710 1242 2743 fero
1281 2720 1339 2743 me
1379 2708 1514 2742 afuisse
1556 2707 1657 2740 etc.“
