1742 3006
590 82 902 128 EPISTOLA
933 83 1056 129 CVI.
1467 84 1560 135 353

71 196 337 254 oportuisse.
396 195 487 240 Sed
506 170 618 250 *quid
649 195 706 237 ad
733 194 845 238 hoc?
905 195 971 249 Si,
1000 198 1154 252 quibus
1183 198 1417 241 sententiis
1447 199 1558 253 dixi,

100 254 187 295 uod
224 257 269 295 et
308 253 396 308 ipsi
436 252 698 308 probarent,
746 251 900 295 laetati
953 257 1053 296 sunt
1091 257 1239 295 tamen
1286 268 1357 296 me
1403 260 1558 298 contra

117 309 282 366 ompeii
319 309 586 352 voluntatem
625 307 815 350 dixisse?
870 307 1011 350 Finis.
1071 308 1162 350 Sed
1205 310 1432 364 quoniam,
1481 313 1559 366 qui

69 366 182 408 nihil
210 369 414 421 possunt,
443 365 477 405 ii
505 377 576 405 me
604 364 762 407 nolunt
787 376 961 413 amare3
1001 363 1156 406 demus
1193 379 1397 420 operam,
1426 370 1475 408 ut
1504 368 1560 409 ab

6 435 10 450 ¹
68 424 155 475 iis,
196 423 274 477 qui
302 424 514 476 possunt,
560 419 820 475 diligamur.
889 419 1052 461 Dices:
1094 420 1253 462 vellem
1282 422 1556 477 iampridem.

6 492 11 500 '¹
70 478 177 521 Scio
204 482 250 520 te
276 477 484 528 voluisse,
515 478 560 517 et
587 489 658 517 me
688 477 861 518 asinum
881 489 1139 530 germanum
1162 476 1309 519 fuisse.
1360 479 1449 520 Sed
1468 479 1559 521 iam

10 575 11 578 ,
69 539 242 588 tempus
280 536 347 574 est
383 545 453 574 me
481 532 624 585 ipsum
663 543 689 573 a
717 545 788 573 me
817 532 983 585 amari,
1035 532 1210 586 quando
1240 533 1294 573 ab
1323 533 1412 575 illis
1440 535 1559 577 nullo

69 590 204 632 modo
232 601 423 644 possum.
481 587 678 629 Domum
706 600 849 629 meam
870 588 987 643 quod
1008 589 1164 630 crebro
1183 587 1354 641 invisis,
1384 593 1451 632 est
1477 590 1559 631 mi-

31 662 38 670 ·
71 645 120 687 hi
157 645 284 687 valde
322 648 510 699 gratum.
576 642 809 685 viaticum
838 643 1072 699 Crassipes
1111 644 1341 700 praeripit.
1402 646 1475 688 Tu
1504 647 1560 689 de

8 703 11 720 '¹
67 703 141 743 via
170 705 292 742 recta
320 701 366 741 in
395 699 563 742 hortos.
630 699 825 741 Videtur
854 700 1131 742 commodius
1160 700 1218 741 ad
1246 704 1313 742 te:
1341 701 1561 755 postridie

6 796 8 809 ,
69 756 265 807 scilicet3
296 755 401 811 quid
431 756 550 797 enim
577 755 677 797 tua?
731 755 819 797 Sed
838 756 1092 798 viderimus.
1130 755 1456 799 Bibliothecam
1478 760 1560 799 mi-

5 810 8 837 ¹'
70 813 121 855 hi
146 814 212 855 tui
233 814 468 869 pinxerunt
490 811 820 854 constructione
832 816 876 854 et
905 813 1092 868 sillybis.
1131 813 1222 854 Eos
1243 813 1378 855 velim
1395 814 1560 857 laudes.

571 893 745 901 *W

72 935 223 978 fierent,
251 935 387 982 quibus
410 945 478 980 ego
505 945 581 968 non
607 933 834 968 sufficerem.
862 932 979 969 ERN.
1045 932 1134 979 Vgl.
1168 944 1228 979 ep.
1262 933 1490 968 LXXXVIII
1525 940 1564 967 et

70 984 228 1018 XCVIII
253 995 314 1018 am
338 983 458 1018 Ende.
488 1001 530 1008 —
580 982 655 1017 Sed
677 982 764 1026 quid
787 981 836 1015 ad
858 981 948 1024 hoc,
993 981 1092 1015 doch
1127 993 1200 1016 was
1233 982 1304 1015 soll
1338 982 1403 1014 ich
1440 982 1564 1015 dieser

71 1032 352 1077 Kleinigkeiten
379 1030 610 1066 erwiihnen‘?
659 1031 749 1064 was
775 1030 859 1063 sind
885 1030 940 1063 sie
964 1040 1085 1075 gegen
1111 1029 1212 1063 Das?
1240 1029 1278 1067 d.
1306 1030 1334 1066 i.
1361 1028 1564 1074 wichtiger

70 1081 121 1114 ist
146 1082 241 1115 Das:
283 1080 349 1123 Si,
384 1079 509 1124 quibus
534 1083 623 1112 sent.
647 1079 798 1122 (Lamb.
825 1079 865 1111 in
890 1078 1124 1121 sententiam)
1148 1078 1228 1112 disci
1252 1084 1349 1118 etc.‚
1386 1078 1468 1111 dass
1494 1079 1562 1121 sie,

73 1128 119 1162 da
146 1129 213 1162 ich
239 1128 336 1162 doch
364 1128 466 1161 heim
490 1127 671 1172 Abgeben
696 1127 840 1161 meiner
866 1126 966 1163 Vota
992 1127 1046 1160 im
1072 1125 1206 1161 senate
1232 1126 1328 1167 Das,
1364 1137 1438 1159 was
1465 1136 1562 1171 ganz

72 1176 160 1210 ihre
185 1178 317 1222 eigene
342 1176 528 1220 Meinung
552 1187 643 1218 war,
668 1182 840 1220 vortrug‚
865 1175 920 1208 sie
946 1175 1029 1209 sich
1056 1174 1155 1208 doch
1174 1174 1378 1218 eigentlich
1400 1174 1564 1208 darnber

72 1225 270 1269 freneten,
296 1224 377 1258 dass
402 1223 469 1258 ich
495 1223 613 1257 durch
642 1224 769 1257 diesen
796 1223 945 1256 meinen
970 1223 1240 1268 Widerspruch
1266 1223 1338 1256 mit
1362 1223 1565 1268 Pompeius

71 1273 223 1307 zerfiel?
273 1272 314 1308 Si
338 1273 390 1306 ist
415 1286 464 1303 :z
489 1272 523 1305 si
547 1272 698 1315 quidem,
722 1273 767 1305 da
793 1271 842 1313 ia,
870 1271 964 1305 dass.
989 1290 1037 1296 —
1085 1271 1192 1306 Finis
1218 1272 1288 1314 sit,
1316 1276 1420 1313 est03
1461 1270 1562 1304 doch

71 1332 200 1367 genng
228 1320 368 1355 davon!
394 1339 438 1345 —-
466 1319 527 1364 qai
550 1324 713 1363 possunt,
739 1320 763 1353 i.
792 1331 824 1353 e.
851 1331 872 1353 a
893 1322 1062 1359 Caesare,
1088 1319 1292 1364 Pompeio,
1322 1320 1464 1355 Crasso.

169 1389 204 1423 3.
242 1388 370 1421 vellem
394 1387 627 1430 iampridem,
666 1386 729 1420 ich
755 1387 904 1429 welhe,
937 1387 998 1420 Du
1025 1387 1165 1421 hattest
1190 1387 1266 1420 Das
1292 1386 1413 1421 sehon
1438 1387 1563 1432 liingst

73 1435 224 1481 gethan.
251 1454 296 1461 -
347 1435 500 1469 Domum
526 1460 535 1470 .
562 1460 570 1467 .
600 1458 608 1468 .
633 1435 783 1475 invisis,
829 1435 912 1468 dass
946 1436 1007 1468 Du
1033 1446 1072 1468 so
1098 1435 1240 1480 fleissig
1265 1434 1367 1468 nach
1393 1435 1560 1469 meinem

74 1486 252 1519 Hausbau
279 1483 418 1518 sieh’st.
447 1502 491 1508 --
546 1483 729 1517 Viaticum
756 1483 948 1526 Crassipes
970 1482 1173 1527 praeripit,
1208 1482 1338 1526 „deun
1372 1483 1435 1516 ich
1462 1494 1560 1517 muss

72 1533 174 1567 mein
200 1534 299 1566 Haus
327 1532 406 1574 (auf
432 1530 466 1564 d.
493 1530 644 1576 palatio.
698 1531 733 1565 S.
761 1543 819 1576 ep.
849 1532 946 1574 CIV,
973 1533 1023 1574 2.)
1049 1531 1136 1564 bald
1161 1531 1357 1573 beziehm,
1386 1532 1468 1564 weil
1492 1532 1561 1565 ich

73 1593 121 1614 an
149 1581 233 1614 eine
254 1581 406 1624 langere
431 1580 544 1612 Reise
570 1579 677 1612 nicht
702 1579 844 1612 denken
869 1578 985 1619 kann,
1015 1580 1061 1612 da
1082 1579 1269 1625 Crassipes
1300 1581 1345 1622 (s,
1373 1591 1430 1625 ep.
1460 1580 1560 1621 CIV,

76 1631 148 1672 1.)‚
193 1628 293 1674 melin
319 1626 653 1671 Schwiegersohn,
694 1628 769 1661 mir
801 1628 865 1660 das
890 1627 1087 1672 Reisegeld
1120 1627 1288 1661 dadurch
1322 1628 1561 1673 wegnimmt,

74 1678 157 1711 dass
188 1677 252 1712 ich
290 1677 437 1711 meiner
476 1675 598 1709 Tullia
632 1676 714 1708 ihre
750 1675 947 1709 Ausstener
985 1676 1179 1720 mitgeben
1220 1676 1366 1709 muss.“
1425 1676 1561 1712 Cicero

73 1726 180 1759 hatte
204 1724 285 1759 sich
311 1724 447 1758 friiher
473 1735 779 1770 vorgenommen,
809 1724 891 1756 eine
916 1724 1028 1757 Reise
1054 1724 1120 1757 sub
1147 1724 1258 1757 titulo
1284 1724 1434 1757 votivae
1459 1724 1562 1768 lega·

74 1774 187 1808 tionis
211 1786 257 1808 zu
284 1773 455 1807 machen.
506 1771 540 1806 S.
568 1783 624 1817 ep.
649 1773 895 1813 LXXXVIII,
929 1773 963 1807 6.
1014 1790 1057 1795 —
1111 1772 1164 1805 Tu
1190 1773 1233 1805 de
1258 1772 1317 1805 via
1343 1777 1445 1806 recta
1469 1773 1562 1813 (Te-

74 1828 170 1856 rent.
198 1821 312 1857 Andr.
341 1821 413 1864 111,
438 1821 474 1860 4,
508 1821 565 1854 41.
600 1820 705 1854 bildl.
739 1822 943 1854 Heautont.
976 1820 1038 1863 IV,
1063 1821 1100 1861 3,
1127 1820 1186 1862 28)
1212 1819 1252 1853 in
1277 1819 1400 1853 lzorlos
1433 1820 1560 1862 (Cras-

75 1870 225 1916 sipedis.
275 1870 309 1903 S.
335 1882 393 1916 ep.
423 1869 515 1910 CIV,
540 1868 592 1912 2.)
617 1869 760 1911 venies,
797 1869 930 1902 komm
955 1868 1018 1902 Du
1044 1868 1177 1916 grades
1201 1868 1336 1914 WVeges
1362 1869 1461 1902 nach
1488 1870 1560 1902 sei-

75 1930 147 1952 nen
172 1918 329 1959 Gfflten,
358 1917 475 1951 damit
500 1917 573 1950 wir
598 1928 664 1950 uns
691 1917 736 1950 da
762 1915 958 1963 sprechen.
1022 1915 1166 1950 Schutz
1198 1917 1295 1950 will:
1331 1917 1454 1950 Tullia
1484 1917 1562 1957 (die

7 1973 10 2010 {a
76 1966 175 2000 nach
200 1978 257 2012 ep.
286 1966 347 2000 CV
373 1978 417 2000 zu
441 1965 597 1999 Antium
624 1965 684 1998 bei
708 1965 833 1999 ihi-em
860 1967 973 1998 Vater
999 1967 1090 2008 war)
1127 1965 1170 1998 de
1196 1965 1257 1998 via
1283 1969 1385 1997 recta
1409 1965 1447 1997 in
1474 1962 1560 1998 hor-

7 2021 9 2060 j
77 2018 135 2048 tos
161 2014 394 2059 Crassipedis
419 2014 545 2059 sponsi
578 2019 640 2047 aut
672 2014 758 2047 novi
794 2013 924 2048 mariti
949 2013 1034 2047 ibit.
1085 2011 1148 2047 Sic
1174 2013 1316 2046 videtur
1343 2012 1377 2044 ei
1404 2023 1561 2045 commo-

75 2063 166 2096 dius.
192 2062 255 2096 Ad
280 2064 329 2097 Te
351 2062 533 2106 postridie
557 2062 637 2094 scil.
661 2062 805 2097 venietz
843 2061 928 2106 quid
952 2062 1041 2094 enim
1066 2065 1126 2094 tua
1150 2061 1288 2100 refert,
1334 2060 1449 2093 illone
1485 2068 1560 2094 sta-

7 2149 9 2153 ·
75 2112 149 2145 tim
175 2111 238 2144 die
264 2121 308 2144 an
335 2110 518 2155 postridie
544 2110 590 2142 ad
615 2116 654 2142 te
678 2110 813 2144 veniat.
864 2111 942 2143 Der
967 2110 1057 2142 Sinn
1084 2109 1131 2142 ist
1157 2109 1247 2143 aber
1273 2109 1364 2142 on:
1403 2109 1560 2143 Videlur

7 2164 9 2174 ¹
76 2169 198 2193 comm.
233 2159 282 2193 ad
312 2162 346 2192 te
378 2158 402 2190 i.
438 2169 471 2191 e.
506 2158 551 2191 nd
586 2158 740 2192 domum
777 2166 879 2192 tuam
914 2168 974 2191 me
1006 2157 1156 2191 venire:
1206 2157 1387 2201 postridie
1418 2157 1560 2190 scilicet

7 2214 10 2264 ζ
76 2207 160 2240 fieri
193 2207 266 2240 hoc
300 2206 458 2252 poterit,
501 2213 576 2240 erst
609 2217 764 2252 morgen
796 2207 936 2239 konnte
963 2206 1038 2238 Das
1071 2205 1302 2249 geschehen3
1353 2206 1439 2249 quid
1469 2207 1558 2238 enim

77 2254 164 2288 lucz!
190 2255 265 2289 und
292 2266 369 2289 was
392 2255 613 2300 verschliige
638 2256 709 2289 Dir
734 2254 839 2288 Das?
869 2255 1003 2287 Cicero
1029 2260 1146 2286 setzte
1160 2253 1297 2288 iedoch
1314 2255 1413 2287 seine
1434 2253 1559 2286 Riick-

6 2305 8 2333 ἱ,
76 2303 170 2336 kehr
204 2303 307 2336 noch
341 2303 469 2336 weiter
503 2303 659 2346 hinaus,
701 2303 772 2336 wie
806 2303 889 2336 sich
917 2313 979 2334 aus
1006 2301 1091 2334 dem
1116 2302 1319 2348 folgenden
1346 2302 1474 2335 Briefe
1500 2313 1560 2333 er-

7 2380 9 2387 .
76 2351 167 2395 gibt.
195 2372 237 2377 -
267 2351 321 2385 tui
346 2351 545 2386 librarioli.
580 2352 616 2386 S.
644 2364 704 2398 ep.
734 2351 814 2394 CV,
845 2353 876 2384 l.
897 2369 941 2374 —-
973 2350 1166 2393 pinxerunt
1192 2365 1239 2382 z
1267 2357 1458 2388 ornarunt,
1486 2350 1560 2381 wie

8 2417 9 2457 j
76 2400 184 2492 guetp
211 2398 422 2483 3C7k18e3ec.
436 2399 536 2434 Med.
552 2401 641 2437 310:
669 2398 801 2434 aether
820 2399 992 2446 pingitur
1010 2398 1133 2432 stellis.
1152 2418 1199 2424 —
1225 2404 1357 2434 constr.
1379 2394 1557 2443 πήγμασι.

106 2474 112 2480 .
189 2472 195 2480 .
310 2472 319 2490 ,
372 2473 380 2481 .

144 2818 194 2843 Cic
224 2817 325 2846 Briet'e
347 2827 371 2845 v,
393 2817 507 2846 Billerh
539 2820 559 2843 1.
1101 2792 1158 2831 23
