1742 3006
571 91 892 147 EPJSTOLA
926 93 1097 143 ,cL111.
1493 93 1588 142 525

101 215 310 255 cusatore
342 209 511 263 illoque
532 207 722 249 consilio
738 207 976 248 sententiis
997 206 1317 249 condemnatus
1340 206 1402 247 sit
1423 219 1587 260 xxxin,

103 282 237 324 quum
277 279 386 308 Lxx.
427 264 650 306 tulissent.
735 263 821 304 Est
859 263 1040 303 omnino
1071 267 1164 304 tam
1192 263 1319 318 gravi
1351 261 1471 304 fama
1499 263 1589 305 hoc

102 324 348 376 iudicium,
377 324 427 362 ut
455 320 666 361 videatur
696 318 884 374 reliquis
915 318 1100 359 iudiciis
1131 321 1383 373 periturus,
1403 323 1467 360 -et
1495 333 1588 361 ma-

100 382 224 421 ximo
254 379 310 419 de
339 376 542 433 pecuniis
572 375 845 430 repetundis.
903 373 994 415 Sed
1023 374 1152 415 vides
1183 376 1354 416 nullam
1373 388 1468 418 esse
1493 389 1589 416 rem

102 437 341 491 publicam,
371 433 542 473 nullum
571 436 786 484 senatum,
816 431 944 473 nulla
973 430 1159 483 iudicia,
1189 431 1359 471 nullam
1388 432 1435 474 in
1464 431 1589 472 nullo

100 491 302 534 nostrum
356 489 637 542 dignitatem.
719 487 843 538 Quid
895 487 1025 541 plura
1071 486 1127 527 de
1167 486 1418 528 iudicibus?
1486 487 1590 528 Duo

100 546 317 602 praetorii
346 546 573 596 sederunt,
602 544 830 585 Domitius
859 543 1098 593 Calvinus3
1127 542 1167 583 is
1197 546 1351 597 aperte
1381 543 1592 595 absolvit,

101 607 150 644 ut
188 615 340 644 omnes
380 601 610 650 viderent3
655 605 701 641 et
731 599 871 651 Cat03
909 599 973 651 is,
1004 599 1242 653 diremptis
1272 600 1482 652 tabellis,
1533 598 1590 639 de

99 659 274 699 circulo
305 671 352 699 se
382 657 601 699 subduxit
629 660 674 697 et
702 655 920 710 Pompeio
950 655 1121 709 primus
1151 655 1391 697 nuntiavit.
1452 655 1593 700 Aiunt

98 714 324 765 nonnulli,
375 714 483 754 item
514 712 779 763 Sallustius,
826 711 1191 765 metoportuisse
1232 724 1475 754 accusa1·e.-·
1525 711 1591 752 Iis

99 784 181 825 ego
211 765 434 811 iudicibus
465 767 823 810 committerem?
881 766 1005 817 Quid
1035 781 1192 818 essem,
1222 768 1286 819 si,
1316 780 1385 808 me
1416 770 1593 822 agente,

98 830 216 867 esset
248 826 423 880 elapsus
437 825 452 865 ’.Υ
509 824 600 866 Sed
629 839 699 865 me
728 824 821 864 alia
849 828 1098 866 moverunt.
1167 823 1269 865 Non
1300 827 1501 878 putasset
1530 824 1590 865 si-

99 882 145 923 bi
174 882 417 936 Pompeius
446 881 502 921 de
532 880 656 921 illius
687 880 846 930 salute,
877 879 958 920 sed
988 878 1044 921 de
1070 892 1148 920 sua
1170 878 1394 933 dignitate
1417 892 1592 922 mecum

98 951 195 979 esse
235 942 487 979 certamen:
538 936 585 976 in
626 936 780 985 urbem
816 935 1077 977 introisset:
1127 935 1185 976 ad
1224 935 1491 977 inimicitias
1522 947 1593 976 res

98 995 320 1036 venisset:
373 1006 474 1034 cum
513 991 762 1033 Aesernino
793 990 994 1033 Samnite
1024 991 1330 1033 Pacideianus
1363 1004 1593 1046 compara-

99 1133 203 1166 Crat.
235 1135 308 1165 tum
341 1131 418 1166 Md.
458 1130 554 1165 Vict.
585 1133 614 1165 l.
644 1132 680 1166 2.
720 1131 810 1165 Ern.
850 1141 928 1164 cum
962 1131 1067 1165 Man.
1115 1132 1245 1169 Lamb.
1280 1132 1340 1177 qui
1370 1131 1438 1166 illo
1475 1131 1598 1166 deleta

99 1180 287 1225 particula
313 1179 404 1213 Sch.
431 1181 527 1217 Lim,
557 1179 755 1215 ORELLJ.
791 1180 941 1213 Sensus:
967 1179 1080 1225 idque
1105 1192 1147 1213 ex
1174 1192 1218 1214 eo
1245 1181 1452 1228 colligitur,
1479 1180 1594 1226 quod,

98 1234 214 1273 quum
240 1234 318 1261 tam
344 1228 466 1261 infans
493 1234 588 1262 esset
615 1234 814 1261 accusator
841 1233 996 1272 tamque
1020 1228 1212 1263 sordidum
1239 1229 1443 1268 iudicium,
1478 1233 1597 1262 tamen

100 1288 121 1309 e
147 1277 259 1317 LXX,
288 1277 352 1322 qui
378 1278 580 1319 sententias
606 1277 785 1319 tulerant,
814 1276 955 1310 XXXII
982 1277 1147 1319 fuerint,
1187 1277 1249 1324 qui
1274 1277 1481 1311 Gabinium
1506 1289 1595 1311 con-

99 1326 333 1358 demnarent.
369 1324 476 1358 SCH.
511 1325 683 1359 XXXII.
721 1325 776 1358 Ex
805 1324 900 1369 Epp.
926 1325 977 1359 ad
1001 1326 1115 1359 Attio.
1143 1327 1185 1366 4,
1215 1327 1258 1361 16
1294 1327 1430 1368 (Man.)
1463 1326 1595 1361 Lamb.

99 1374 189 1407 Ern.
227 1372 318 1409 Sch.
355 1373 454 1407 Liin.
490 1373 623 1408 XXII.
660 1372 743 1407 Md.
773 1373 892 1406 Oxon.
932 1375 962 1408 1.
989 1374 1021 1408 2.
1050 1374 1155 1411 Crat.
1184 1372 1287 1409 Vict.
1316 1376 1411 1413 1.-2.
1461 1376 1496 1409 S.
1536 1385 1594 1419 ep.

99 1420 263 1461 CXLIX,
291 1422 324 1456 9.
354 1440 393 1447 --
429 1421 535 1464 reliq.
562 1421 633 1454 incl.
661 1421 707 1453 de
733 1421 877 1454 ambitu
904 1428 940 1454 et
967 1421 1010 1454 de
1037 1422 1269 1467 repetundis.
1295 1422 1404 1457 SCH.
1438 1441 1485 1447 —
1518 1423 1596 1455 nul-

100 1470 176 1502 lam
203 1482 252 1500 Ξ
277 1480 316 1502 so
343 1476 407 1514 gut
432 1469 484 1502 als
509 1469 663 1509 Nidus,
700 1469 780 1503 dass
806 1481 844 1502 es
871 1481 933 1502 aus
961 1470 1013 1503 sei
1038 1471 1119 1504 mit.
1182 1471 1217 1505 S.
1251 1471 1404 1505 Ramsh.
1444 1470 1474 1513 §.
1510 1472 1595 1512 203,

101 1519 151 1551 ΙΙ.
178 1527 212 1551 c.
258 1537 302 1542 -—
353 1519 391 1551 in
417 1517 529 1551 nullo.
581 1518 642 1551 Sic
670 1518 844 1551 videntur
872 1519 1015 1551 habere
1043 1520 1160 1552 Oxon.
1190 1522 1221 1554 1.
1245 1520 1298 1562 2.;
1341 1520 1387 1552 de
1413 1519 1494 1553 Md.
1521 1530 1596 1552 non

99 1566 187 1599 satis
214 1571 373 1599 constat.
409 1566 508 1599 Vict.
536 1567 571 1602 1.
600 1566 687 1599 Ern.
715 1565 806 1601 sch.
834 1567 926 1601 Liin.
972 1568 1135 1600 Defendi
1173 1573 1294 1613 potest
1319 1567 1394 1601 illis
1423 1567 1532 1602 Ver-r.
1559 1569 1594 1610 2,

98 1615 163 1649 24:
191 1613 341 1647 debebat
364 1614 501 1647 nullum
527 1625 701 1647 nummum
728 1615 873 1649 nemini.
903 1616 1005 1651 Crat.
1033 1617 1137 1650 Man.
1164 1616 1296 1650 Lamb.
1325 1616 1425 1651 Vict.
1444 1616 1476 1651 2.
1503 1615 1593 1648 ullo.

100 1661 297 1696 ORELLI.
347 1663 382 1696 S.
411 1661 565 1695 Ramsb.
592 1664 624 1706 ξ.
654 1663 734 1705 173,
760 1664 794 1698 3.
822 1664 913 1698 Not.
946 1683 992 1689 -
1044 1664 1138 1700 Quid
1159 1665 1271 1709 plura
1297 1664 1377 1698 scil.
1412 1663 1590 1697 scribam.

100 1704 203 1744 Uber
229 1710 328 1743 diese
356 1710 498 1754 Ellipse
525 1721 551 1744 s.
572 1711 728 1744 Ramsh.
755 1710 788 1753 §-
819 1712 900 1752 174,
930 1715 960 1747 1.
987 1713 1031 1747 Ν.
1058 1713 1095 1748 5.
1124 1714 1156 1748 6.
1182 1731 1229 1736 —
1254 1713 1442 1752 sederunt,
1470 1723 1592 1745 waren

100 1758 283 1791 Beisitzer
320 1758 384 1791 des
417 1758 612 1792 Gerichts.
673 1757 721 1793 So
749 1759 828 1792 Cic.
860 1761 963 1793 Orat.
991 1761 1024 1804 1,
1050 1762 1115 1796 36:
1158 1761 1267 1794 nobis
1301 1760 1517 1794 sedentibus
1553 1760 1592 1793 in

99 1806 282 1840 tribunali
315 1807 509 1851 Pompeii3
553 1818 612 1852 pr.
641 1808 755 1842 Rosc.
784 1808 890 1841 Com.
917 1811 957 1843 4:
993 1809 1140 1842 utinam
1178 1809 1324 1843 sederet
1354 1809 1394 1842 in
1430 1809 1593 1842 consilio

100 1855 257 1890 Pisonis.
309 1873 356 1879 —-
407 1855 483 1891 Gn.
525 1854 711 1888 Domitius
745 1857 930 1891 Calvinus.
993 1857 1028 1892 S.
1067 1869 1123 1903 ep.
1153 1857 1281 1899 CXLI,
1308 1859 1341 1892 4.
1376 1857 1531 1901 CXLII,
1559 1859 1590 1892 7.

101 1903 259 1945 CXLVI,
288 1904 341 1939 16.
370 1922 412 1928 -
439 1907 573 1947 aperte.
640 1903 723 1937 Und
758 1904 857 1938 doch
886 1905 985 1940 ward
1012 1917 1053 1939 er
1077 1918 1159 1940 zum
1187 1907 1326 1940 Consul
1351 1905 1414 1938 des
1440 1905 1592 1950 folgen-

101 1952 172 1985 den
198 1950 306 1985 Iahrs
331 1958 499 1986 ernannt.
540 1950 666 1985 Ceteri
692 1954 892 1986 sententias
919 1958 1009 1987 tecte
1033 1955 1165 1991 tulere.
1196 1974 1237 1979 -
1266 1954 1452 1998 diremptis
1479 1953 1593 1987 tabel—

100 2000 146 2033 lis
171 2000 196 2033 i.
225 2011 256 2032 e.
285 1999 474 2040 discretis,
511 1999 753 2034 dinumeratis
780 2001 950 2045 tabellis,
994 2003 1122 2037 sobald
1149 2002 1210 2035 die
1235 2001 1419 2035 Stimmen
1443 2002 1593 2048 gez-'‘ihlt

101 2059 224 2081 waren
252 2047 332 2081 und
358 2058 399 2080 er
425 2048 503 2089 sah,
531 2047 611 2081 dass
639 2049 819 2083 Gabinius
845 2050 920 2084 frei
945 2051 1182 2096 gesproclien
1210 2062 1295 2084 war.
1355 2051 1418 2084 Sic
1455 2051 1501 2084 de
1533 2050 1592 2084 Si-

101 2096 206 2141 gonii
233 2102 272 2128 et
297 2095 401 2129 Man.
431 2095 528 2129 coni.
556 2097 687 2130 Lamb.
715 2099 804 2131 Ern.
833 2097 918 2132 Sch.
943 2100 1040 2133 Liin.
1069 2100 1226 2143 diruptis
1250 2099 1330 2133 Md.
1359 2100 1460 2135 Crat.
1488 2097 1590 2132 Vict.

102 2147 133 2178 1.
161 2146 194 2180 2.
232 2145 333 2177 Man.
362 2143 516 2188 direptis
551 2145 686 2178 Iunius.
721 2146 886 2179 diribitis
913 2147 1055 2180 Gruch.
1089 2149 1198 2192 prob.
1227 2148 1359 2181 Lamb.
1391 2147 1590 2182 ORELLI.

100 2194 148 2226 Es
174 2192 295 2226 bleibt
323 2193 533 2238 ungewiSS,
562 2204 636 2226 wer
663 2193 784 2227 dieser
810 2195 905 2227 Cato
940 2195 1150 2240 praetorius
1187 2206 1360 2241 gewesen
1393 2196 1457 2230 sei.
1508 2197 1591 2229 Ma-

100 2246 177 2278 nut.
205 2239 422 2275 vei-muthet
449 2240 626 2274 Hostilius
654 2243 758 2277 Cato.
787 2262 829 2267 —
858 2243 1009 2286 circulo,
1037 2244 1103 2277 ubi
1128 2244 1268 2278 iudices
1295 2245 1398 2278 circa
1425 2244 1592 2278 tribunal

101 2290 285 2335 praetoris
310 2288 478 2321 sedentes
504 2290 709 2323 sententias
742 2291 917 2324 tulerant.
954 2292 1161 2330 MANUT.
1194 2312 1240 2318 —
1282 2292 1454 2337 Pompeio
1488 2299 1591 2325 extra

100 2337 254 2372 Urbem.
313 2337 412 2370 Nam
445 2343 528 2370 erat
560 2348 643 2371 cnm
679 2339 850 2384 imperio.
910 2340 1033 2384 Quare
1067 2340 1112 2374 ad
1146 2341 1274 2375 urbem
1310 2342 1348 2374 in
1375 2341 1591 2374 suburbano

100 2386 232 2419 iudicil
258 2385 397 2418 exitum
426 2385 664 2431 exspectavit.
721 2387 807 2424 Vid.
837 2388 910 2421 Dio
937 2389 1101 2422 XXXIX.
1130 2390 1336 2425 MANUT.
1369 2408 1415 2414 —
1448 2389 1590 2423 nuntia-

100 2433 163 2474 vit,
189 2445 253 2467 um
280 2434 360 2467 sich
385 2432 467 2466 ihm
496 2445 540 2466 zu
567 2434 796 2480 empfelilen,

197 2484 235 2518 2.
271 2483 345 2516 Gn.
383 2481 592 2516 Sallustius.
644 2481 679 2516 S.
708 2495 763 2529 ep.
791 2485 865 2517 VII
892 2482 976 2515 init.
1005 2483 1098 2517 VIII
1127 2483 1206 2517 init.
1235 2484 1333 2525 LIX,
1361 2485 1394 2519 6.
1430 2502 1472 2509 —
1525 2484 1589 2520 Iis.

100 2529 182 2564 Md.
212 2530 310 2566 Vict.
337 2531 359 2565 2
386 2530 462 2564 llis.
489 2548 536 2554 —-
580 2532 849 2566 committerem.
903 2533 954 2563 An
990 2531 1247 2565 committerem
1272 2531 1353 2565 me!
1393 2531 1590 2566 ORELIJ.

101 2577 263 2612 Solchen
283 2578 468 2611 Richtern
497 2576 605 2612 hatte
630 2579 694 2612 ich
721 2580 823 2614 mich
850 2586 1040 2613 aussetzen
1068 2579 1211 2614 sollen?
1238 2598 1283 2603 —
1310 2584 1451 2622 agente,
1479 2592 1589 2614 accu-

102 2632 219 2662 sante.
268 2644 316 2650 —
362 2626 404 2658 de
428 2626 542 2666 illius,
571 2627 736 2669 Gabinii,
762 2629 891 2662 salute.
944 2647 984 2652 —
1036 2627 1235 2661 introisset.
1288 2626 1351 2661 Sic
1378 2629 1457 2662 Md.
1489 2631 1588 2662 Crat.

101 2674 204 2707 Vict.
235 2675 265 2708 1.
295 2675 329 2709 2.
365 2675 470 2708 Man.
498 2675 627 2708 hamb.
660 2675 832 2709 intrasset
858 2675 929 2708 Ed.
962 2677 1063 2710 1581.
1101 2676 1206 2709 Grut.
1244 2676 1338 2713 Ern.
1373 2675 1461 2710 Sch.
1497 2678 1588 2710 Liin.

105 2721 302 2756 ORELLI.
331 2739 373 2746 —
400 2732 478 2754 cum
506 2723 589 2755 Aes.
617 2723 736 2760 Samii,
765 2724 1008 2758 Pacideianus
1033 2735 1066 2759 c.
1092 2724 1176 2765 rid„
1212 2735 1325 2766 „man
1352 2723 1460 2758 hatte
1486 2726 1589 2758 mic-li

102 2769 170 2804 mit
190 2770 273 2804 dem
293 2769 489 2804 Gladiator
506 2771 753 2805 Pacideianus
778 2771 1008 2816 verglichen,
1038 2772 1104 2805 der
1131 2772 1210 2806 sich
1239 2773 1309 2807 mit
1335 2773 1419 2806 dem
1446 2773 1586 2807 Samni*—
