1742 3006
518 50 841 95 EPISTOLA
873 49 1034 92 XXX.
1445 44 1535 95 139

144 164 279 207 VIII.
341 163 492 218 Cyrus
531 161 618 202 ille
658 174 685 202 a
724 159 1036 216 Xenophonte
1076 174 1164 202 non
1205 159 1263 201 ad
1304 158 1602 208 historiae23

34 220 172 262 fidem
203 220 414 274 scriptus,
442 216 524 258 sed
553 218 615 258 ad
644 215 847 271 effigiem
876 218 986 258 iusti
1015 215 1223 271 imperii:
1253 216 1382 257 cuius
1413 228 1539 256 sum-

34 290 109 318 ma
149 276 349 332 gravitas
388 274 443 315 ab
484 273 575 315 illo
614 272 891 329 philosopho
933 287 1034 314 cum
1063 273 1286 328 singulari
1316 272 1538 313 comitate

35 333 348 388 coniungitur:
378 354 432 360 —
461 342 577 384 quos
607 329 789 384 quidem
819 331 961 371 libros
991 342 1079 370 non
1102 330 1199 370 sine
1222 341 1358 370 causa
1376 332 1539 369 nossser

36 389 121 430 ille
158 388 402 430 Africanus
443 385 500 426 de
540 387 748 426 ‚manibus
787 399 954 441 ponere
984 399 1074 426 non
1104 386 1301 426 solebat:
1354 384 1539 425 nullum

35 449 104 486 est
132 446 252 485 enim
281 442 650 498 praetermissum
680 443 728 482 in
767 441 826 484 iis
857 441 1065 483 officium
1095 441 1331 495 diligentis
1362 444 1408 481 et
1435 453 1538 481 nno-

37 501 187 542 derati
215 498 422 554 imperii:
451 520 506 526 -
549 511 689 553 eaque
698 529 714 555 5
744 499 784 539 si
814 498 882 540 sic
912 498 1058 540 coluit
1088 497 1185 549 ille,
1217 497 1295 550 qui
1324 498 1536 551 privatus

38 556 214 598 futurus
244 568 471 609 nunquam
501 553 618 595 fuit:
660 568 855 609 quonam
884 554 1019 596 modo
1053 552 1293 594 retinenda
1322 557 1427 593 sunt
1458 551 1539 603 iis,

39 613 200 668 quibus
230 612 470 666 imperium
502 611 571 652 ita
601 610 755 652 datum
786 616 879 663 est⁷
920 616 971 651 ut
1001 609 1268 662 redderent,
1311 612 1357 649 et
1387 609 1442 648 ab
1474 607 1539 648 iis

39 668 213 722 legibus
244 668 400 708 datum
430 670 526 719 est,
558 666 616 708 ad
647 680 758 721 quas
789 666 1109 709 revertendum
1143 664 1245 707 est?
1302 665 1372 705 Ac
1415 662 1539 704 mihi
1551 662 1605 702 24

37 723 222 779 quidem
241 724 455 765 videntur
483 722 574 764 huc
605 724 757 765 omnia
786 737 885 766 esse
916 721 1156 765 referenda
1189 722 1263 774 iis,
1294 720 1373 775 qui
1402 733 1538 775 prae-

30 784 142 824 esunt
170 780 303 832 aliis,
332 784 383 820 ut
413 780 464 831 ii,
496 779 574 834 qui
607 783 738 821 erunt
767 780 815 821 in
844 794 998 821 eorum
1027 778 1245 834 imperio,
1275 777 1369 818 sint
1399 789 1539 831 quam

38 836 315 878 beatissimi:
365 835 487 890 quod
516 835 604 876 tibi
635 839 682 876 et
712 849 810 878 esse
838 836 1206 892 antiquissimum
1235 835 1283 874 et
1312 833 1367 874 ab
1398 833 1537 875 initio

37 956 205 1036 Manui-,L
222 954 356 988 Lamb.
393 955 543 989 Gruter.
586 955 713 999 quibus·
754 956 834 1001 ‘ipse
857 955 1002 1001 praesit
1035 955 1183 989 Ernest.
1219 953 1372 987 Schiitz.
1408 951 1537 985 tacite.

41 1003 140 1038 ORE
208 1003 240 1036 Ι.

136 1050 237 1085 VIII.
263 1051 322 1087 23.
352 1062 482 1097 eaque,
508 1052 542 1087 si
568 1051 622 1087 sic
639 1052 752 1087 coluit
768 1052 842 1087 ille.
861 1054 931 1088 Um
949 1051 1013 1086 das
1029 1049 1343 1096 Anantapod6t0n
1367 1049 1537 1092 (Grotef.

39 1103 73 1146 ζ).
104 1100 194 1143 442)
229 1100 320 1133 oder
353 1100 643 1143 Anacoluthon‚
692 1102 763 1135 den
805 1102 1066 1147 angenehmen
1104 1099 1288 1133 Abdruck
1330 1097 1436 1131 einer
1473 1109 1539 1131 aus

39 1148 150 1183 Eifer
175 1148 253 1182 und
279 1149 562 1194 Lebendigkeit
589 1156 880 1196 entsprossenen
905 1148 1231 1194 Nachl'aissiglzeit,
1265 1146 1337 1181 wie
1371 1158 1457 1181 man
1484 1146 1539 1180 sie

42 1197 144 1231 beim
170 1199 355 1243 Vortrage
381 1199 667 1243 gevvbhnlieher
693 1199 906 1233 Menschen
935 1199 993 1233 oft
1026 1197 1290 1239 wahrnimmt,
1324 1207 1390 1229 aus
1416 1195 1541 1228 dieser

40 1246 157 1280 stelle
183 1247 501 1290 fortzuschaffen,
526 1248 689 1282 streicht
715 1248 864 1282 Ernesti
891 1259 955 1292 que
980 1247 1056 1280 und
1081 1247 1162 1288 ille,
1189 1245 1267 1279 und
1292 1245 1389 1278 lies’t
1414 1242 1539 1277 sehon

42 1293 196 1330 Ursinus
221 1295 380 1338 scriptus
414 1301 478 1330 est.
526 1296 657 1332 Indess
690 1297 842 1340 schliigt
867 1296 1033 1331 Lambiu
1067 1295 1141 1328 den
1166 1296 1267 1341 VVeg
1299 1294 1378 1334 ein,
1417 1293 1542 1325 dieser

41 1344 155 1378 stelle
181 1343 242 1376 die
269 1344 533 1388 gewbhnliche
563 1344 831 1379 Ciceronische
856 1343 1116 1387 Einkleidung
1152 1342 1258 1374 einer
1289 1341 1540 1386 Epanalepsis

43 1393 136 1426 oder
180 1392 359 1438 repetitio
394 1392 561 1427 dadurch
590 1405 637 1427 zu
671 1395 811 1438 geben,
852 1394 935 1426 dass
970 1403 1011 1426 er
1044 1393 1200 1438 anfangs
1233 1388 1276 1424 Si
1311 1389 1428 1434 Cyrus
1460 1388 1541 1423 und

43 1439 221 1474 nachher
246 1441 310 1474 secl
332 1440 365 1474 εἰ
389 1440 479 1474 Ilaec
504 1441 636 1485 officia
660 1442 716 1476 εἰς
743 1440 868 1475 coluit·
884 1442 950 1476 ille
975 1440 1187 1475 verbessert
1225 1439 1356 1484 (vergl.
1383 1438 1539 1474 Tuscul.

44 1489 224 1534 Disp.11‚
246 1489 301 1524 14.
331 1491 366 1532 2,
385 1491 442 1529 22,
461 1491 519 1526 74.
550 1490 596 1523 de
611 1490 763 1524 Finibb.
792 1492 865 1531 111,
892 1492 929 1529 4,
959 1491 1018 1532 14,
1045 1489 1084 1523 ff.
1111 1488 1183 1527 111,
1210 1489 1245 1527 3,
1275 1489 1332 1521 ll.
1360 1486 1423 1529 IV,
1451 1488 1485 1528 l,
1505 1488 1537 1520 1.

43 1538 92 1571 ad
119 1537 251 1571 Famil.
279 1537 353 1580 IX,
384 1540 438 1573 16.
488 1537 526 1572 S.
554 1540 712 1573 Ramsh.
740 1539 776 1582 §.
803 1540 884 1575 206.
912 1539 953 1581 B,
980 1539 1015 1578 6,
1045 1537 1114 1579 (1,),
1141 1547 1199 1569 wo
1226 1535 1307 1574 sed,
1336 1537 1411 1569 wie
1438 1540 1542 1569 sonst

41 1586 164 1628 igitur
195 1585 276 1619 und
310 1586 451 1620 andere
484 1588 657 1628 WViirter,
692 1587 835 1620 wieder
870 1598 939 1620 zur
972 1585 1212 1631 Hauptsache
1245 1583 1422 1617 einleiten
1457 1583 1540 1617 soll.

4 1645 6 1653 ⁴
45 1636 153 1668 Ganz
178 1634 324 1679 richtig
356 1635 507 1669 scheint
537 1636 613 1670 mir
646 1636 824 1669 desshalb
859 1635 981 1669 Orelli
1015 1646 1062 1668 zu
1094 1634 1216 1666 dieser
1249 1632 1365 1665 Stelle
1395 1644 1441 1666 zu
1476 1632 1542 1664 be—

45 1682 214 1717 mex-ken:
252 1683 364 1717 Vides
396 1690 434 1717 et
467 1685 701 1719 Lambinum
740 1690 778 1717 et
803 1685 986 1719 Ursinum
1012 1692 1180 1717 amovere
1204 1681 1366 1715 voluisse
1402 1676 1541 1715 dvano'-

48 1731 216 1773 λουθον,-
242 1743 336 1778 quae
362 1739 492 1766 tamen
520 1745 563 1766 ex
588 1745 674 1768 meo
703 1732 854 1778 quidem
882 1744 992 1767 sensu
1025 1731 1154 1777 potior
1186 1736 1253 1763 est.
1313 1729 1359 1763 In
1396 1729 1540 1762 diesem

48 1780 261 1815 Anakoluth
288 1781 595 1828 beriiclrsiclitigt
629 1783 690 1815 die
723 1784 975 1827 Fortsetzung
1007 1780 1071 1814 des
1099 1779 1326 1813 Gedankens
1360 1778 1436 1811 fast
1470 1789 1542 1810 nur

49 1829 111 1862 die
137 1829 377 1864 Parenthese.
405 1831 509 1865 Uber
536 1831 596 1864 die
621 1830 857 1877 Cyropaedie
884 1831 947 1863 des
975 1829 1146 1874 Xenoph.
1175 1827 1293 1871 vergl.
1323 1827 1368 1859 de
1386 1826 1543 1859 Amicit.

49 1878 161 1919 VIII,
193 1880 226 1912 7.
255 1879 338 1913 Cat.
367 1880 455 1912 mai.
485 1880 557 1921 IX,
591 1881 652 1914 30.
679 1880 730 1923 X,
756 1880 816 1915 32.
845 1879 970 1920 XXII,
1000 1879 1106 1914 7911.
1135 1877 1208 1909 das.
1235 1876 1296 1909 die
1322 1875 1470 1920 Ausleg.
1498 1893 1541 1900 —

51 1927 100 1960 ad
124 1925 158 1960 Ιι.
179 1925 314 1967 fidem,
343 1927 549 1962 histor-isch
575 1935 677 1970 tren,
705 1928 833 1970 wahr‚
861 1928 962 1961 steht
987 1928 1041 1960 im
1068 1927 1225 1970 Gegens.
1258 1935 1332 1958 von
1360 1924 1409 1957 ad
1433 1922 1541 1967 effig-

52 1975 76 2008 i.
103 1975 219 2018 imp,
260 1976 313 2009 als
348 1976 475 2018 Idem,
509 1976 857 2011 Vollkommenbild
894 1974 996 2009 ei'nes
1028 1976 1246 2020 Regenten,
1283 1972 1352 2006 wie
1386 1984 1427 2005 er
1461 1972 1544 2005 sein

53 2023 133 2056 soll.
160 2041 206 2047 —
232 2024 399 2067 comitas,
427 2026 720 2072 Herablassung‚
747 2025 861 2063 Huld.
888 2045 932 2050 —
960 2024 1192 2068 Africanus,
1219 2020 1389 2055 niimlich
1416 2020 1547 2065 Scipio

52 2072 255 2105 Africanus
289 2072 438 2114 Minor,
478 2074 543 2108 der
575 2074 678 2109 Sohn
720 2074 785 2107 des
819 2076 861 2108 L.
895 2073 1076 2107 Aemilius
1110 2072 1265 2111 Paulus,
1308 2081 1377 2103 nur
1420 2067 1546 2103 durch

53 2118 246 2165 Adoptiou
272 2121 333 2154 ein
360 2122 501 2168 Scipio.
530 2142 574 2148 —-
601 2133 712 2167 eaque
746 2124 827 2157 scil.
863 2121 1012 2163 officia,
1046 2121 1138 2155 illae
1169 2121 1348 2160 virtutes,
1382 2118 1547 2164 ,gravitas

55 2180 141 2203 cum
168 2170 351 2203 comitate
385 2172 603 2213 coniuncta,
642 2172 800 2216 diligens
835 2179 872 2205 et
903 2171 1141 2205 moderatum
1172 2168 1380 2212 imperium
1415 2166 1548 2212 gehiirt

56 2230 100 2251 zu
125 2221 408 2260 quonammodo
442 2221 635 2255 ‘recinenda
659 2225 760 2264 sunt,
798 2221 867 2254 wie
907 2222 1057 2254 miissen
1088 2217 1172 2252 sich
1209 2217 1309 2250 diese
1343 2215 1550 2260 Tugendcn

57 2266 285 2311 Dieienigen
313 2269 546 2314 anzueignen
574 2270 713 2303 suchen
745 2281 780 2304 u.
816 2281 842 2303 s.
876 2270 905 2304 f.
947 2286 992 2293 ·—-
1027 2268 1062 2301 δι’
1101 2267 1157 2300 sz'c
1190 2266 1299 2299 coluit
1330 2265 1396 2298 ille
1431 2266 1552 2309 Cyrus

57 2314 138 2348 scil.
162 2314 231 2349 illa
257 2316 405 2361 offict'a5
433 2319 553 2352 colere
576 2332 627 2349 z
653 2325 819 2359 wax-ten,
847 2318 1024 2364 pflegen‚
1060 2316 1248 2355 anbauen,
1279 2320 1322 2347 ut
1347 2320 1464 2354 artes,
1499 2311 1552 2344 vi-

58 2370 159 2404 tem,
193 2364 372 2407 hortum,
409 2377 545 2412 agrum
577 2379 616 2401 u.
645 2367 764 2412 dergl.
793 2385 835 2390 -—
864 2364 1069 2400 revertend.
1098 2368 1162 2398 est.
1213 2365 1324 2396 Denn
1359 2363 1413 2395 im
1444 2360 1551 2393 Frei—

60 2417 181 2444 staate
206 2420 369 2447 mussten
395 2415 455 2449 die
481 2415 731 2449 &ffentlichen
759 2418 939 2449 Beamten
971 2415 1073 2449 nach
1104 2413 1343 2447 verlaufener
1371 2408 1458 2442 Zeit
1484 2407 1552 2440 der

61 2459 174 2493 ilmen
200 2470 467 2497 auvertrauten
496 2464 647 2498 Gewalt
673 2465 711 2498 in
738 2465 809 2498 den
839 2462 1074 2496 Privatstand
1099 2462 1177 2495 und
1203 2467 1311 2494 unter
1348 2458 1408 2490 (lie
1436 2459 1552 2489 Herr-

61 2506 191 2541 schaft
217 2510 282 2543 der
302 2512 466 2547 Gesetze
492 2513 632 2546 wieder
658 2513 925 2547 zui-'ucktreten
954 2512 1032 2545 und
1060 2522 1184 2543 waren
1212 2511 1277 2542 fiir
1303 2505 1367 2539 ihr
1393 2505 1553 2549 gefuhr-

60 2563 116 2589 tes
141 2556 229 2590 Amt
255 2559 406 2594 alsdann
434 2563 760 2596 verantwortlich.
781 2580 826 2585 —
845 2561 904 2604 z'c'S,
931 2561 1012 2596 Md.
1040 2559 1109 2593 hiS.
1136 2578 1176 2583 —
1208 2562 1243 2590 ut
1270 2555 1370 2589 redd.
1393 2555 1551 2588 Gesner·

60 2609 97 2638 ut
125 2605 274 2639 reddant
300 2620 397 2655 susp.
425 2611 514 2644 Non
541 2612 651 2644 male.

157 2654 215 2688 24.
244 2653 310 2689 lmc
335 2659 435 2702 zeigt
460 2659 528 2692 auf
551 2663 600 2693 ul.
628 2678 672 2683 —-
700 2659 738 2692 in
764 2669 900 2692 eorum.
965 2657 1027 2690 Sic
1056 2655 1135 2690 Md.
1164 2653 1263 2687 Vict.
1295 2655 1333 2694 1,
1370 2653 1403 2687 2.
1432 2660 1554 2684 corum

62 2702 98 2734 in
125 2701 271 2738 Ernest,
309 2704 450 2741 Schiitz
483 2709 642 2742 Liinem.
676 2707 842 2750 weniger
878 2704 1144 2739 wohllautend.
1196 2721 1235 2726 —
1289 2700 1477 2743 antiquiss.
1506 2713 1555 2729 z

63 2750 223 2785 maxime
251 2753 321 2786 tibi
349 2756 454 2790 cordi
484 2763 519 2790 et
552 2767 629 2790 esse
658 2762 695 2788 et
728 2756 856 2789 fuisse.
910 2756 1020 2788 Dcnn
1049 2753 1113 2786 das
1142 2751 1236 2791 Alte,
1265 2751 1325 2784 dic
1353 2751 1426 2783 alte
1452 2748 1558 2781 Wclt
