1742 3006
555 33 874 76 EPISTOLA
900 34 1042 77 XIX.
1489 33 1551 80 57

58 150 181 188 terea
209 145 329 187 boni.
386 144 584 200 Insignis
613 158 723 188 vero
754 158 892 201 opera
919 143 1110 187 Favonii
1140 144 1242 188 fuit.
1311 143 1413 188 Hoc
1443 157 1549 188 con-

59 216 193 243 cursu
223 202 507 256 optimatium
549 203 735 244 comitia
772 203 1087 244 dimittuntur2
1127 206 1306 244 senatus
1347 208 1548 244 vocatur.

61 259 210 307 Quum
255 258 575 299 decerneretur
611 257 838 313 frequenti
894 262 1076 310 senatu,
1124 263 1284 300 contra
1323 262 1550 313 pugnante

60 314 256 366 Pisone,
306 313 362 353 ad
392 313 527 367 pedes
567 316 763 355 omnium
801 314 1071 368 singillatim
1102 315 1336 355 accidente
1367 315 1551 368 Clodio,

62 375 111 411 ut
141 369 345 410 consules
375 369 587 423 populum
628 370 977 412 cohortarentur
1014 369 1070 409 ad
1113 371 1390 424 rogationem
1429 371 1550 411 acci·-

65 425 300 481 piendam3
333 424 537 465 homines
577 425 635 466 ad
673 439 749 467 xv.
781 426 970 467 Curioni
1010 425 1183 466 nullum
1223 430 1401 467 senatus
1444 440 1549 467 con-

66 482 232 522 sultum
262 480 449 521 facienti
479 486 786 523 assenserunt:
827 495 885 522 ex
925 482 1070 521 altera
1108 485 1235 536 parte
1275 482 1412 522 facile
1442 494 1550 523 cccc

66 537 261 578 fuerunt.
318 537 434 578 Acta
472 549 543 577 res
583 542 664 579 est.
733 537 890 580 Fufius
931 538 1137 578 tribunus
1174 541 1268 578 tum
1312 539 1549 579 concessit.

67 592 257 634 Clodius
288 593 526 634 conciones
555 594 743 635 miseras
775 593 990 644 habebat,
1027 594 1074 633 in
1104 593 1263 648 quibus
1293 593 1551 646 Lucullum,

66 648 384 701 Hortensium,
426 648 477 690 C.
507 648 748 702 Pisonem,
786 649 1026 691 Messalam
1064 650 1294 690 consulem
1323 654 1552 691 contume-

67 705 183 746 liose
214 704 443 754 laedebat3
474 718 544 746 me
576 710 750 747 tantum
783 705 1089 760 „comperisse
1119 703 1299 746 omnia“
1340 706 1552 747 crimina-

68 761 210 801 batur.
272 760 459 802 Senatus
501 764 546 802 et
575 762 632 803 de
661 761 909 817 provinciis
954 765 1210 815 praetorum
1248 765 1294 802 et
1333 762 1390 802 de
1432 762 1553 816 lega-

68 816 265 857 tionibus
297 821 343 857 et
372 817 427 858 de
458 819 622 859 ceteris
652 819 784 859 rebus
826 817 1120 870 decernebat,
1163 821 1215 857 ut
1251 821 1381 868 ante,
1421 830 1554 872 quam

70 873 247 926 rogatio
277 873 372 914 lata
411 878 557 926 esset,
598 888 653 915 ne
694 873 806 928 quid
846 877 1066 926 ageretur.
1139 873 1290 914 Habes
1341 886 1413 914 res
1459 872 1554 915 Ro-

69 940 231 969 manas.
301 928 391 969 Sed
438 933 585 970 tamen
635 931 772 971 etiam
810 929 953 981 illud,
1004 927 1125 986 quod
1173 942 1262 969 non
1312 942 1555 984 speraram,

69 983 191 1024 audi.
249 983 446 1026 Messala
475 986 630 1026 consul
662 991 730 1027 est
759 986 990 1040 egregius,
1031 983 1190 1037 fortis,
1222 990 1455 1037 constans,
1486 985 1555 1025 di·

69 1040 241 1094 ligens,
284 1041 428 1081 nostri
480 1041 709 1094 laudator,
758 1046 957 1092 amator,
1009 1040 1224 1083 imitator.
1297 1041 1387 1082 Ille
1440 1042 1558 1082 alter

70 1109 158 1136 uno
187 1097 331 1137 minus
360 1096 475 1137 vitio
506 1098 723 1147 vitiosu53
755 1097 875 1152 quod
907 1098 1042 1149 iners,
1072 1096 1192 1152 quod
1212 1098 1355 1137 somni
1381 1097 1556 1151 plenus,

72 1151 192 1206 quod
233 1152 491 1207 imperitus,
541 1153 661 1207 quod
711 1150 1037 1203 ἀπρακτότατος,
1085 1153 1165 1193 sed
1212 1154 1446 1195 voluntate
1493 1154 1560 1193 ita

69 1209 283 1261 κακέκτης,
313 1212 363 1251 ut
391 1208 658 1264 Pompeium
687 1213 791 1265 post
819 1209 948 1251 illam
979 1209 1267 1262 concionem,
1307 1210 1356 1250 in
1386 1221 1474 1264 qua
1503 1210 1558 1250 ab

75 1385 274 1421 occiditur.
309 1405 354 1414 -
387 1387 631 1431 dimittuntur,
673 1388 821 1423 werden
853 1386 1103 1434 ausgehoben.
1164 1387 1325 1424 Gravius
1357 1387 1436 1422 will
1467 1386 1560 1421 diri-

75 1439 216 1469 muntur
242 1435 275 1469 d.
313 1435 370 1470 ed.
404 1437 486 1471 Asc.
516 1439 554 1479 1,
597 1438 649 1471 als
685 1438 857 1471 star-kern
889 1437 1082 1471 Ausdruck
1123 1447 1253 1481 wegen
1288 1437 1352 1471 des
1384 1437 1560 1471 Auflaufs

74 1484 284 1518 vorziehen.
311 1503 356 1510 -—
383 1495 483 1529 quum
509 1486 782 1528 decerneretur,
817 1487 869 1520 als
901 1497 988 1519 man
1022 1496 1104 1518 zum
1129 1486 1365 1519 Abstimmen
1394 1485 1562 1518 daruber

39 1551 42 1553 Δ
73 1532 227 1574 schritt,
263 1533 310 1566 ob
344 1545 430 1566 man
465 1533 717 1568 beschliessen
751 1535 898 1577 wollte,
934 1538 972 1567 ul
1010 1540 1080 1567 cet.
1117 1553 1161 1561 -—
1193 1534 1294 1576 sing.
1330 1534 1424 1570 eod.
1460 1533 1561 1566 Med.

75 1581 192 1615 Oxon.
219 1582 254 1624 2,
281 1581 365 1615 edd.
392 1583 474 1615 Asc.
503 1584 537 1616 1.
565 1582 665 1616 Crat.
692 1581 905 1624 sigillatim,
939 1583 1055 1616 Mann
1082 1583 1145 1616 fiir
1171 1583 1304 1617 Manu.
1330 1601 1376 1608 --
1405 1581 1564 1615 Curioni

74 1629 197 1675 patri,
235 1629 334 1663 denn
369 1629 434 1663 der
458 1629 563 1665 Sohn
589 1642 670 1664 war
702 1629 802 1663 noch
827 1643 873 1665 zu
897 1632 1003 1675 iung,
1039 1631 1091 1663 als
1118 1630 1200 1664 dass
1226 1641 1266 1663 er
1289 1630 1396 1664 hatte
1420 1630 1474 1663 im
1499 1630 1565 1663 Se-

75 1683 165 1709 nate
190 1677 306 1711 sitzen
332 1678 487 1712 konnen.
538 1677 576 1711 S.
604 1678 652 1712 ad
677 1677 791 1712 Attic.
820 1680 877 1722 II,
912 1680 957 1715 24
985 1679 1074 1721 (50).
1100 1697 1145 1704 --
1178 1689 1212 1712 n.
1256 1689 1285 1711 s.
1315 1690 1345 1712 c.
1382 1677 1563 1722 facienti,

77 1724 144 1757 der
168 1725 289 1759 wider
316 1726 378 1759 die
403 1728 612 1772 Absassung
645 1727 709 1760 des
743 1726 1047 1762 Rathsschlusses
1084 1739 1172 1760 war.
1202 1745 1247 1752 -
1281 1727 1378 1761 Acta
1413 1737 1473 1760 res
1499 1730 1564 1767 est,

77 1772 141 1806 das
167 1774 307 1808 Decret
332 1776 425 1820 ging
451 1775 589 1808 durch:
623 1781 665 1809 ut
692 1776 860 1810 consules
897 1776 1074 1822 populum
1101 1777 1395 1809 cohortarentur
1431 1774 1477 1808 ad
1502 1785 1566 1807 ro-

77 1822 263 1865 gationem
291 1823 560 1868 accipiendam.
590 1843 635 1849 —
661 1823 801 1863 Fufius.
863 1824 899 1857 S.
928 1825 1027 1858 oben
1056 1827 1083 1869 §.
1128 1826 1159 1858 l.
1186 1843 1230 1850 -
1258 1823 1455 1865 concessit,
1491 1835 1566 1855 non

78 1870 269 1915 impediit,
305 1874 395 1917 quin
421 1879 570 1905 senatus
596 1874 805 1906 consultum
830 1874 952 1907 fieret.
981 1873 1148 1912 miseras,
1185 1873 1222 1905 in
1251 1873 1382 1918 quibus
1407 1883 1482 1904 non
1510 1871 1566 1904 di-

80 1918 212 1961 cebat,
248 1920 345 1964 quod
371 1932 501 1953 causae
527 1931 613 1954 suae
645 1921 862 1966 prodesset,
898 1927 1043 1955 tantum
1077 1921 1352 1962 maledicebat,
1387 1919 1566 1953 crimina-

78 1966 199 2001 batur.
234 1968 471 2006 ERNESTI.
505 1988 549 1994 —
575 1969 771 2003 Lucullum.
821 1968 856 2003 S.
885 1976 977 2003 orat.
1005 1981 1076 2015 pro
1101 1969 1186 2004 Mil.
1221 1981 1252 2002 c.
1289 1971 1353 2010 27,
1383 1969 1567 2002 Plutarch

79 2015 120 2047 in
147 2016 314 2050 Lucullo.
342 2036 387 2043 --
414 2018 662 2059 Hortensium,
698 2018 761 2063 qui
794 2018 924 2052 ductus
960 2018 1047 2051 odio
1074 2019 1303 2063 properabat
1337 2028 1418 2049 rem
1453 2017 1567 2050 dedu-

82 2074 166 2096 cere
193 2063 231 2096 in
258 2064 439 2099 iudicium
465 2066 514 2102 cf.
543 2077 599 2111 ep.
626 2066 672 2099 ad
704 2067 821 2100 Attio.
853 2069 890 2109 1,
929 2067 972 2102 16
1005 2068 1096 2109 (21).
1123 2085 1167 2091 -
1196 2066 1238 2101 C.
1266 2066 1431 2100 Pisonem
1464 2066 1568 2099 Allo-

80 2111 245 2155 brogum
269 2114 558 2158 pacificatorem.
618 2114 706 2150 Vid.
732 2126 832 2160 supr.
862 2126 919 2160 ep.
953 2117 1015 2154 18,
1050 2116 1079 2158 ξ.
1104 2115 1140 2149 2.
1178 2133 1222 2139 —-
1255 2125 1332 2156 „me
1359 2116 1447 2146 tant.
1474 2125 1568 2147 com-

78 2160 186 2202 per.“
221 2172 248 2194 s.
281 2173 326 2194 zu
360 2173 416 2208 ep.
455 2165 511 2205 17,
548 2165 578 2206 §.
615 2164 648 2197 2.
687 2183 728 2189 --
764 2165 806 2196 de
837 2163 954 2205 legat.
989 2163 1085 2197 iiber
1119 2162 1178 2195 die
1213 2162 1568 2197 abzuscliickenden

81 2207 442 2247 Gesandtscbaften.
469 2228 510 2233 —
537 2211 684 2252 rogatio
712 2211 756 2244 de
783 2212 933 2248 Clodio.

178 2258 211 2293 6.
238 2259 420 2294 Messala.
460 2259 592 2291 Cicero
618 2260 758 2292 nimmt
784 2259 885 2292 seine
913 2261 964 2293 im
993 2260 1047 2294 18.
1075 2259 1202 2293 Briese
1230 2262 1260 2304 §.
1289 2261 1310 2295 3
1335 2261 1569 2303 geausserten

83 2303 319 2350 Besorgnisse
345 2306 497 2340 zuriick.
527 2326 570 2331 ——
597 2307 707 2347 alter,
738 2308 832 2341 Piso.
861 2329 902 2334 —
930 2319 1000 2340 uno
1025 2307 1138 2341 minus
1163 2308 1254 2340 vilio
1281 2309 1446 2348 vitiosus,
1465 2308 1568 2339 eines

82 2353 232 2387 Lasters
258 2365 389 2398 wegen
418 2355 576 2399 weniger
602 2355 810 2389 lasterhaft.
847 2356 988 2400 Witzig
1016 2357 1164 2401 gesagt!
1198 2354 1272 2389 Sic.
1300 2356 1402 2391 Med,
1439 2367 1458 2387 a
1494 2367 1568 2388 sec.

84 2412 212 2443 manu,
249 2415 340 2448 quae
375 2405 559 2436 correctio
594 2415 679 2436 sane
714 2415 733 2436 e
767 2404 905 2438 Codice
940 2405 1095 2450 antiquo
1129 2403 1284 2438 videtur
1314 2404 1449 2448 petita,
1485 2404 1570 2438 edd.

85 2448 186 2485 Vict.
225 2450 256 2483 1.
301 2451 391 2485 vilio
427 2452 540 2484 minus
575 2452 671 2486 cett.
724 2452 921 2486 ORELLI.
957 2453 1067 2485 Sinn:
1109 2453 1175 2484 der
1209 2453 1344 2484 andere
1380 2455 1476 2484 ware
1511 2453 1572 2485 eiu

85 2498 351 2544 vollstiiudiger
377 2499 656 2543 Taugenichts,
692 2512 799 2534 wenn
827 2511 867 2532 er
895 2500 1004 2534 nicht
1031 2501 1090 2533 die
1119 2501 1317 2544 Untugend
1344 2499 1408 2531 der
1433 2500 1571 2534 inertia

86 2550 124 2576 et
149 2546 293 2589 ignavia
319 2547 438 2587 hatte,
466 2550 560 2581 uber
585 2548 728 2581 welche
755 2560 839 2581 man
868 2549 927 2581 die
947 2550 1090 2581 andern
1114 2549 1356 2592 Untugendcn
1376 2548 1568 2581 desselben

84 2594 263 2637 vergisst‚·
300 2597 392 2628 demi
429 2607 490 2628 aus
524 2596 701 2630 Faulheit
737 2597 893 2629 schadet
932 2609 972 2630 er
1007 2598 1077 2630 mit
1110 2596 1223 2629 ilmen
1257 2609 1296 2628 so
1325 2596 1411 2629 sclir
1439 2596 1570 2639 iiicl1t3

86 2641 190 2674 scine
217 2643 398 2686 Tragheit
425 2651 529 2688 magt
562 2646 614 2676 sie
648 2644 943 2679 unschadlicher.
972 2665 1013 2670 —-
1052 2644 1293 2686 καχέκτης,
1348 2644 1445 2677 male
1480 2646 1571 2677 uffe-

87 2696 187 2731 ctus,
216 2692 435 2734 grundb'cise.
487 2694 557 2725 Em
584 2693 787 2726 iirztliclier
819 2694 1039 2726 Ausdruck!
1090 2712 1132 2717 ——
1158 2693 1195 2725 in
1230 2703 1309 2736 qun.
1364 2693 1436 2725 Sic.
1472 2695 1572 2728 Med.

87 2739 205 2774 Oxou.
235 2741 266 2779 l,
294 2740 330 2784 2.
359 2740 458 2772 Crnt.
487 2739 590 2775 Vict.
621 2744 653 2777 l.
687 2742 819 2776 Lamb.
844 2742 923 2774 Cet.
949 2742 985 2774 in
1013 2741 1185 2775 omisere.
1236 2741 1435 2775 ORELLI.
1488 2753 1510 2775 a
1535 2753 1573 2775 sc
