1742 3006
150 84 209 131 34
428 82 492 124 M.
524 82 580 125 T.
614 78 957 125 cicERoms
970 72 1365 124 Χια’,ΡΙΞΤΟΙΔΑΕ

151 198 302 238 urbem
334 210 360 237 a
389 193 644 236 domesticis
674 193 847 234 insidiis
877 196 920 234 et
950 193 1004 234 ab
1034 193 1242 234 intestino
1272 193 1455 243 scelere,
1483 196 1531 235 tu
1555 193 1645 236 Ita-

152 256 256 294 liam
286 258 329 293 et
358 253 411 292 ab
442 250 626 291 armatis
655 249 853 291 hostibus
881 252 927 290 et
958 249 1012 290 ab
1041 250 1215 290 occulta
1236 250 1540 292 coniuratione
1569 250 1647 292 de-

154 310 381 352 fenderes:
424 311 554 361 atque
593 305 707 346 hanc
735 311 932 347 nostram
961 305 1071 345 tanti
1111 309 1154 346 et
1182 309 1274 346 tam
1304 306 1525 360 praeclari
1554 319 1648 346 mu-

153 367 273 407 neris
304 364 560 405 societatem
590 374 616 402 a
645 363 731 403 tuis
752 361 1009 416 propinquis
1031 361 1365 412 labefactatam3
1395 363 1485 417 qui,
1515 375 1647 417 quum

151 429 199 463 tu
229 435 255 462 a
285 433 354 460 me
383 420 512 459 rebus
542 419 826 472 amplissimis
856 422 985 472 atque
1013 416 1477 460 honorificentissimis
1516 431 1647 460 orna-

152 483 223 519 tus
253 489 398 528 esses,
428 475 703 525 timuissent,
733 488 787 515 ne
817 487 928 528 quae
958 472 1069 513 mihi
1097 486 1200 527 pars
1230 475 1306 515 abs
1335 478 1381 515 te
1409 474 1648 516 voluntatis

154 538 328 575 mutuae
358 531 639 572 tribueretur.
707 530 808 570 Hoc
841 531 885 570 in
916 542 1119 569 sermone
1147 543 1279 583 quum
1309 543 1335 571 a
1363 543 1433 571 me
1464 543 1648 585 expone-

154 594 293 641 retur,
324 600 434 642 quae
464 599 563 628 mea
593 586 863 640 exspectatio
894 583 1054 625 fuisset
1092 586 1306 627 orationis
1336 589 1437 627 tuae
1467 590 1649 641 quanto-

152 645 308 701 quein
341 657 493 684 errore
521 648 720 684 versatus
752 655 919 682 essem:
986 641 1082 681 visa
1120 645 1187 681 est
1225 641 1370 683 oratio
1409 656 1498 684 non
1535 643 1648 682 iniu-

151 701 296 743 cunda
326 705 371 741 et
400 698 639 740 mediocris
678 698 855 753 quidam
896 699 962 737 est
1000 697 1114 737 risus
1145 702 1429 749 consecutus,
1478 712 1563 739 non
1603 698 1649 737 in

151 762 221 810 te,
272 756 348 798 sed
391 755 530 808 magis
570 755 617 795 in
657 767 854 796 errorem
896 766 1042 793 meum
1083 756 1127 794 et
1155 753 1272 807 quod
1300 767 1371 794 me
1399 755 1548 795 abste
1576 767 1649 794 cu-

150 814 270 868 pisse
309 812 482 861 laudari
531 814 678 865 aperte
719 813 847 864 atque
887 811 1073 863 ingenue
1104 808 1360 849 confitebar.
1428 809 1525 850 Iam
1563 809 1650 851 hoc

153 883 239 911 non
270 871 415 922 potest
444 868 488 907 in
517 870 561 908 te
590 880 675 908 non
705 865 951 907 honorifice
982 878 1078 905 esse
1108 864 1291 918 dictum,
1322 878 1393 906 me
1421 866 1468 906 in
1497 866 1651 906 claris-

155 926 281 967 simis
311 925 422 966 meis
464 926 595 978 atque
633 923 916 975 amplissimis
957 922 1086 960 rebus
1126 924 1272 962 tamen
1313 921 1491 976 aliquod
1528 922 1649 962 testi—

154 982 351 1023 monium
393 984 494 1021 tuae
534 979 656 1020 vocis
704 977 868 1018 habere
910 977 1114 1018 voluisse.
1206 976 1339 1026 Quod
1392 982 1538 1019 autem
1586 978 1650 1018 ita

153 1038 329 1090 scribis,
361 1050 473 1090 „pro
504 1039 655 1075 mutuo
685 1034 800 1075 inter
829 1047 909 1074 nos
939 1030 1151 1073 anim0“:
1200 1033 1305 1087 quid
1346 1035 1392 1073 tu
1424 1034 1650 1075 existimes

155 1107 250 1135 esse
279 1094 323 1133 in
355 1091 554 1132 amicitia
583 1095 805 1141 mutuum,
848 1089 1020 1130 nescio:
1078 1089 1281 1142 equidem
1319 1087 1404 1130 hoc
1442 1090 1649 1139 arbitror,

154 1163 287 1204 quum
318 1161 400 1201 par
429 1148 633 1189 voluntas
664 1147 882 1200 accipitur
912 1149 954 1186 et
985 1143 1196 1186 redditur.
1255 1145 1370 1198 Ego,
1401 1145 1440 1185 si
1469 1145 1555 1186 hoc
1585 1146 1650 1185 di-

155 1219 268 1257 cam,
299 1218 369 1244 me
398 1208 473 1245 tua
502 1216 637 1244 causa
666 1201 1015 1256 praetermisisse
1044 1200 1334 1254 provinciam,
1356 1201 1437 1241 tibi
1467 1202 1561 1256 ipse
1592 1202 1650 1241 le-⁵

153 1263 252 1304 vior
280 1259 434 1302 videar
462 1272 578 1300 esse:
644 1271 767 1299 meae
809 1258 924 1299 enim
966 1257 1158 1297 rationes
1199 1257 1262 1297 ita
1298 1257 1493 1298 tulerunt
1522 1262 1652 1312 atque

153 1318 247 1358 eius
277 1316 366 1357 mei
397 1315 572 1357 consilii
603 1315 818 1354 maiorem
850 1314 896 1354 in
927 1313 1021 1354 dies
1051 1313 1246 1366 singulos
1277 1312 1471 1353 fructum
1500 1314 1651 1368 volup-

152 1378 374 1427 tatemque
404 1372 544 1425 capio.
604 1370 722 1410 Illud
751 1369 877 1421 dico⁷
908 1382 1006 1421 me,
1036 1372 1085 1408 ut
1124 1368 1314 1422 primum
1354 1368 1399 1409 in
1440 1370 1652 1410 concione

153 1429 431 1483 provinciam
471 1426 778 1481 deposuerim,
821 1425 998 1476 statim,
1040 1423 1406 1477 quemadmodum
1446 1438 1543 1466 eam
1571 1426 1652 1467 tibi

154 1589 240 1629 tin„
276 1590 340 1622 fiir
376 1587 436 1621 die
471 1585 685 1629 Erhaltung
721 1584 787 1617 der
813 1584 1006 1629 Republik
1041 1595 1084 1618 zu
1111 1585 1290 1620 arbeiten.
1318 1603 1362 1610 -—
1387 1585 1536 1620 insidiis
1571 1613 1580 1621 .
1609 1612 1616 1620 .
1644 1614 1650 1621 .

155 1638 307 1679 scelere,
327 1636 454 1671 Abstr.
474 1646 545 1680 pro
573 1636 771 1667 Concreto.
793 1650 836 1657 —-
865 1635 899 1664 et
924 1633 969 1665 ab
989 1643 1077 1666 arm.
1104 1634 1387 1679 Martyni-Lag.
1415 1634 1579 1668 streicht
1605 1640 1652 1677 et,

110 1700 117 1708 ·
157 1685 277 1718 damit
311 1684 432 1717 dieser
469 1684 553 1716 Satz
584 1682 669 1716 dem
706 1680 858 1725 vorigen
895 1691 941 1712 an
968 1681 1154 1714 Numerus
1179 1682 1341 1726 gleiche.
1375 1701 1419 1707 -
1446 1683 1652 1725 labcffacta-

158 1739 254 1775 tam,
282 1732 581 1777 Martyni-Lag.
617 1730 848 1771 labefactam.
876 1745 920 1753 ·--
954 1729 1111 1762 ‘Italiam
1138 1755 1145 1763 .
1174 1755 1181 1762 .
1211 1756 1218 1762 .
1246 1731 1462 1772 defenderes
1498 1738 1651 1776 praetor

158 1794 179 1814 a
219 1793 279 1815 me
313 1781 468 1814 consule
502 1781 543 1813 in
571 1789 701 1822 agrum
729 1777 965 1810 Gallicanum
993 1778 1250 1823 Picenumque
1275 1779 1321 1810 ad
1349 1778 1563 1812 habendum
1589 1779 1652 1813 de-

157 1831 298 1863 lectum
333 1829 476 1863 missus.
530 1825 748 1860 CORRAD.
790 1842 834 1850 -·
867 1835 909 1857 ηε
942 1835 1030 1869 quae
1063 1826 1189 1866 (nach
1216 1827 1319 1859 Vict.
1353 1827 1429 1860 und
1461 1828 1651 1872 Martym'-

157 1880 263 1922 Lag„
291 1878 337 1910 da
366 1877 460 1910 Cod.
487 1875 590 1909 Med.
618 1884 726 1918 neque
762 1872 830 1906 hat
863 1879 954 1906 statt
981 1874 1048 1907 der
1074 1875 1230 1918 Vulgata
1263 1885 1306 1907 ne
1332 1878 1416 1918 qua)
1448 1874 1538 1909 mihi
1558 1887 1653 1919 pars

160 1934 250 1969 etc„
278 1927 335 1960 Du
361 1925 546 1958 mochtest
579 1923 652 1956 mit
678 1922 807 1967 einige
833 1922 1100 1968 Erwiederung
1124 1929 1234 1969 guter
1261 1923 1478 1968 Gesinnung
1502 1924 1651 1957 zuflies-

160 1987 220 2008 sen
247 1976 380 2010 Iessea,

254 2025 286 2058 2.
326 2031 451 2056 errore
478 2050 485 2056 ,
512 2045 520 2053 .
548 2044 555 2052 .
583 2029 764 2056 errorem,
806 2017 888 2051 edd.
925 2019 1026 2053 Crat.
1063 2018 1188 2054 Gebb.
1230 2031 1316 2053 cum
1361 2019 1504 2065 aliquot
1535 2021 1649 2055 Codd.

161 2081 329 2104 maerore
367 2076 405 2103 et
437 2080 523 2102 mox
548 2077 761 2100 maerorem.
789 2083 835 2090 -—-
869 2067 1007 2108 oratio,
1035 2067 1123 2102 edit.
1153 2070 1250 2101 Crat.
1277 2068 1314 2101 in
1342 2068 1514 2112 margine
1541 2069 1650 2110 ratio,

160 2118 439 2163 Martyni-Lag.
466 2117 620 2150 Schiitz.
649 2115 739 2147 min.
766 2115 946 2150 narratio.
974 2133 1018 2138 —
1043 2116 1178 2150 Lamb.
1209 2116 1304 2149 risus
1330 2120 1396 2150 est.
1422 2135 1463 2140 —
1491 2116 1528 2149 in
1556 2117 1649 2153 clar,

160 2194 163 2198 .
196 2194 203 2200 .
232 2168 350 2208 rebus,
377 2167 440 2199 bei
465 2165 575 2198 allent
602 2163 742 2197 Glanze
777 2162 854 2195 und
887 2163 949 2196 bei
975 2164 1071 2197 aller
1098 2165 1233 2197 Grosse
1257 2164 1400 2197 meiner
1423 2164 1581 2198 Thaten.
1607 2183 1650 2189 —-

161 2217 275 2255 vocis,
310 2215 435 2248 deines
461 2212 622 2247 Beifalls.
676 2211 1055 2256 Martyni-Laguna,
1105 2213 1246 2246 Schiitz
1271 2213 1310 2245 in
1339 2212 1380 2244 d.'
1399 2212 1509 2245 klein.
1537 2212 1648 2258 Ausg.

162 2264 339 2296 schieben
365 2273 430 2296 vor
458 2261 556 2294 vocis
582 2260 681 2292 noch
707 2259 903 2292 voluntatis
929 2264 1031 2303 atque
1056 2260 1131 2298 ein,
1181 2259 1350 2295 Woher?
1616 2266 1621 2274 ¹

264 2313 295 2346 3.
342 2323 395 2355 eq.
433 2310 501 2343 Ιιοο
528 2309 712 2350 arbitror,
749 2306 812 2339 ich
838 2308 1012 2341 verstehe
1041 2308 1242 2354 Folgendes
1269 2308 1456 2341 darunter.
1483 2325 1526 2332 —-
1558 2318 1649 2351 pro—

162 2360 332 2400 vinciam,
358 2359 423 2393 ich
451 2359 554 2392 hatte
581 2357 641 2389 die
668 2356 821 2389 Provinz
848 2354 983 2388 fabren
1010 2357 1129 2390 lassen
1146 2382 1154 2397 ‚
1185 2368 1229 2390 an
1257 2357 1317 2389 die
1343 2356 1407 2388 ich
1435 2356 1486 2389 als
1515 2355 1650 2389 Consul

162 2409 352 2452 Ampruch
381 2408 501 2442 hatte.
528 2424 572 2430 -
607 2406 705 2449 ipsc,
740 2405 793 2437 ita
819 2404 911 2438 cod.
937 2405 1097 2446 Medic.‚
1122 2405 1488 2450 Martyni-Laguna,
1514 2404 1651 2437 Schiitz

164 2457 229 2488 mn*
263 2457 347 2500 ipsi.
387 2474 430 2480 -—
465 2456 598 2503 lepor,
648 2463 670 2485 i.
710 2463 741 2485 e.
771 2451 817 2484 ad
846 2452 1116 2496 simulandum,
1160 2453 1255 2499 quod
1284 2464 1411 2485 verum
1439 2464 1512 2486 non
1541 2458 1649 2493 esset,

162 2506 325 2548 pronior.
388 2503 606 2537 SCHUTZ.
653 2500 747 2532 cod:
784 2500 883 2532 Med.
920 2501 1045 2534 lenior.
1083 2521 1127 2526 —
1178 2512 1277 2535 meae
1315 2500 1496 2538 rationes,
1548 2500 1648 2533 mein

165 2553 311 2596 nigenes
365 2552 569 2592 interesse3
629 2560 700 2581 was
743 2549 848 2581 seine
917 2549 1179 2583 Anwesenheit
1219 2550 1255 2582 in
1300 2550 1396 2582 Rom
1445 2549 1647 2591 verlangte.

166 2601 270 2632 Deum
308 2600 508 2644 eigentlich
545 2609 667 2632 waren
702 2596 759 2628 die
795 2595 925 2628 beiden
955 2596 1100 2630 Gallien
1128 2596 1405 2631 consularische
1430 2597 1649 2635 Provinzmw,

164 2660 208 2680 an
240 2649 380 2680 welche
417 2650 548 2681 Priitor
580 2645 712 2681 Metel!
750 2645 858 2677 keine
891 2644 1114 2689 Anspriiclie
1140 2646 1299 2679 machen
1330 2645 1496 2688 konnte,
1537 2655 1649 2677 wenri

163 2697 262 2728 nicht
295 2697 429 2731 Cicero
457 2697 516 2729 bei
547 2696 666 2728 seiner
691 2694 896 2737 Erhebung
929 2704 1011 2726 zum
1039 2695 1240 2727 Consulate
1266 2694 1407 2727 seinem
1432 2693 1580 2727 Rechte
1605 2703 1651 2724 an

162 2747 244 2776 vine
273 2745 549 2777 consulat-isene
586 2741 739 2776 Provinz
775 2741 971 2774 iifl‘entlich
1015 2748 1163 2787 entsagt
1188 2742 1307 2776 hatte.
1343 2760 1386 2766 -—
1425 2741 1651 2785 provinciam

160 2794 350 2834 arpenn-e,
380 2794 459 2825 ciue
476 2793 627 2825 Provinz
655 2788 909 2833 aucschlagon.
936 2789 1040 2823 nicht
1068 2791 1281 2824 annehmen
1307 2790 1450 2827 wollen,
1476 2789 1544 2823 auf
1568 2789 1649 2820 eine

1732 1457 1742 1484 ἰ
