1742 3006
513 98 832 144 EPISTOLA
872 98 1080 144 LXXX.
1455 94 1550 145 287

6 295 9 307 ¹
56 284 153 330 tur,
191 282 261 319 est
290 274 549 317 curandum.
619 271 674 311 Id
706 273 838 324 caput
868 281 973 309 sane
1004 270 1146 309 nolim
1176 283 1315 312 novos
1344 268 1551 312 tribunos

8 336 10 344 ’
57 335 202 390 plebis
234 333 376 375 ferre:
416 329 495 371 sed
525 328 758 382 perferant
787 325 920 366 modo
950 325 1069 379 quod
1104 326 1236 367 libet:
1265 339 1352 366 uno
1384 327 1551 380 capite,

3 435 5 438 .
58 405 146 446 quo
177 390 448 438 revocabar,
476 407 530 413 -
561 383 694 423 modo
734 395 806 423 res
846 380 1143 433 conficiatur,
1173 405 1228 412 —
1258 396 1336 423 ero
1367 387 1552 423 conten-

0 442 8 616 ι
58 452 146 490 tus.
204 447 300 487 Iam
321 443 489 484 dudum
508 439 647 495 pudet
669 442 759 479 tam
778 438 922 478 multa
944 438 1158 479 scribere.
1217 438 1398 479 Vereor
1418 439 1553 491 enim,

0 226 4 434 ι
55 220 196 265 soluti
226 232 361 276 quum
390 219 565 265 essent3
599 213 721 269 quod
751 226 805 253 ne
835 212 893 253 iis
919 213 1127 267 quidem,
1157 211 1232 268 qui
1262 212 1364 267 lege
1393 214 1550 255 tenen·

10 505 14 543 ἱ
58 517 138 555 ne,
169 516 216 544 re
247 503 335 542 iam
366 499 630 552 desperata,
662 496 813 549 legas;
843 498 893 534 ut
922 492 1038 534 haec
1066 506 1166 534 mea
1195 493 1441 548 diligentia
1468 494 1553 535 mi-

12 546 15 585 ³·
57 558 268 600 serabilis
298 556 408 608 tibi,
447 553 554 594 aliis
585 551 824 592 irridenda
851 549 1077 591 videatur.
1149 549 1241 591 Sed
1279 552 1319 590 si
1361 555 1431 591 est
1467 550 1554 591 ali-

12 610 15 645 ἷ
59 615 169 669 quid
199 616 245 654 in
276 626 378 667 Spe,
408 609 515 652 vide
546 609 716 663 legem,
756 620 890 662 quam
920 606 976 647 T.
1007 605 1152 647 Fadio
1183 606 1369 661 scripsit
1398 605 1558 648 Visel-

12 671 15 677 ”
57 672 169 712 lius:
200 683 252 710 ea
280 667 392 709 mihi
421 666 668 721 perplacet.
726 663 845 705 Nam
875 661 1014 703 Sestii
1045 662 1216 715 nostri,
1255 676 1389 717 quam
1419 666 1469 704 tu
1498 663 1558 704 ti-

15 720 17 722 ’
58 728 104 768 bi
135 726 317 780 probari
348 723 538 774 scribis,
569 719 685 762 mihi
714 733 803 761 non
834 720 997 774 placet.
1056 719 1220 760 Tertia
1260 724 1329 760 est
1359 719 1557 774 epistola

57 782 175 838 prid.
206 781 274 822 Id.
304 778 521 822 Novemb.
553 777 680 819 data:
719 777 765 817 in
795 789 884 831 qua
912 775 1103 830 exponis
1133 775 1380 830 prudenter
1409 779 1456 817 et
1485 775 1557 816 di-

15 873 19 888 ,
60 840 283 893 ligenter,
321 849 435 891 quae
474 835 588 887 sint,
639 846 751 888 quae
792 845 887 873 rem
926 831 1148 873 distinere
1185 832 1455 882 videantur3
1497 831 1558 874 de

2 891 20 928 ,¹
61 895 252 945 Crasso,
292 892 348 933 de
375 891 623 945 Pompeio,
663 889 719 929 de
760 887 940 930 ceteris.
1015 887 1169 938 Quare
1200 902 1281 930 oro
1312 892 1383 942 te,
1411 891 1485 941 ut,
1515 888 1559 929 si

60 964 147 1005 qua
176 963 276 1005 spes
305 949 417 999 erit,
448 960 579 1002 posse
608 944 772 987 studiis
795 945 1040 997 bonorum,
1070 945 1370 994 auctoritate,
1400 944 1559 985 multi-

62 1006 217 1048 tudine
249 1007 508 1059 comparata
538 1016 632 1043 rem
663 1000 855 1054 confici,
898 1000 977 1041 des
1017 1014 1225 1055 operam,
1266 1005 1318 1042 ut
1353 1014 1442 1042 uno
1472 1001 1559 1041 im·

20 1081 22 1097 τ
60 1066 167 1117 petu
196 1060 528 1117 perfringatur3
558 1060 604 1098 in
634 1071 733 1098 eam
762 1071 858 1099 rem
887 1057 1120 1099 incumbas
1141 1062 1409 1112 ceterosque
1430 1057 1559 1098 exci-

60 1124 141 1159 tes.
209 1118 314 1170 Sin,
355 1121 406 1157 ut
445 1129 529 1170 ego
568 1115 795 1169 perspicio
836 1128 974 1170 quum
1014 1118 1093 1155 tua
1130 1114 1421 1166 coniectura,
1462 1117 1561 1155 tum

22 1188 25 1214 l
60 1175 196 1215 etiam
225 1186 347 1225 mea,
378 1173 474 1227 spei
504 1170 622 1211 nihil
654 1174 746 1221 θεῖς
790 1184 870 1212 oro
898 1171 1189 1225 obtestorque
1220 1175 1290 1222 te,
1333 1174 1384 1211 ut
1415 1169 1562 1219 Quin-

23 1248 27 1276 ,ι
58 1236 152 1270 tum
191 1228 379 1269 fratrem
418 1241 563 1279 ames,
599 1240 731 1281 quem
771 1241 856 1282 ego
894 1228 1109 1268 miserum
1146 1227 1313 1268 misere
1344 1225 1559 1282 perdidi3

24 1303 28 1337 l
60 1299 173 1326 neve
215 1285 327 1339 quid
365 1299 465 1325 eum
504 1284 678 1338 patiare
720 1284 901 1337 gravius
935 1283 1187 1325 consulere'
1213 1283 1269 1324 de
1308 1297 1385 1336 se,
1425 1295 1562 1337 quam

25 1356 28 1402 j
62 1341 280 1396 expediat
316 1341 487 1381 sororis
518 1345 618 1381 tuae
650 1339 777 1389 filio3
817 1353 966 1380 meum
997 1339 1291 1393 Ciceronem,
1332 1339 1408 1380 cui
1437 1337 1561 1380 nihil

27 1462 30 1493 ἔ
64 1461 171 1495 disse.
225 1460 315 1494 Octo
343 1459 447 1493 tribb.
474 1460 526 1502 pl.
554 1459 600 1493 ad
623 1470 652 1493 s.
678 1459 722 1493 de
747 1469 804 1492 me
830 1470 862 1493 r.
888 1470 960 1492 non
985 1458 1206 1501 dnbitccrint;
1231 1459 1267 1492 si
1292 1458 1386 1493 enim
1411 1458 1507 1503 quod
1528 1467 1561 1493 ο.

28 1523 31 1543 ;
62 1510 86 1542 i.
115 1519 148 1542 c.
177 1519 212 1544 n.
239 1508 432 1552 putabant,
459 1519 524 1540 cur
548 1508 651 1542 iidem
679 1533 687 1543 .
716 1534 724 1542 .
754 1533 762 1542 .
781 1508 942 1549 suerunt
968 1531 978 1541 .
1009 1531 1019 1541 .
1049 1508 1088 1542 ,ἓ
1116 1507 1246 1541 Lainb.
1274 1514 1375 1553 part.
1403 1508 1450 1541 de
1476 1506 1564 1542 Ma-

29 1570 32 1576 ·
64 1561 145 1590 nut.
172 1567 268 1600 susp.
296 1559 377 1589 octo
403 1559 448 1589 tr.
476 1556 550 1599 pl„
577 1556 636 1600 qui
661 1556 709 1589 ad
733 1567 761 1589 s.
791 1556 834 1589 de
859 1566 911 1588 me
937 1566 968 1590 r.
994 1566 1064 1589 non
1092 1556 1316 1600 dubitarint,
1351 1555 1446 1600 quod
1469 1565 1502 1588 ο.
1530 1554 1561 1590 i.

67 1615 98 1638 c.
123 1615 157 1638 n.
183 1603 379 1647 putabant,
411 1604 520 1637 iidem
546 1629 554 1637 .
582 1630 590 1636 .
616 1631 625 1639 .
642 1604 793 1647 fuerint
817 1603 905 1638 Sch.
933 1605 1031 1637 coni.
1059 1604 1248 1647 (fuerint,
1281 1605 1384 1648 quod
1417 1603 1563 1650 pendet

31 1663 35 1685 ε
67 1663 87 1687 e
113 1665 151 1688 v.
177 1662 308 1695 quare,
346 1657 400 1685 est
431 1664 451 1685 a
488 1652 605 1686 Bosio.
659 1653 824 1686 Priores:
849 1653 1011 1695 suerunt
1044 1663 1131 1686 cum
1158 1652 1258 1695 Md.)
1286 1652 1489 1687 ORELLI.
1513 1669 1563 1676 —

32 1691 35 1735 ἶ
65 1701 197 1741 soluti,
225 1700 343 1733 durch
361 1701 462 1733 ienes
480 1701 612 1734 Gesetz
632 1701 739 1734 nicht
759 1701 980 1748 gebunden‚
1007 1700 1061 1734 im
1089 1701 1250 1748 Gegens.
1276 1711 1353 1736 von
1380 1701 1450 1746 qui
1475 1701 1563 1746 lege

15 1748 36 1796 ἰ’
65 1754 253 1782 tenentur.
267 1767 309 1772 -—
323 1749 450 1790 serre,
467 1749 505 1782 in
523 1750 584 1782 das
602 1749 735 1783 Gesetz
753 1748 976 1790 einriicken‚
994 1748 1202 1786 inculeare.
1215 1768 1262 1774 —
1279 1750 1380 1789 libet,
1394 1751 1444 1784 al.
1460 1749 1562 1784 licet.

16 1798 37 1843 ἢ
65 1815 113 1822 -
138 1796 346 1839 diligentia.
374 1798 410 1833 S.
434 1798 527 1831 oben
543 1800 571 1841 ξ.
594 1800 622 1831 l.
643 1810 702 1830 um
721 1798 819 1831 End.
852 1817 892 1824 —-
920 1798 953 1830 si
979 1802 1030 1830 est
1052 1797 1192 1841 aliquid
1214 1799 1254 1833 in
1283 1808 1370 1842 spe,
1396 1798 1445 1832 ist
1459 1795 1564 1832 noch

14 1814 38 1883 ξι
64 1845 194 1879 Etwas
225 1856 270 1878 zu
302 1843 445 1878 hoffen.
484 1847 568 1891 Vgl.
601 1846 634 1889 ἕ.
672 1848 708 1880 l:
751 1847 808 1880 sin
841 1851 894 1879 est
927 1846 1068 1890 aliquid
1097 1846 1192 1889 spei.
1225 1865 1274 1872 —-
1308 1856 1420 1891 quam
1456 1870 1467 1880 .
1502 1871 1511 1879 .
1549 1868 1560 1878 .

19 1886 39 1928 'll
69 1893 219 1934 1“isell.,
263 1905 364 1934 „was
396 1891 569 1928 Visellius
602 1896 669 1927 fiir
701 1894 772 1928 (len
805 1895 848 1928 Τ.
881 1894 1022 1928 Fadius
1057 1895 1270 1939 ausgesetzt
1306 1895 1394 1936 hat,
1441 1893 1563 1929 damit

18 1931 39 1989 ᾗ]
65 1951 106 1973 er
131 1939 229 1974 nach
261 1941 405 1975 Antritt
437 1943 556 1975 seines
578 1943 780 1977 Tribunats
807 1943 928 1976 davon
957 1943 1159 1977 Gehrauch
1186 1942 1349 1977 macheu
1375 1941 1566 1978 kiinnte.“

17 1989 41 2024 *ii
64 1990 220 2023 Letzter
252 2001 328 2023 war
361 1990 421 2022 ein
457 1992 520 2024 fiir
545 1992 610 2026 697
638 1991 871 2038 designirter
902 1992 1094 2025 Tribunus
1122 1992 1242 2025 Plebis
1276 1993 1320 2032 (s.
1348 2003 1407 2037 ep.
1436 1991 1564 2030 LXIX,

21 2036 41 2100 s:
65 2039 126 2077 3);
163 2037 375 2071 enter-sein
411 2038 544 2080 lurist,
577 2040 676 2078 und,
715 2051 821 2072 wenn
853 2051 942 2073 man
978 2040 1046 2072 fiir
1085 2040 1123 2073 T.
1151 2040 1221 2074 mit
1257 2040 1455 2074 Manutius
1480 2040 1567 2074 will

21 2081 42 2119 μ’
70 2085 184 2119 Caius
209 2086 332 2126 lesen,
360 2085 520 2120 dieselbe
548 2087 685 2121 Person
712 2089 782 2121 mit
811 2088 974 2122 Cicero's
1005 2085 1139 2121 Vetter
1167 2090 1205 2121 C.
1222 2088 1401 2122 Visellius
1420 2089 1562 2131 Varro,

22 2136 43 2170 ξ’,
67 2133 135 2167 der
160 2131 259 2166 nach
285 2133 389 2169 Brut.
417 2145 449 2167 c.
475 2136 530 2178 76,
556 2136 634 2171 264.
663 2136 721 2169 die
746 2136 1154 2170 Rechtswissenschaft
1180 2147 1255 2170 von
1282 2137 1426 2170 seinem
1444 2134 1566 2170 vater

20 2176 44 2226 il
66 2181 205 2215 Aculeo
243 2182 387 2214 erlernt
417 2181 531 2219 hatte,
583 2183 714 2218 Dieser
747 2185 838 2218 aber
869 2196 951 2218 war
985 2185 1050 2218 der
1090 2184 1253 2219 Gemahl
1290 2195 1369 2220 von
1398 2185 1564 2221 Cicero's

23 2230 45 2265 ἶ
68 2228 421 2265 Mutterschwester
447 2231 535 2264 oder
558 2232 686 2266 Tanto.
715 2254 758 2259 —
786 2233 910 2267 Sestii.
940 2234 973 2265 S.
1001 2243 1059 2279 ep.
1086 2234 1232 2277 LXXV,
1258 2234 1293 2269 3.

27 2327 30 2329 ,
165 2291 198 2325 5.
223 2291 324 2335 prid.
355 2291 410 2324 Id.
438 2291 547 2334 Nom,
574 2304 660 2327 vom
690 2296 799 2330 l2ten
819 2294 1050 2328 November.
1079 2315 1119 2320 —
1149 2306 1239 2339 qnae
1265 2306 1340 2330 rem
1368 2302 1461 2335 cet.‚
1487 2307 1565 2330 was

24 2350 45 2373 ,ν’
69 2338 195 2373 meine
229 2339 569 2385 Zuriickberufung
606 2343 849 2376 aufzuhalten
885 2342 1053 2376 scheine.
1081 2361 1126 2367 —
1160 2345 1406 2387 auctoritate,
1439 2343 1564 2378 durch

30 2398 47 2418 ιη
71 2386 135 2420 das
167 2387 341 2422 Ansehen
374 2388 441 2421 der
470 2389 757 2431 Gewalthaber‚
795 2392 896 2424 eines
933 2392 1129 2436 Pompeius
1161 2404 1198 2426 u.
1237 2405 1264 2426 s.
1297 2404 1348 2426 w.
1385 2411 1425 2419 —·
1464 2393 1564 2426 mult.

27 2446 49 2465 ι,
71 2440 304 2478 comparata,
341 2436 457 2470 durch
492 2437 732 2484 Anwerbung
758 2441 860 2473 eines
885 2439 1087 2487 tiichtigen
1115 2440 1359 2475 Hinterhalts
1385 2452 1450 2474 aus
1478 2440 1565 2474 dem

29 2495 49 2506 ν
72 2492 225 2527 grosseti
250 2485 415 2524 Haufen,
439 2485 473 2519 d.
501 2485 526 2521 i.
554 2486 723 2521 datlurcb
751 2489 832 2522 dass
859 2499 948 2521 man
975 2489 1034 2522 die
1070 2491 1218 2536 Biirger
1249 2501 1296 2522 an
1331 2489 1415 2522 dem
1447 2488 1566 2536 Tage,

27 2540 37 2583 ,⁸
75 2540 132 2563 wo
159 2531 226 2564 auf
250 2532 415 2567 Cicero's
436 2532 744 2584 Riickberufung·
769 2537 878 2570 sollte
905 2543 1138 2585 angen-agen
1165 2538 1343 2579 werden,
1379 2549 1443 2570 aus
1470 2548 1567 2584 ganz

28 2592 31 2604 ι
72 2577 210 2612 ltalien
235 2579 333 2612 nach
357 2582 447 2615 Rom
469 2581 606 2617 lockte.
635 2589 846 2629 comparata
865 2584 955 2618 sehr
971 2584 1134 2631 passlich
1159 2591 1309 2632 gesagt5
1337 2585 1435 2618 ‹lenn
1455 2584 1567 2619 nicht

29 2627 53 2654 <²
73 2625 170 2659 bloss
197 2626 344 2669 Buten,
370 2630 526 2663 sondern
543 2631 641 2665 auch
660 2633 758 2667 Geld
781 2633 913 2667 wurde
942 2645 1012 2667 von
1032 2634 1195 2668 Cicero's
1221 2633 1421 2666 Freunden
1449 2644 1569 2678 ange-

28 2696 30 2699 ·
73 2674 214 2710 wandt.
244 2676 278 2708 S.
297 2686 353 2720 ep.
376 2679 429 2716 75,
447 2679 479 2712 3.
498 2698 541 2703 —
567 2682 834 2724 perfringatur
852 2696 901 2713 L?
920 2682 1153 2715 conficiatur.
1177 2680 1238 2713 Sic
1254 2681 1335 2714 Md.
1361 2682 1456 2715 Vict.
1476 2684 1511 2719 1.
1530 2682 1566 2716 2.

53 2734 55 2753 z
73 2720 154 2756 Bos.
173 2723 310 2758 Graev.
327 2724 420 2758 ΕΠ).
434 2727 720 2770 persringctnlnr
737 2730 817 2764 scil.
837 2741 892 2768 ea.
924 2741 1018 2775 quae
1037 2741 1118 2763 rem
1134 2728 1349 2770 distineant,
1377 2729 1487 2765 Amb.
1507 2732 1565 2764 17.

54 2769 170 2804 dens.
197 2770 279 2806 Asc.
310 2774 340 2808 1.
369 2774 468 2807 Crat.
493 2775 620 2811 bamb.
648 2778 793 2813 Bentiv.
831 2779 922 2820 (cfr.
957 2779 1067 2821 Ern.)
1100 2775 1375 2821 perfungantur
1406 2779 1442 2821 (e
1475 2777 1564 2813 cod.
