1742 3006
165 45 228 94 96
450 48 515 90 Μ.
547 49 602 91 Τ.
634 47 974 93 CICERONIS
1004 51 1374 97 EPISTOLAE.

168 161 325 213 lorum,
357 159 506 201 odium
536 160 580 200 in
610 173 681 202 me
710 161 1009 216 improborum
1040 164 1272 207 adhibeam
1303 166 1517 220 quandam
1548 181 1649 209 cau-

168 217 332 258 tionem
363 221 406 257 et
434 215 732 269 diligentiam:
763 223 890 273 atquc
920 219 983 260 ita
1004 223 1151 261 tamen
1180 221 1250 262 his
1281 223 1406 263 novis
1436 223 1646 264 amicitiis

168 273 385 327 implicati
414 283 588 323 sumuS,
632 277 679 313 ut
708 275 865 315 crebro
894 273 1004 315 mihi
1042 276 1167 317 vafer
1206 278 1284 319 ille
1315 277 1488 321 Siculus
1529 279 1647 321 insu-

166 333 310 371 suri-ct
341 325 668 380 [Epicharmus]
701 331 957 370 cantilenam
988 331 1108 372 illam
1139 346 1283 374 suam:

276 386 394 433 Νᾶφε
421 385 488 422 καὶ
513 385 680 432 μὲμνασ·
710 384 889 426 ἀπιστεῖν
915 386 1057 435 ὂιρθρα
1083 391 1211 428 ταῦτα
1238 393 1313 429 τᾶν
1340 392 1505 440 φρενῶν.

168 441 236 481 Ac
266 443 443 479 nostrae
471 438 646 493 quidem
678 441 863 482 rationis
902 454 956 482 ac
983 443 1100 483 vitae
1139 445 1263 498 quasi
1294 446 1511 499 quandam
1553 445 1645 488 for-

169 508 301 546 mam,
331 498 380 535 ut,
408 495 588 549 opinor,
630 496 769 538 vides.
830 497 902 538 De
941 502 1016 538 tuo
1046 503 1189 540 autem
1220 502 1395 555 negotio
1425 515 1558 553 saepe
1588 503 1645 542 ad

167 564 237 591 me
266 550 448 600 scribis;
479 551 550 591 cui
579 551 748 593 mederi
778 565 893 594 nunc
921 567 1009 594 non
1040 568 1282 608 possumus.
1333 557 1416 598 Est
1446 558 1563 598 enim
1592 558 1645 598 il-

165 606 241 647 lud
270 611 442 647 senatus
473 607 716 648 consultum
756 621 926 649 summa
953 609 1232 663 pedariorum
1266 612 1512 665 voluntate,
1550 614 1646 654 nul-

166 663 251 704 lius
283 660 479 702 nostrum
513 665 777 705 auctoritate
810 664 988 706 sactum.
1046 665 1190 718 Nam,
1221 667 1337 721 quod
1366 682 1435 709 me
1465 682 1559 709 esse
1588 669 1645 709 ad
1690 716 1693 719 ,

167 719 450 759 scribendum
470 718 608 770 vides,
639 733 692 760 ex
722 721 818 774 ipso
848 716 1025 762 senatus
1048 723 1246 763 consulto
1276 724 1520 776 intelligere
1549 730 1644 778 pot-

168 788 214 815 es
244 774 377 814 aliam
408 787 503 815 rem
532 778 624 815 tum
655 776 861 828 relatam,
905 775 990 818 hoc
1018 782 1163 819 autem
1194 779 1250 819 de
1288 780 1460 833 populis
1491 781 1644 821 liberis

165 832 261 872 sine
291 843 422 872 causa
451 829 670 881 additum3
711 837 755 873 et
782 832 845 873 ita
874 832 1041 875 sactum
1074 838 1141 876 est
1170 847 1196 875 a
1224 834 1279 876 P.
1311 834 1502 876 Servilio
1533 835 1644 885 filio,

161 949 369 984 Patrioten.
398 968 444 974 -—-
469 950 601 993 dilig„
639 950 996 989 Aufmerksamkeit.
1024 974 1066 979 —
1094 957 1199 997 atque
1224 953 1278 986 ila
1305 959 1396 994 cet.‚
1432 953 1508 986 und
1543 964 1646 987 zwar

162 997 259 1032 habe
283 996 350 1031 ioh
374 997 478 1032 mich
501 998 698 1046 (obglcich
724 1000 787 1033 ich
813 1001 887 1035 mir
911 1001 1008 1035 viele
1035 1001 1190 1035 G'dnner
1215 1000 1337 1034 durch
1363 1000 1646 1034 freundschaft-

162 1045 284 1081 liches
309 1045 529 1080 Benehmen
555 1059 602 1079 zu
627 1047 866 1081 verschaffen
892 1047 1020 1091 suche,
1049 1049 1108 1082 bei
1135 1050 1220 1082 dem
1249 1050 1375 1089 Auen)
1407 1048 1579 1082 dennoch
1605 1050 1645 1082 in

163 1093 294 1128 solche
319 1105 413 1128 neue
438 1094 760 1129 Freundschaften
788 1097 836 1135 (z.
863 1097 903 1130 B.
930 1098 1001 1130 mit
1028 1097 1222 1142 Pompeius
1247 1097 1324 1130 und
1350 1097 1476 1131 ‹lessen
1495 1096 1645 1129 Anhan-

162 1141 351 1190 hangern)
386 1153 459 1176 nur
491 1142 547 1176 bis
579 1154 626 1176 zu
659 1143 743 1177 dem
779 1145 903 1178 Grade
936 1144 1171 1179 verwickeln
1203 1145 1342 1183 lamen,
1376 1145 1457 1177 dass
1482 1157 1517 1179 u.
1545 1157 1570 1178 s.
1597 1156 1644 1178 w.

163 1189 254 1238 Vgl.
278 1188 452 1231 XXVIII,
479 1191 521 1225 3:
558 1191 776 1225 coniunctio
804 1192 904 1225 “mihi
936 1204 1080 1226 summa
1119 1204 1203 1225 cum
1248 1193 1423 1237 Pompeio
1460 1199 1532 1225 cet.
1585 1191 1647 1225 Sic

162 1237 294 1274 Lamb.
322 1237 472 1272 Schiitz.
499 1238 557 1273 ed.
585 1239 675 1273 min.
704 1239 806 1273 Idem
834 1242 933 1273 Crat.
962 1241 1077 1274 Herv.
1101 1241 1163 1273 sed
1190 1241 1311 1274 omiss.
1338 1241 1407 1274 liis.
1435 1240 1524 1275 eod.
1550 1241 1645 1273 Cru-

165 1287 247 1321 sell.
275 1291 312 1319 et
336 1286 511 1320 Tornaes.
545 1290 651 1330 alque
679 1287 733 1320 ita
760 1292 876 1321 tamen
907 1288 939 1321 si
965 1288 1018 1321 eis
1042 1289 1143 1322 noris
1168 1300 1200 1321 a.
1238 1289 1326 1323 Cod.
1354 1289 1498 1322 decurt.
1539 1292 1647 1330 alque

163 1335 219 1368 ita
245 1344 361 1368 amem
377 1334 409 1367 si
432 1340 503 1368 cet.
552 1334 653 1368 Hinc
679 1335 878 1369 Graevius:
907 1339 1011 1378 alque
1035 1337 1091 1369 ila
1116 1347 1241 1378 amem,
1268 1336 1335 1369 elsi
1359 1336 1407 1369 iis
1432 1335 1532 1368 novis
1557 1336 1645 1369 anzi-

166 1382 267 1416 citz'is
292 1381 476 1425 implicati
499 1392 633 1420 sumu-9,
660 1386 698 1415 ut
724 1389 794 1416 cet.
822 1383 1016 1417 ORELLI.
1051 1402 1093 1407 —
1133 1384 1375 1426 Epicharmus
1401 1384 1466 1416 auf
1491 1383 1557 1417 der
1582 1384 1644 1416 In·-

166 1431 221 1464 sel
246 1430 360 1463 Chios
385 1430 565 1477 geboren,
591 1430 683 1464 aber
707 1430 806 1464 nach
831 1431 986 1465 Sicilien
1011 1432 1231 1476 ver-pflanzt‚
1260 1443 1317 1464 am
1345 1432 1443 1464 Hofe
1470 1431 1530 1464 des
1558 1432 1648 1464 Hie-

164 1489 223 1521 ro,
251 1477 369 1511 daher
394 1478 553 1520 Siculus,
585 1478 647 1511 ein
673 1478 836 1513 Schiiler
861 1480 922 1513 des
949 1478 1176 1524 Pythagoras
1202 1480 1278 1512 und
1304 1478 1462 1512 Dichter
1487 1491 1550 1511 um
1576 1479 1647 1513 480

165 1537 237 1561 vor
252 1525 734 1572 Chr.S.Tuscul.Dispp.l,
750 1528 854 1569 8,15.
870 1546 910 1553 —
929 1526 1053 1571 Νᾶφε
1079 1539 1110 1561 u.
1137 1539 1167 1560 τ.
1196 1527 1226 1560 λ.
1253 1527 1405 1560 Sobrius
1432 1525 1480 1559 sis
1505 1532 1543 1560 et
1568 1537 1646 1560 ine-

164 1574 322 1608 mineris
347 1585 422 1608 non
454 1574 568 1608 facile
593 1576 772 1617 credere,
804 1575 844 1608 hi
869 1582 954 1608 sunt
980 1576 1088 1608 nervi
1113 1575 1326 1620 sapientiae.
1371 1575 1427 1607 Cf.
1457 1574 1575 1608 Cicer.
1601 1574 1646 1607 de

164 1628 240 1668 pet.
267 1623 410 1656 consul.
436 1632 467 1655 c.
496 1623 558 1656 10:
584 1621 728 1664 „Quam
750 1622 796 1656 ob
823 1634 903 1657 rem
928 1621 1184 1667 ’L'mlochziov
1210 1623 1306 1656 illud
1331 1627 1471 1663 teneto,
1511 1632 1647 1655 nervos

166 1675 280 1713 atque
314 1675 416 1703 artus
447 1679 525 1703 esse
558 1670 761 1715 sapientiae
795 1681 864 1703 νιοη
897 1674 1028 1704 temere
1060 1671 1249 1704 credere.“
1307 1667 1440 1713 quuo
1471 1669 1645 1703 dorische

165 1719 280 1751 Form
316 1718 380 1751 fiir
414 1713 526 1760 νήφω.
561 1735 604 1741 -
647 1716 729 1752 τᾶν
762 1729 782 1752 e
807 1719 928 1752 Dione
954 1719 1029 1766 leg.
1062 1718 1209 1752 monuit
1243 1718 1395 1752 Casaub.
1428 1715 1509 1751 τῶν
1545 1719 1644 1752 Cett.

165 1764 362 1799 ORELLI.
391 1783 432 1790 -
460 1765 565 1808 quasi
590 1779 639 1797 z
665 1777 703 1800 so
730 1766 929 1813 ungefahr,
957 1766 1062 1800 omis.
1116 1766 1179 1801 Cd.
1206 1767 1245 1798 in
1271 1766 1446 1814 margine
1475 1766 1574 1801 1584.
1610 1768 1646 1809 S,

163 1812 314 1848 Ramsh.
342 1813 378 1857 §.
405 1814 487 1856 2⁰3,
513 1814 576 1854 IV,
605 1815 640 1857 2,
668 1826 699 1849 a.
728 1815 875 1849 Grotef.
903 1815 936 1858 §.
963 1815 1043 1850 407.
1084 1834 1127 1839 —
1157 1815 1342 1857 formam,
1369 1814 1477 1848 einen
1504 1814 1644 1859 Abriss·

259 1882 293 1915 9.
320 1879 378 1913 De
403 1884 463 1914 tuo
488 1882 654 1923 negotio,
681 1882 726 1916 de
752 1884 947 1917 exactione
972 1883 1154 1928 pecuniae
1179 1882 1377 1929 vectigalis
1402 1893 1423 1915 a
1448 1881 1645 1926 Sicyoniis,
1706 1904 1711 1909 -
1740 1874 1742 1920 ἶ

165 1940 278 1973 quam
304 1928 449 1962 Atticus
474 1930 535 1962 vel
569 1940 633 1963 suo
660 1931 722 1964 vel
754 1931 1042 1975 publicanorum
1071 1930 1222 1964 nomine
1256 1931 1426 1977 urgebat.
1474 1928 1559 1964 Vid.
1586 1940 1645 1974 ep.

165 1977 305 2017 XVIII,
333 1979 364 2011 1.
396 1975 505 2025 Nach
534 1978 683 2014 Cornel.
710 1977 777 2012 hat
803 1989 842 2012 er
875 1978 955 2013 sich
981 1980 1041 2012 nie
1067 1979 1105 2011 in
1131 1978 1490 2023 Staatspachtungen
1518 1977 1649 2021 einge-

164 2026 296 2062 lassen,
335 2043 377 2049 -
409 2024 555 2068 pedarii
580 2026 661 2059 sind
688 2025 900 2074 dieienigen
926 2025 1142 2064 Senatui-en,
1170 2026 1229 2059 die
1256 2025 1355 2059 noch
1380 2026 1468 2059 kein
1494 2024 1646 2060 Curuli-

166 2072 273 2107 sehes
297 2074 385 2106 Amt
418 2073 604 2107 bekleidet
635 2073 766 2108 hatten
800 2075 876 2108 und
902 2073 986 2108 ihre
1019 2074 1291 2118 Beistinunung
1324 2086 1371 2107 zu
1404 2075 1527 2107 einem
1553 2072 1647 2105 Vor-

164 2127 274 2168 trage
298 2131 373 2154 nur
396 2121 547 2164 pedibus
570 2122 608 2155 in
634 2122 845 2155 sententiam
870 2123 978 2156 eundo
1004 2135 1048 2156 zu
1074 2123 1261 2155 erkennen
1277 2122 1420 2169 gaber),
1447 2122 1524 2154 also
1538 2122 1647 2154 Fuss-

168 2169 346 2202 stimmen
382 2170 566 2217 abgaben.
615 2172 692 2204 Fiir
716 2180 853 2204 summa
886 2171 1104 2204 vermuthet
1129 2170 1281 2204 Ernesti
1315 2169 1396 2203 sola
1429 2169 1481 2202 im
1508 2167 1647 2202 Verein

167 2227 242 2250 von
278 2216 414 2250 nullius
448 2223 518 2250 etc.
568 2236 614 2243 —
664 2229 740 2251 esse
766 2218 814 2252 ad
836 2220 948 2255 scrib.
976 2219 1000 2252 i.
1027 2229 1057 2251 e.
1084 2218 1172 2251 dum
1198 2218 1350 2262 aliquod
1382 2223 1528 2250 senatus
1557 2226 1645 2249 eon-

167 2265 307 2298 sultum
332 2265 596 2309 perscribitur,
624 2266 755 2300 scribis
771 2266 894 2300 adesse
920 2272 958 2300 et
982 2277 1117 2300 nomen
1145 2277 1251 2299 suum
1279 2266 1312 2298 ei
1338 2264 1647 2310 praeponendum

166 2322 317 2352 curare,
343 2318 384 2346 ut
409 2313 449 2345 in
476 2325 578 2346 suam
606 2314 718 2348 etiam
746 2315 968 2348 sententiam
1002 2316 1146 2347 factum
1173 2323 1250 2346 esse
1276 2313 1464 2348 videatur.
1516 2313 1573 2346 cf.
1600 2311 1648 2344 ad

166 2360 254 2393 Div.
282 2360 344 2400 IX,
374 2361 430 2395 15.
469 2361 553 2403 XII,
580 2363 636 2397 29.
693 2362 800 2396 Beim
835 2362 1115 2396 Protokolliren
1149 2361 1249 2394 eines
1282 2362 1439 2394 Decrets
1481 2364 1647 2392 mussten

166 2407 294 2453 einige
315 2406 519 2442 Senatoren
546 2420 718 2490 zugeffen
745 2410 840 2453 sein,
875 2410 989 2444 deren
1015 2409 1158 2442 Namen
1185 2408 1254 2442 mit
1287 2409 1354 2442 der
1379 2407 1529 2441 Formel
1553 2407 1646 2440 scri-

168 2456 278 2489 bendo
303 2456 483 2499 affuerunt
509 2464 621 2491 unter
671 2469 707 2491 as
726 2459 868 2491 Decret
892 2463 1033 2503 gesetzt
1058 2457 1228 2491 wurden.
1268 2455 1394 2490 bamb.
1422 2454 1565 2488 emend.
1591 2464 1647 2487 me

168 2503 320 2545 affuisse
344 2503 542 2538 scribendo.
570 2506 712 2540 Orellio
738 2507 876 2551 placet.
928 2507 1009 2540 Cfr.
1035 2511 1172 2546 tamen,
1202 2504 1266 2546 ait,
1293 2504 1402 2538 Hand
1431 2503 1586 2536 Tursell.
1613 2505 1646 2536 1.

166 2562 205 2595 p.
237 2554 315 2586 117.
342 2570 385 2576 -
414 2556 447 2585 et
471 2553 537 2595 ita,
570 2554 721 2587 Ernest.
757 2565 853 2598 susp.
881 2557 914 2586 et
939 2554 986 2587 id.
1013 2553 1121 2587 Haud
1146 2553 1254 2586 male.
1304 2551 1373 2585 Die
1400 2551 1547 2584 Clausel
1583 2550 1648 2583 be-

167 2608 239 2646 zog
263 2598 359 2642 sich,
384 2600 452 2633 wie
479 2612 564 2634 man
590 2601 789 2643 annimmt,
817 2602 882 2634 auf
906 2600 967 2635 die
991 2600 1151 2634 freien
1179 2599 1334 2640 vomer,
1368 2609 1476 2632 wozu
1501 2598 1561 2631 die
1588 2597 1649 2631 Si-

168 2646 328 2690 cyonier
361 2646 571 2693 geh'drten,
612 2649 671 2682 die
711 2648 884 2683 desshalb
927 2660 975 2682 an
1006 2649 1078 2682 den
1114 2647 1264 2681 Attikus
1296 2646 1432 2681 Nichts
1471 2645 1648 2679 bezahlen

168 2695 339 2730 wollten.
388 2695 540 2730 Ernesti
567 2696 738 2731 schliesst
758 2696 893 2731 iedoch
918 2709 982 2730 aus
1007 2697 1039 2729 si
1055 2696 1126 2730 tuis
1148 2695 1335 2729 blanditiis
1360 2700 1448 2736 etc.‚
1475 2694 1554 2727 dass
1580 2693 1648 2726 der

167 2742 259 2776 Sinn
285 2743 352 2777 der
380 2743 526 2779 Clautel
553 2745 665 2780 dahin
691 2746 855 2791 gelautet
881 2744 990 2789 habe,
1016 2744 1075 2780 die
1094 2743 1293 2789 Sicyonier
1318 2743 1453 2777 sollten
1479 2742 1517 2775 iu
1543 2741 1647 2774 einer
