1742 3006
559 49 880 119 EPISTOLA
909 36 1046 115 xxx.
1459 66 1543 115 141

174 190 261 233 IX.
320 188 548 240 Quantum
576 200 686 229 vero
716 185 832 228 illud
862 188 931 227 est
959 182 1227 227 beneficium
1256 183 1395 234 tuum,
1425 179 1546 236 quod
1561 196 1614 238 25

67 248 224 302 iniquo
254 249 299 287 et
329 246 457 301 gravi
484 244 704 298 vectigali
733 241 975 294 aedilicio,
1015 254 1116 282 cum
1163 239 1338 294 magnis
1376 238 1547 279 nostris

64 303 392 354 simultatibus,
434 300 591 342 Asiam
620 297 852 340 liberasti?
911 297 1222 349 Etenimvero,
1252 295 1292 336 si
1321 306 1435 335 unus
1464 291 1547 334 ho-

65 373 138 401 mo
168 359 334 400 nobilis
363 357 568 411 queritur
595 356 744 410 palam
773 358 844 408 te,
873 352 996 408 quod
1026 352 1248 403 edixeris,
1285 363 1346 392 NE
1374 363 1436 391 An
1466 361 1548 391 LU-

68 428 151 456 nos
194 425 422 456 PECUNIAE
460 423 868 461 DECERNERENTUR,
926 408 1046 450 H-S
1086 421 1138 448 cc
1176 408 1262 448 sibi
1303 405 1545 461 eripuisse:

68 474 236 526 quanta
275 468 454 510 tandem
494 468 685 522 pecunia
727 465 1027 521 penderetur,
1057 464 1097 504 si
1127 464 1326 505 omnium
1355 462 1549 514 nomine,

67 527 321 581 quicunque
355 523 530 565 Romae
569 523 701 564 ludos
732 522 960 575 facerent,
1002 519 1124 575 quod
1155 523 1253 560 erat
1289 520 1379 559 iam
1418 518 1549 558 insti-

67 586 236 633 tutum,
277 579 567 634 erogaretur?
652 578 938 633 Quamquam
968 576 1051 618 has
1080 575 1288 630 querelas
1318 573 1551 615 hominum

65 641 319 679 nostrorum
348 637 434 676 illo
465 635 658 676 consilio
688 634 1007 690 oppressimus,
1037 632 1159 687 quod
1188 632 1235 672 in
1259 630 1369 673 Asia
1397 630 1551 670 nescio

71 706 263 747 quonam
291 691 450 744 modo,
492 690 666 732 Romae
697 691 878 746 quidem
907 704 997 731 non
1025 688 1247 730 mediocri
1278 700 1378 727 cum
1408 685 1551 727 admi-

69 749 244 789 ratione
275 748 502 799 laudatur,
532 747 666 801 quod,
698 761 833 802 quum
862 746 922 787 ad
953 745 1169 799 templum
1198 746 1553 784 monumentum-

69 818 154 859 que
184 808 386 846 nostrum
416 804 626 846 civitates
656 805 869 857 pecunias
898 802 1221 852 decrevissent,
1252 811 1474 854 quumque
1503 796 1554 837 id

70 864 116 901 et
154 874 235 915 pro
275 861 388 901 meis
428 861 602 914 magnis
632 860 808 900 meritis
839 861 885 899 et
914 872 995 912 pro
1025 857 1114 898 tuis
1143 856 1356 897 maximis
1386 852 1554 895 benefi-

71 916 156 957 ciis
196 929 367 958 summa
405 929 485 956 sua
524 916 759 957 voluntate
800 915 1043 965 fecissent,
1090 911 1446 965 nominatimque
1475 910 1553 950 lex

71 972 327 1026 exciperet,
376 985 436 1013 UT
475 985 536 1011 AD
575 985 797 1013 TFMPLUM
835 982 1164 1013 MONUMENTUM
1206 965 1337 1020 [QUE]
1378 979 1554 1007 CAPERE

73 1041 281 1076 LicERET3
332 1041 555 1082 quumque
584 1027 659 1078 id,
688 1027 808 1082 quod
841 1027 1048 1077 dabatur,
1078 1039 1167 1066 non
1197 1029 1316 1065 esset
1344 1022 1555 1063 interitu—

73 1097 184 1137 rum,
213 1083 293 1125 sed
323 1084 369 1124 in
399 1085 673 1124 ornamentis
703 1083 862 1138 templi
892 1082 1109 1134 futurum,
1139 1084 1188 1122 ut
1216 1093 1308 1122 non
1334 1077 1451 1120 mihi
1478 1090 1557 1133 po-

74 1140 191 1192 tius,
239 1152 372 1194 quam
402 1140 569 1194 populo
599 1139 805 1181 Romano
835 1152 890 1181 ac
920 1139 1011 1180 diis
1041 1137 1373 1179 immortalibus
1403 1134 1557 1176 datum

73 1195 327 1238 videretur.-
357 1199 507 1237 tamen
536 1195 602 1248 id,
632 1197 679 1237 in
709 1210 798 1250 quo
828 1200 928 1237 erat
957 1194 1174 1250 dignitas,
1205 1197 1304 1234 erat
1333 1193 1428 1243 lex,
1457 1193 1558 1253 erat

74 1265 257 1304 eorum,
300 1252 378 1306 qui
409 1251 650 1305 faciebant,
680 1253 906 1304 voluntas,
938 1250 1254 1305 accipiendum
1284 1262 1372 1289 non
1401 1251 1557 1302 putavi

76 1321 212 1362 quum
240 1308 344 1349 aliis
375 1308 431 1349 de
462 1309 638 1360 causis,
668 1312 763 1348 tum
794 1309 933 1349 etiam
963 1313 1014 1348 ut
1044 1307 1193 1348 animo
1223 1305 1437 1359 aequiore
1467 1301 1557 1343 fer-

172 1464 235 1498 lx.
262 1465 320 1500 26.
356 1464 530 1507 vectigali
565 1464 735 1498 aedilicio
769 1464 792 1498 i.
820 1476 854 1499 e.
879 1463 1042 1510 pecunia
1072 1464 1119 1498 ab
1153 1464 1335 1498 aedilibus
1371 1462 1419 1496 ad
1453 1462 1558 1497 ludos

79 1524 164 1547 snos
189 1513 385 1559 postulata.
434 1513 508 1546 Die
533 1513 688 1546 Aedilem
715 1514 848 1546 liessen
886 1513 1055 1547 niimlich
1080 1513 1200 1547 durch
1228 1513 1289 1546 die
1312 1514 1559 1558 Propriitores

79 1562 172 1594 oder
212 1560 455 1594 Proconsules
494 1573 557 1594 aus
598 1561 669 1594 den
711 1562 919 1595 Provinzen
961 1561 1102 1596 Gelder
1142 1562 1332 1604 erheben‚
1370 1572 1434 1594 um
1477 1561 1560 1594 ihre

77 1609 200 1655 Spiele
226 1620 292 1642 zur
317 1609 676 1653 Volksbelustigung
703 1609 823 1643 damit
847 1621 890 1643 zu
915 1610 1137 1644 bestreiten.
1179 1611 1252 1644 Ein
1277 1608 1561 1643 schrecklicher

78 1657 337 1693 Missbrauch!
367 1675 408 1682 —
436 1668 516 1690 cum
539 1659 696 1700 magnis.
757 1659 828 1691 Die
855 1658 971 1691 Codd.
996 1658 1073 1692 und
1098 1658 1292 1703 Ausgaben
1325 1669 1392 1691 vor
1417 1656 1559 1691 Schfitz

80 1706 352 1748 aedificiorum,
379 1706 545 1748 magnis,
573 1706 637 1740 das
665 1710 762 1740 ware
789 1707 880 1740 aber
906 1706 992 1740 eine
1018 1707 1198 1750 Abgabe‚
1225 1705 1367 1740 welche
1392 1705 1452 1739 die
1478 1715 1562 1750 ge-

79 1765 294 1788 wesenen
331 1754 486 1787 Aedilen
528 1755 700 1799 verlangt
733 1755 878 1789 hatten.
934 1756 1115 1790 Desshalb
1161 1755 1399 1789 vermuthete
1442 1754 1560 1788 sehon

81 1805 294 1836 Hotomann
320 1802 500 1845 aedilicio,
528 1804 681 1846 magnis,
710 1815 782 1837 was
808 1803 947 1838 Schiitz
972 1805 1052 1838 und
1076 1806 1180 1838 Bent.
1206 1803 1448 1838 aufnahmen.
1498 1802 1562 1836 Α1-

81 1850 155 1884 1ein
193 1862 304 1885 unser
336 1852 557 1886 Liinemann
593 1852 823 1886 verbesserte
856 1853 1024 1886 treffend
1056 1852 1246 1894 aedilicio,
1287 1862 1367 1886 cum
1400 1862 1462 1885 aus
1495 1851 1561 1884 der

80 1900 216 1933 letzten
241 1900 442 1934 Silbevrum
469 1899 554 1933 dem
579 1901 756 1936 Ciceron.
782 1901 1143 1946 Sprachgebrauche
1173 1904 1328 1946 gemass.
1379 1900 1414 1934 S.
1452 1901 1480 1944 §.
1517 1901 1561 1934 19

81 1949 120 1981 in
146 1948 210 1981 der
236 1948 361 1981 Mitte.
410 1948 530 1982 Orelli
556 1950 635 1982 rust
669 1950 844 1984 desshalb
871 1961 953 1984 aus:
982 1949 1046 1984 sic
1078 1951 1227 1995 egregie
1253 1947 1488 1986 Lunemann!
1516 1968 1558 1974 —

83 2014 127 2021 -·
155 1997 312 2030 Etenim.
339 1995 402 2030 sic
427 1997 507 2031 Md.
535 1997 578 2043 Q.
610 1998 711 2032 Vict.
740 2001 780 2041 1,
807 2000 842 2035 2.
870 1998 979 2032 Enim
1005 1999 1040 2032 si
1066 2000 1111 2036 U.
1139 1998 1254 2034 oxon.
1283 2000 1319 2034 2.
1370 1998 1452 2030 Hoc
1475 2007 1560 2029 cor-

81 2051 228 2079 rectum
253 2044 312 2077 int
348 2044 558 2086 Enimvero,
595 2046 630 2079 si
660 2048 714 2080 Iu.
743 2048 846 2084 Crat.
874 2047 1006 2082 Lamb.
1039 2047 1130 2082 Ern.
1163 2046 1317 2080 Schiitz.
1362 2043 1560 2080 ORELLJ.

84 2112 125 2117 —-
152 2093 248 2136 quod
270 2093 428 2126 edixeris
453 2107 501 2124 Ξ
526 2100 590 2127 tuo
617 2095 752 2128 edicto.
781 2114 823 2120 —
851 2095 989 2129 H-Scc.
1016 2109 1065 2126 z
1091 2095 1251 2129 ducenta
1277 2094 1399 2128 millia
1424 2099 1562 2126 sester-

82 2142 245 2182 tiorum,
281 2142 414 2179 20,000
453 2141 601 2175 Gulden
635 2142 858 2177 Rheinisch.
930 2143 1186 2178 Bewirtheten
1227 2143 1325 2177 doch
1358 2142 1456 2175 eiust
1501 2141 1563 2175 die

84 2189 285 2223 Gebriider
310 2189 408 2222 Arrii
434 2191 531 2223 nach
560 2191 679 2225 valer.
705 2194 808 2227 Max.
834 2192 920 2225 ihre
948 2193 1062 2226 Gaste
1089 2192 1160 2225 mit
1186 2191 1470 2237 Nachtigallen,
1502 2189 1563 2223 die

82 2240 236 2280 600,000
262 2239 482 2280 Sestertien‚
508 2239 584 2273 also
611 2241 745 2283 60,000
772 2241 871 2275 Flor.
897 2241 1085 2275 kosteten!
1113 2260 1158 2265 —-
1182 2241 1399 2284 penderetur
1427 2251 1448 2272 a
1474 2249 1563 2284 pro-

83 2287 217 2319 vincia.
245 2305 287 2309 —
315 2291 552 2330 erogaretur,
587 2287 863 2333 eingefordert‚
896 2290 1070 2333 verlangt
1102 2289 1242 2325 xviirde.
1271 2308 1318 2314 -—
1347 2289 1564 2330 Quamquam

86 2348 133 2365 Ξ
161 2333 408 2369 Gleichwohl.
436 2354 478 2359 —
507 2335 686 2370 hominum
712 2349 799 2371 cum
826 2338 1002 2384 despectu
1029 2349 1118 2384 pro:
1152 2337 1488 2371 homunculorum.
1516 2352 1563 2359 ·-·

85 2383 256 2426 consilio,
285 2383 406 2417 durch
433 2383 538 2417 ienen
564 2386 795 2423 Entschluss.
823 2405 870 2411 —
896 2397 1068 2430 quonam,
1097 2388 1184 2420 Ern.
1213 2398 1308 2432 susp.
1336 2395 1424 2428 quo,
1464 2382 1562 2427 quod

84 2429 234 2464 Schiitz.
261 2432 418 2478 recepit.
447 2451 491 2457 —
518 2433 566 2466 ad
591 2435 766 2477 templum.
821 2435 946 2480 Vergl.
975 2435 1019 2468 ad
1050 2437 1160 2470 Attic.
1197 2437 1251 2478 V,
1283 2435 1348 2468 21:
1384 2433 1431 2464 ob
1465 2430 1562 2463 haec

84 2478 268 2512 beneficia
294 2488 366 2515 cet.
419 2499 461 2504 —
513 2487 778 2516 monumentum
811 2484 886 2517 mei
922 2485 1153 2518 consulatus.
1204 2503 1248 2508 —-
1301 2484 1402 2516 Crat.
1430 2479 1561 2513 Lamb-

83 2527 232 2567 magnis
256 2531 355 2565 meis,
383 2529 498 2572 [Que]
536 2543 583 2559 =
618 2535 652 2563 et
679 2536 937 2565 monumentum
966 2533 1045 2567 Md.
1073 2535 1172 2567 Vict.
1206 2534 1238 2567 2.
1274 2529 1359 2562 505¹·
1396 2529 1433 2560 5¹¹
1468 2527 1563 2571 legis

85 2575 249 2607 formula
289 2583 416 2610 neutra
462 2584 541 2611 erat
586 2581 732 2624 copula.
794 2581 982 2626 Quocirca
1025 2583 1129 2614 uncis
1163 2578 1310 2613 inclusi.
1365 2575 1561 2610 ORELLl.

85 2623 156 2655 Die
182 2623 241 2654 lez
267 2623 313 2655 de
340 2627 554 2669 repetundis
580 2626 737 2663 lautete:
774 2641 847 2670 „ne
882 2631 943 2663 cui
971 2637 1033 2662 aut
1060 2641 1191 2674 capere
1220 2625 1394 2671 pecunias
1428 2625 1561 2658 liceret

85 2677 146 2702 sut
174 2671 424 2706 conciliaref⁶
471 2675 504 2706 S.
534 2674 577 2706 ad
603 2675 718 2710 Attio.
748 2679 796 2720 V,
823 2680 865 2713 21
894 2679 968 2711 und
996 2679 1137 2711 Verrin.
1169 2678 1221 2710 V,
1256 2686 1288 2706 c.
1315 2674 1370 2708 218.
1403 2691 1441 2696 —-
1475 2673 1558 2713 ‹lig-

84 2719 198 2757 nitas,
227 2718 441 2755 ehrenvolle
466 2723 759 2770 Auszeichnung,
787 2726 954 2759 sittliche
980 2726 1123 2759 VV'urde
1153 2725 1204 2756 im
1232 2724 1462 2767 Gegensatze
1490 2732 1557 2752 von

85 2766 338 2813 schmutziger
367 2770 693 2819 Gelderpressung
733 2792 777 2797 —-
805 2776 925 2806 animo
960 2775 1131 2817 aequiore
1151 2774 1264 2815 serre
1291 2770 1454 2814 aliquid,
1493 2770 1560 2802 Et—
