1742 3006
395 74 714 121 EPISTOLA
743 73 892 117 LVII.
906 99 960 107 -—
973 73 1150 118 LVIII.
1439 70 1535 119 237

351 196 670 243 EPISTOLA
698 197 856 240 LVII.
915 200 1029 250 (Λα.
1059 198 1150 241 ΙΙΙ.
1180 196 1245 247 5.)

208 276 288 311 scr.
313 275 454 310 Thurii
479 276 544 310 1v.
571 275 626 309 ld.
653 277 740 321 Apr.
790 276 831 307 A.
860 274 901 307 υ.
932 274 971 306 c,
998 275 1082 311 696.
1133 276 1182 315 (a.
1211 274 1256 310 ο,
1282 271 1356 314 58.)

41 344 266 379 Gratissima
291 344 365 378 sibi
391 354 468 377 esse
492 341 610 377 Attici
635 342 675 375 in
700 340 917 375 Terentiam
945 340 1074 373 officia
1099 341 1236 374 scribit
1260 347 1319 381 et,
1353 345 1394 374 ut
1419 350 1457 374 se
1482 339 1538 386 ip·

42 404 145 435 sum,
184 404 295 440 quem
319 403 467 438 semper
491 391 696 433 amaverit,
730 390 907 424 miserum
935 399 1080 434 quoque
1106 389 1240 423 eodem
1266 400 1396 424 amore
1430 401 1537 424 com-

607 439 812 485 plectatur,
845 443 970 483 rogat.

527 514 714 551 CICERO
763 514 950 549 ATTICO
1007 511 1046 547 S.

154 578 374 621 Terentia
415 577 500 619 tibi
540 581 586 618 et
615 589 746 632 saepe
786 580 832 618 et
860 575 1081 616 maximas
1111 574 1207 631 agit
1236 577 1423 631 gratias,
1481 578 1538 621 Id

44 640 113 677 est
141 635 255 676 mihi
285 635 603 689 gratissimum.
689 633 789 687 Ego
820 633 926 674 vivo
956 632 1233 674 miserrimus
1262 638 1308 675 et
1337 634 1539 677 maximo

45 692 203 732 dolore
235 690 464 732 conficior.
535 689 605 730 Ad
638 693 681 730 te
712 689 821 744 quid
850 689 1058 740 scribam,
1087 691 1254 731 nescio.
1335 690 1386 731 Si
1416 692 1537 733 enim

45 761 93 791 es
134 746 331 799 Romae,
378 747 467 787 iam
504 759 575 787 me
617 747 797 800 assequi
836 758 924 786 non
965 749 1115 798 potes:
1175 747 1246 786 sin
1285 760 1331 788 es
1362 748 1409 788 in
1448 748 1540 800 via,

44 817 179 859 quum
211 805 300 844 eris
330 817 400 844 me
429 806 673 853 assecutus,
704 815 855 842 coram
884 814 1080 856 agemus,
1110 815 1223 856 quae
1253 809 1383 844 erunt
1405 817 1541 858 agen-

46 861 116 901 da.
175 861 372 902 Tantum
402 863 446 899 te
477 872 573 910 oro,
602 862 666 910 ut,
696 857 907 912 quoniam
937 871 1007 898 me
1037 857 1182 911 ipsum
1213 873 1389 915 semper
1419 874 1540 901 ama-

46 917 123 968 sti,
153 916 310 958 eodem
340 928 491 955 amore
534 916 610 956 sis,
696 914 798 968 Ego
838 914 956 954 enim
995 913 1118 954 idem
1157 929 1268 956 sum.
1355 916 1540 956 Inimici

47 974 137 1013 mei
167 986 265 1013 mea
293 971 432 1023 mihi,
463 984 550 1011 non
579 981 649 1011 me
680 969 826 1024 ipsum
856 969 1134 1012 ademerunt.
1201 972 1345 1024 Cura,
1384 976 1433 1013 ut
1461 985 1540 1014 va-

48 1030 156 1071 leas.
216 1028 322 1070 Dat.
353 1041 413 1069 ιν.
444 1026 514 1068 Id.
546 1028 653 1081 Apr.
685 1025 867 1068 Thurii.

343 1193 664 1237 EPISTOLA
691 1192 871 1235 LVIII.
924 1192 1039 1244 (Att.
1073 1192 1159 1234 III.
1193 1192 1252 1244 6.)

118 1271 202 1305 Scr.
231 1269 278 1303 de
304 1270 511 1304 Tarentino
537 1270 636 1307 VIII.
663 1270 742 1303 Kal.
769 1269 863 1306 Mai.
895 1267 936 1303 Α.
965 1270 1009 1306 U.
1041 1270 1080 1302 C.
1106 1271 1190 1305 696.
1241 1269 1293 1309 (a.
1321 1269 1365 1303 C.
1392 1269 1472 1312 58.)

72 1339 240 1375 Atticum
273 1350 311 1372 se
341 1349 416 1371 non
451 1338 586 1371 vidisse
620 1337 723 1371 dolet
748 1337 897 1382 sibique
923 1337 996 1370 iter
1033 1347 1110 1371 esse
1144 1338 1182 1370 in
1208 1336 1333 1370 Asiam
1359 1336 1521 1372 nuntiat.

562 1404 747 1440 CICERO
781 1405 964 1438 ATTICO
999 1404 1033 1438 S.

162 1467 265 1508 Non
296 1465 446 1507 fuerat
473 1466 588 1508 mihi
620 1466 829 1519 dubium,
859 1468 969 1521 quin
999 1471 1043 1507 te
1073 1465 1265 1507 Tarenti
1295 1471 1372 1508 aut
1402 1465 1547 1508 Brun-

54 1523 164 1564 disii
193 1524 369 1564 visurus
400 1537 564 1564 essem:
596 1523 731 1576 idque
763 1523 821 1563 ad
851 1524 994 1563 multa
1024 1523 1266 1576 pertinuit3
1308 1524 1353 1563 in
1385 1525 1466 1575 eis,
1496 1526 1548 1565 ut

52 1585 97 1621 et
127 1580 172 1620 in
204 1579 347 1632 Epiro
379 1580 723 1619 consisteremus
765 1584 810 1619 et
849 1579 905 1620 de
937 1579 1126 1632 reliquis
1169 1581 1299 1620 rebus
1331 1584 1408 1620 tuo
1439 1593 1545 1620 con-

51 1636 158 1677 silio
188 1640 428 1676 uteremur.
490 1634 717 1683 Quoniam
748 1634 795 1674 id
825 1649 911 1675 non
944 1635 1160 1689 contigit,
1202 1636 1287 1676 erit
1317 1634 1405 1675 hoc
1435 1648 1545 1690 quo-

54 1706 140 1752 que
179 1691 225 1731 in
264 1704 425 1745 magno
465 1704 650 1732 munero
691 1695 948 1732 nostrorum
985 1691 1223 1732 malorum.
1281 1690 1426 1732 Nobis
1457 1693 1547 1733 iter

53 1754 122 1789 est
151 1747 197 1788 in
228 1747 407 1798 Asiam,
437 1747 634 1788 maxime
666 1747 906 1802 Cyzicum.
967 1746 1099 1787 Meos
1139 1748 1222 1787 tibi
1262 1747 1542 1788 commendo.

52 1804 127 1845 Me
167 1804 249 1844 vix
287 1804 538 1858 misereque
576 1807 792 1846 sustento.
863 1804 971 1845 Dat.
1013 1817 1106 1846 xxv.
1149 1803 1255 1845 Kal.
1299 1803 1448 1846 Maias
1488 1804 1546 1845 de

53 1860 320 1902 Tarentino.

149 1980 196 2013 Id
222 2005 231 2015 .
259 2004 267 2012 .
294 2005 303 2014 .
342 1978 618 2021 gratissimum,
669 1977 734 2012 ich
771 1978 835 2011 bin
873 1976 945 2011 Dir
977 1976 1148 2011 herzlich
1183 1977 1351 2012 dankbar
1386 1979 1452 2012 fiir
1486 1978 1548 2012 die

57 2040 210 2074 grossen
245 2028 483 2067 Verdienste‚
526 2026 669 2060 welche
703 2029 762 2060 Du
799 2027 870 2060 D-ir
905 2038 967 2059 um
994 2026 1173 2060 Terentia
1199 2027 1382 2063 erwirbst,
1410 2046 1455 2052 --
1489 2038 1550 2061 me

55 2078 172 2121 ipsum
197 2077 222 2110 i.
252 2087 282 2110 e.
310 2087 385 2109 non
412 2075 666 2121 splendorem,
696 2087 798 2121 opes,
825 2076 985 2121 gratiam
1013 2082 1098 2117 etc„
1125 2074 1188 2108 sed
1216 2076 1401 2111 animum.
1430 2075 1549 2111 ERN.

57 2145 102 2151 —
138 2126 257 2159 eodem
283 2123 364 2158 Md.
392 2125 497 2157 Amb.
528 2126 581 2160 16.
611 2125 715 2160 Crat.
736 2124 836 2161 Vict.
867 2127 897 2158 1.
927 2125 1011 2157 Bos.
1038 2127 1075 2156 ut
1103 2124 1232 2157 eodem.
1286 2125 1334 2158 Ut
1352 2135 1434 2166 nos,
1461 2126 1547 2159 Asc.

58 2174 90 2210 1.
131 2174 260 2208 Lamb.
296 2173 430 2209 Graev.
468 2174 558 2210 Ern.
594 2172 682 2207 Sch.
716 2174 812 2207 Li'm.
851 2172 1048 2207 ORELLI.
1099 2191 1143 2196 —
1194 2173 1268 2206 mei
1303 2173 1420 2207 delev.
1456 2175 1549 2208 Ern.

57 2223 158 2256 coni.
183 2222 340 2257 Schiitz.
368 2223 525 2255 Li'mem.
561 2240 606 2246 -
655 2221 718 2255 1V
740 2222 790 2255 id.
816 2221 944 2265 April.
974 2232 1097 2269 gegen
1126 2220 1193 2254 den
1224 2222 1331 2255 loten
1357 2221 1476 2267 April.
1504 2222 1552 2255 de

60 2272 165 2306 corr.
193 2271 292 2305 coni.
319 2269 477 2305 Schntz.
505 2270 611 2304 Bent.
642 2269 698 2304 1'1
723 2270 772 2304 id.
800 2270 908 2303 Amb.
936 2271 992 2304 16.
1025 2269 1101 2303 ΙἸΙ
1127 2269 1176 2303 id.
1203 2270 1286 2304 Asc.
1316 2270 1431 2315 prim.
1466 2270 1549 2304 ΙΙΧ

60 2319 113 2352 ld.
146 2319 224 2353 Asc.
251 2320 285 2354 2.
313 2320 410 2352 Cett.
438 2330 527 2351 cum
552 2317 631 2352 Md.
666 2337 713 2343 —
746 2318 894 2358 Thurii,
922 2319 1027 2351 einer
1053 2317 1199 2352 kxeinen
1225 2319 1332 2352 stadt
1360 2319 1396 2351 in
1423 2319 1550 2352 Luca-

58 2368 158 2410 nimn,
185 2368 282 2401 nahe
307 2379 369 2401 em
395 2367 622 2401 Meerbusen
649 2379 722 2400 von
749 2368 903 2408 Tarent‚
932 2378 987 2399 wo
1016 2373 1122 2400 sonst
1145 2367 1296 2412 Sybaris
1325 2366 1549 2412 gestanden.

154 2435 263 2478 quue
289 2460 296 2467 .
326 2458 335 2467 .
359 2434 555 2479 pertinuit3
591 2436 630 2468 in.
656 2435 727 2475 eis,
774 2446 811 2468 es
838 2436 896 2479 lag
922 2436 996 2468 mir
1023 2435 1108 2468 sehr
1139 2436 1213 2469 viel
1247 2435 1385 2476 daran5
1437 2439 1551 2470 unter

61 2482 220 2516 anderen
254 2483 440 2517 desshalb.
467 2502 511 2509 --
540 2484 717 2528 Cyzicum,
745 2484 851 2517 einer
879 2484 1045 2517 damahls
1071 2484 1341 2518 ansehnlichen
1369 2482 1550 2517 Handels-

62 2530 163 2563 stadt
190 2531 230 2563 in
263 2532 515 2576 Kleinmysien
551 2544 595 2565 an
629 2533 695 2565 der
726 2532 918 2567 Si'nlkiiste
952 2534 1017 2567 der
1052 2533 1256 2579 Propontis
1300 2531 1359 2564 od.
1396 2542 1478 2564 mar
1510 2532 1550 2566 di

62 2581 266 2613 Marmora-
295 2598 339 2604 -—-
365 2581 471 2614 XIV.
501 2581 588 2614 Kal.
615 2580 730 2622 Mai„
759 2592 820 2614 am
852 2584 960 2617 l7ten
989 2583 1103 2627 April.
1136 2581 1245 2614 1'111.
1275 2579 1362 2612 Kal.
1390 2580 1548 2615 Helmst.

63 2629 173 2673 prob.
213 2627 387 2662 Graevio.
436 2630 518 2662 Hoc
553 2630 737 2664 consentit
773 2641 861 2663 cum
902 2633 1086 2676 sequentis
1125 2629 1306 2673 epistolae
1347 2628 1473 2662 initio.
1500 2647 1550 2655 --

60 2676 277 2758 {melacium
327 2687 390 2712 aus
422 2677 508 2713 dem
539 2678 869 2714 Tarentinischeu.
948 2678 1102 2712 Tarenti
1135 2680 1228 2712 lens.
1267 2676 1349 2710 Asc.
1381 2680 1411 2713 1.
1448 2680 1547 2713 Crat.

95 2737 152 2759 am
167 2737 195 2763 1.
