1742 3006
173 94 273 160 ’334
459 111 522 154 Μ.
551 111 607 155 Τ.
640 104 982 153 CICERONIS
1011 108 1385 154 EPISTOLAE.

176 228 292 270 Non.
332 226 462 268 Febr.
502 224 620 265 Milo
664 222 819 264 affuit:
869 223 912 264 ei
953 221 1199 278 Pompeius
1240 223 1484 265 advocatus
1523 226 1659 267 venit.

177 285 315 325 Dixit
336 283 399 324 M.
427 279 692 330 Marcellus,
721 292 748 320 a
775 292 845 319 me
877 283 1069 332 rogatus.
1128 278 1328 320 Honeste
1358 279 1659 322 discessimus.

175 339 397 382 Prodicta
426 337 524 377 dies
555 339 623 376 est
652 337 698 376 in
725 348 818 376 vui.
852 334 918 375 Id.
949 334 1081 374 Febr.
1149 335 1341 376 Interim
1383 336 1566 376 reiectis
1597 337 1661 377 le-

174 395 426 451 gationibus
456 393 504 433 in
532 391 664 443 Idus,
703 390 983 431 referebatur
1012 389 1067 430 de
1097 392 1345 444 provinciis
1376 396 1659 445 quaestorum

176 456 221 492 et
251 451 305 490 de
336 447 549 490 ornandis
580 447 873 502 praetoribus.
943 444 1035 485 Sed
1065 458 1160 498 res,
1191 447 1347 488 multis
1377 447 1574 501 querelis
1605 447 1661 488 de

176 520 223 547 re
261 506 443 560 publica
484 502 845 557 interponendis,
896 501 1024 541 nulla
1052 505 1279 543 transacta
1308 506 1389 543 est.
1462 503 1513 544 C.
1545 503 1661 543 Cato

176 563 321 616 legem
361 560 666 616 promulgavit
707 558 761 599 de
791 557 982 611 imperio
1012 556 1208 598 Lentulo
1239 558 1510 613 abrogando.
1568 558 1661 599 Ve-

174 618 330 658 stitum
371 616 494 657 filius
524 614 738 662 ,mutavit
798 613 850 654 Α.
881 612 923 654 d.
954 625 1047 653 vm.
1077 613 1145 654 Id.
1177 614 1308 655 Febr.
1366 614 1482 655 Milo
1514 613 1658 656 affuit.

173 674 313 714 Dixit
342 671 601 726 Pompeius,
633 671 727 711 sive
755 669 915 710 voluit.
973 667 1113 720 Nam,
1153 672 1204 709 ut
1232 671 1456 722 surrexit,
1497 683 1659 725 operae

173 729 422 770 Clodianae
453 728 694 767 clamorem
724 725 1020 766 sustulerunt:
1068 725 1203 778 idque
1242 726 1285 764 ei
1314 730 1529 779 perpetua
1559 739 1658 766 ora-

174 787 298 826 tione
329 783 547 837 contigit,
577 795 665 822 non
695 779 827 821 modo
858 785 908 820 ut
936 780 1286 832 acclamatione,
1316 780 1396 820 sed
1424 786 1474 821 ut
1505 783 1658 823 convi-

173 843 245 882 cio
277 844 322 881 et
349 838 606 881 maledictis
638 836 947 891 impediretur.
1006 835 1098 885 Qui
1121 840 1171 876 ut
1191 836 1445 890 peroravit:
1473 858 1529 865 -
1557 851 1660 878 nam

172 899 220 938 in
251 911 304 938 eo
335 909 440 937 sane
470 894 605 935 fortis
635 893 748 934 fuit:
797 905 884 933 non
924 895 992 932 est
1021 892 1293 932 deterritus:
1343 891 1467 932 dixit
1494 893 1659 945 omnia,

171 958 304 1008 atque
335 950 557 992 interdum
587 951 724 990 etiam
752 948 951 999 silentio,
982 959 1082 987 cum
1105 949 1375 988 auctoritate
1397 961 1659 1001 semper:—

172 1010 251 1050 sed
281 1012 331 1048 ut
359 1007 613 1062 peroravit,
654 1004 856 1045 surrexit
885 1002 1088 1043 Clodius.
1160 1003 1220 1043 Ei
1251 1007 1402 1044 tantus
1432 1004 1603 1044 clamor
1633 1017 1660 1045 a

171 1066 361 1117 nostris,
389 1085 443 1093 —-
494 1063 726 1116 placuerat
765 1060 882 1099 enim
912 1057 1082 1099 referre
1112 1060 1303 1113 gratiam
1332 1082 1386 1088 --
1430 1064 1480 1099 ut
1518 1072 1660 1114 neque

171 1182 239 1217 IV.
274 1182 366 1216 Non.
403 1180 530 1216 Febr..
569 1188 630 1210 am
663 1176 817 1209 zweiten
852 1172 1028 1210 Februar.
1065 1195 1106 1200 —-
1141 1175 1241 1208 Milo
1275 1177 1403 1218 affuit,
1453 1177 1659 1220 (ersehien)

170 1242 303 1275 nempe
335 1240 418 1262 reus
444 1227 488 1260 ‹le
515 1226 568 1266 vi,
614 1236 635 1257 a
670 1224 801 1257 Clodio
837 1223 950 1256 aedili
977 1232 1184 1256 accusatus.
1210 1218 1431 1262 SCHUTZ.
1483 1226 1520 1260 S.
1550 1226 1658 1271 epist.

169 1279 367 1312 LXXXIX.
405 1295 449 1301 -
484 1275 698 1313 advocatus,
739 1278 780 1306 ut·
809 1272 1021 1314 praesentia
1047 1283 1110 1304 sua
1135 1283 1242 1305 reum
1267 1272 1488 1310 sublevaret.
1520 1292 1564 1299 —-
1598 1275 1656 1308 M.

171 1327 399 1366 Marcellus,
444 1323 510 1369 qui
542 1328 671 1367 postea
706 1332 740 1356 a.
778 1320 847 1357 703
880 1320 1011 1352 consul
1047 1330 1135 1351 cum
1169 1320 1246 1352 Ser.
1272 1321 1439 1365 Sulpicio
1466 1322 1555 1362 suit,
1587 1334 1656 1367 pro

169 1376 315 1409 IVliloue
349 1372 454 1407 dixit.
489 1389 533 1395 —
583 1369 742 1403 Honeste
773 1370 881 1409 disc„
919 1367 1029 1412 ruhig
1054 1366 1129 1400 und
1157 1368 1350 1413 anstandig
1375 1367 1465 1414 ging
1492 1381 1529 1403 es
1556 1370 1656 1404 heim

169 1424 353 1458 Stimmen
381 1433 439 1454 zu.
490 1421 528 1456 S.
553 1429 610 1463 ep.
639 1418 752 1458 XCV,
781 1419 818 1453 2:
847 1415 1034 1449 discessiO.
1061 1433 1105 1440 --
1140 1414 1316 1449 Prodc'cta
1345 1423 1444 1459 cet„
1488 1417 1565 1451 und
1591 1418 1657 1453 der

169 1472 271 1517 Tag,
317 1482 371 1504 wo
406 1468 530 1502 Milo’s
560 1466 679 1499 Sache
712 1477 778 1498 vor
812 1466 896 1499 dem
932 1464 1051 1497 Volke
1089 1463 1197 1496 sollte
1238 1463 1459 1498 vei-handen:
1492 1466 1656 1509 werden,

172 1522 296 1554 wurde
329 1518 393 1553 auf
428 1517 496 1550 den
530 1515 682 1548 fiinfteu
717 1514 828 1547 Febr.
862 1512 956 1554 (IV.
991 1514 1076 1548 fiten
1113 1511 1228 1545 Orelli
1262 1513 1313 1546 im
1340 1514 1512 1556 Excurs.)
1546 1515 1658 1548 anbe-

170 1575 303 1602 raumt.
382 1565 505 1610 Vergl.
533 1575 603 1609 pro
629 1564 742 1596 Dom.
778 1573 809 1595 c.
838 1564 896 1597 17.
926 1567 1017 1593 extr·
1043 1560 1123 1594 [siv-
1152 1561 1202 1599 11,
1231 1560 1286 1595 65.
1320 1561 1390 1603 111,
1417 1562 1475 1597 58.
1506 1562 1569 1604 VI,
1597 1563 1657 1598 20.

172 1615 385 1657 XXXVIII,
424 1616 482 1649 51.
559 1612 621 1646 Sic
658 1611 791 1655 scripsi
828 1610 873 1642 de
907 1608 1211 1642 Drakenborchii
1249 1609 1442 1643 sententia.
1477 1611 1657 1652 producta

174 1669 267 1702 Cett.
296 1664 383 1699 1⁷11.
399 1663 454 1696 Id.
475 1661 542 1696 cd.
570 1659 703 1694 Laudi.
726 1660 825 1693 Crat.
850 1657 923 1691 OR.
945 1675 989 1681 —-
1009 1656 1047 1689 in
1070 1656 1167 1689 Idus.
1191 1657 1301 1693 Bent.
1330 1667 1427 1701 susp.
1453 1657 1529 1690 111.
1555 1658 1655 1696 Non.

169 1715 251 1748 Ald.
279 1714 378 1746 enim
405 1717 442 1745 et
468 1711 568 1745 crat.
595 1708 663 1742 III
685 1707 822 1740 Iduum.
849 1723 893 1729 ——·
927 1704 1163 1746 reserebatm·
1188 1716 1209 1737 a
1235 1705 1457 1739 Consulibus
1485 1706 1520 1737 in
1548 1718 1658 1740 sena-

169 1770 210 1796 tu
245 1763 287 1794 de
319 1771 419 1804 prov.
455 1761 585 1802 quaest.
620 1755 698 1788 scil.
732 1760 774 1787 ut
809 1759 1024 1798 quaestores
1066 1752 1152 1785 anni
1194 1753 1397 1797 superioris
1439 1754 1656 1798 provincias

171 1811 402 1845 sortirentur.
429 1825 474 1831 -
501 1806 542 1838 de
567 1803 715 1837 ornand.
739 1801 970 1845 praetoribus
996 1800 1042 1833 de
1066 1802 1168 1835 issiu.
1196 1801 1382 1834 sententia
1407 1801 1540 1834 Lamb.
1567 1801 1654 1838 Seli.

170 1861 267 1894 L‘sm.
294 1853 510 1901 praetoriis.
560 1853 675 1886 Recte
702 1852 808 1883 Bent.
839 1849 969 1882 attulit
995 1848 1043 1882 ad
1067 1849 1181 1884 Ateio.
1208 1850 1250 1889 3,
1278 1850 1323 1884 24
1348 1849 1547 1890 (LXXXII,
1579 1854 1593 1884 1
1621 1862 1656 1884 u.

173 1908 221 1948 2.)
249 1907 290 1939 de
317 1902 518 1938 consulibus
542 1900 723 1933 ornandis.
754 1896 954 1931 ORELLI.
1008 1897 1089 1941 Vgl.
1117 1897 1163 1929 ad
1188 1897 1302 1930 Attio.
1331 1897 1394 1939 IV,
1423 1899 1467 1932 18
1490 1896 1656 1938 (CLVII,

171 1957 220 1997 2.)
248 1973 292 1980 -—
345 1952 385 1986 C.
416 1950 530 1987 Cato,
569 1948 738 1981 tribunus
765 1946 898 1990 plebis.
950 1945 985 1978 S.
1013 1956 1067 1988 ep.
1094 1945 1170 1985 XC,
1197 1946 1227 1980 2,
1258 1944 1391 1985 XCIII,
1419 1947 1453 1978 4.
1480 1946 1593 1987 XCV,
1622 1950 1654 1981 1.

172 2023 217 2029 -..
255 2005 365 2045 legem
392 1997 642 2042 promulgavit
659 2021 667 2037 ‚
705 1994 888 2038 lxiindigte
913 2005 983 2034 an,
1023 2004 1063 2025 er
1089 1993 1216 2026 werde
1243 1992 1352 2026 bei’m
1382 1993 1498 2026 Volke
1526 1994 1661 2029 darauf

172 2059 366 2095 anuagfflh
409 2047 492 2079 dass
527 2044 611 2077 dem
647 2042 824 2078 Lentulus
859 2041 961 2074 seine
992 2039 1343 2074 §tatthalterschaft
1381 2041 1658 2086 abgenommen

171 2100 309 2135 werde·
367 2097 400 2129 5,
429 2106 488 2139 ep,
515 2093 630 2133 XCV,
659 2095 690 2125 1,
726 2103 763 2126 u,
800 2089 941 2131 XCVI,
970 2090 1002 2124 2.
1055 2089 1175 2121 Allein
1210 2101 1247 2122 es
1279 2089 1365 2122 kam
1402 2090 1509 2123 nicht
1544 2090 1655 2133 dazu,

170 2149 256 2182 weil
284 2144 417 2182 Consul
444 2141 619 2176 Lentulus
656 2138 902 2174 Marcellinus
929 2149 966 2170 es
992 2137 1241 2170 vethiuderte.
1277 2156 1320 2162 —
1350 2136 1456 2177 filius
1490 2138 1525 2169 P.
1559 2139 1657 2172 Len-

169 2198 269 2230 tulus
296 2191 476 2239 Spinther
509 2189 610 2230 (Vid.
640 2199 698 2232 ep.
727 2186 823 2226 XCI,
850 2187 907 2227 2.)
935 2188 1062 2218 vestem
1095 2185 1264 2228 mutavit,
1307 2186 1405 2231 legte
1437 2185 1656 2232 desswegen

170 2240 457 2278 'I'rauerkleider
485 2250 544 2277 au,
572 2247 634 2269 um
661 2235 857 2270 Mitleiden
883 2245 930 2266 zu
956 2244 1128 2278 eri-egen,

265 2294 301 2328 2,
329 2290 375 2322 Α.
404 2288 435 2321 (Ι.
465 2286 575 2321 VIII.
602 2285 657 2321 M,
685 2283 803 2324 Febr„
832 2293 891 2314 am
918 2281 1070 2315 fiinften
1087 2282 1254 2314 Februar
1279 2281 1372 2324 (IV,
1399 2284 1485 2318 Gten
1509 2279 1654 2325 Orelli).

168 2360 217 2367 -.
252 2338 343 2374 dixit
368 2346 436 2382 pro
464 2345 508 2367 eo
535 2341 724 2378 tamquam
751 2339 939 2374 patronus.
967 2348 1009 2353 —
1048 2329 1121 2362 sive
1146 2330 1272 2363 voluit.
1306 2330 1344 2366 h.
1371 2341 1402 2363 e.
1435 2342 1506 2363 non
1534 2332 1657 2376 potuit

169 2391 223 2423 ita
249 2388 394 2426 dicere,
422 2389 464 2416 ut
489 2386 723 2426 exspectaret
749 2391 788 2412 se
814 2378 1022 2417 dicturum,
1051 2384 1092 2410 ut
1117 2383 1263 2410 attente
1289 2385 1327 2411 et
1352 2378 1432 2411 sine
1458 2379 1655 2422 perturba-

169 2439 274 2471 tione
299 2434 500 2468 audiretur.
528 2423 744 2463 SCHUTZ.
774 2445 817 2451 —
852 2430 1029 2470 perpetua
1055 2426 1238 2467 oratione,
1264 2425 1443 2458 wahrend
1471 2426 1537 2458 ‹lci-
1563 2437 1657 2471 gan-

169 2498 235 2520 zen
261 2483 380 2518 Rede.
406 2499 449 2504 -
476 2478 672 2512 acclamat.
724 2475 759 2509 S.
786 2487 830 2508 zu
856 2487 915 2519 ep.
945 2474 1020 2516 XC,
1049 2474 1082 2508 2.
1113 2492 1154 2498 —
1182 2473 1311 2511 interd,
1339 2477 1384 2505 ct.
1409 2473 1569 2513 silentio,
1598 2475 1656 2507 in·

170 2535 255 2566 dem
283 2545 322 2565 er
350 2527 524 2562 zuweilen
551 2536 660 2569 sogar
687 2523 868 2562 eiuhielt3
905 2523 1017 2555 oder
1043 2533 1105 2561 ⁵0,
1132 2521 1214 2554 dass
1240 2521 1299 2553 die
1325 2521 1523 2554 Clodianer
1549 2533 1657 2566 sogar

170 2583 239 2615 mit
268 2580 391 2613 ihrem
415 2574 598 2609 Gcschrei
625 2572 838 2605 aufhorteu.
867 2588 911 2595 -
939 2581 1014 2604 cum
1039 2572 1130 2602 auce.
1157 2579 1318 2613 semper,
1347 2570 1416 2602 mit
1445 2569 1656 2604 Ehrfurcht

170 2627 432 2673 gebietendem
466 2620 647 2657 Ansiand.
705 2618 765 2652 Sic
801 2619 934 2653 Lamb.
974 2621 1063 2651 auct.
1101 2627 1237 2659 semper
1263 2621 1389 2658 egerat
1427 2618 1494 2650 ed.
1530 2618 1658 2653 Ursin.

171 2677 363 2710 Daue-sius.
391 2670 477 2705 Seh.
503 2671 598 2703 Liin.
625 2679 657 2701 α.
684 2671 882 2709 peregerat
910 2669 1006 2699 Cett.
1035 2664 1230 2699 ORELLI.
1260 2682 1303 2688 —
1330 2664 1393 2697 sed
1416 2679 1464 2696 z
1490 2665 1655 2710 inquam.

171 2728 236 2759 hat
272 2726 330 2767 fig.
370 2718 609 2765 epanalepsis.
669 2714 758 2750 Vid.
793 2713 945 2749 Ramsh.
976 2716 1003 2757 ᾖ.
1029 2713 1120 2754 206,
1148 2713 1192 2754 B,
1227 2713 1259 2747 6.
1294 2714 1322 2755 §.
1353 2713 1432 2747 181.
1461 2715 1504 2746 Β.
1536 2716 1592 2753 11,
1622 2715 1653 2747 l.

173 2792 211 2798 „-
248 2774 386 2804 clamor
420 2762 800 2809 (Beil'ullsgeschrei)
837 2774 860 2796 α
895 2761 1026 2796 nostris
1051 2760 1169 2794 editus
1196 2771 1221 2793 s.
1249 2760 1412 2794 sublatus
1439 2767 1504 2796 est.
1539 2779 1582 2785 --
1620 2764 1655 2793 nt
