1742 3006
191 112 285 163 548
452 114 521 158 M.
555 114 609 156 T.
641 111 984 157 CICERONIS
1015 110 1391 156 EPISTOLAE.

193 225 463 281 locupletem
493 223 804 276 tabellarium,
845 237 899 265 ne
929 222 1108 265 accidat
1137 222 1256 277 quod
1287 221 1514 277 Erigonae
1543 224 1668 265 tuae:

174 285 269 326 cui
307 283 419 333 soli,
460 280 653 322 Caesam
681 281 977 335 imperatore,
1021 279 1112 320 iter
1138 291 1198 320 ex
1228 278 1384 319 Gallia
1411 281 1554 319 tutum
1582 292 1669 320 non

196 339 297 381 suit.
356 338 420 363 **
448 335 596 385 Quid?
634 335 674 376 si
704 340 981 377 caementum
1011 335 1173 376 bonum
1210 347 1300 375 non
1341 332 1554 386 habeam,
1592 334 1671 375 de-

175 396 370 437 .turbem
409 391 695 432 aedificium?
744 391 865 446 quod
905 388 1088 445 quidem
1127 389 1243 430 mihi
1281 389 1486 444 quotidie
1527 390 1670 444 magis

194 452 366 505 placet,
411 447 457 488 in
495 448 740 502 primisque
780 446 974 488 inferior
1000 445 1201 500 porticus
1232 448 1276 486 et
1306 445 1402 486 eius
1434 445 1671 487 conclavia

194 506 307 547 fiunt
337 503 474 544 recte·
541 503 612 544 De
650 504 854 554 Arcano,
903 501 1112 543 Caesaris
1141 515 1251 556 opus
1280 505 1363 553 est,
1391 501 1465 543 vel
1495 499 1669 541 mehen

190 561 292 603 cule
322 560 458 600 etiam
487 558 776 613 elegantioris
802 558 1004 598 alicuius.
1080 557 1305 611 Imagines
1335 557 1454 597 enim
1482 556 1595 597 istae
1626 561 1669 597 et

190 617 416 671 palaestra
445 618 489 655 et
517 615 694 668 piscina
723 617 768 654 et
796 614 916 654 nilus
939 613 1181 654 multorum
1204 611 1559 653 Philotimorum
1587 617 1670 663 est,
1736 644 1742 657 ,

189 685 277 713 non
313 668 623 724 Diphilorum.
690 669 781 711 Sed
819 673 864 709 et
905 670 991 723 ipsi
1032 682 1086 709 ea
1114 668 1336 709 adibimus
1367 672 1413 709 et
1442 668 1669 708 mittemus

146 741 149 745 ·
189 732 235 768 et
262 726 583 768 mandabimus.
653 724 724 765 De
754 723 924 766 Felicis
965 726 1231 765 testamento
1271 727 1364 763 tum
1394 723 1536 777 magis
1565 737 1670 777 que-

189 796 315 834 rare,
355 782 394 822 si
425 782 554 822 scias.
634 779 758 830 Quas
789 782 906 820 onim
936 781 1109 823 tabulas
1139 792 1186 820 se
1215 779 1392 833 putavit
1420 779 1669 832 obsignare,

187 841 212 888 †
242 839 289 883 in
319 837 478 892 quibus
508 838 554 876 in
583 837 728 877 unciis
757 835 1066 877 firmissimum
1097 838 1319 886 tenuerat,
1351 855 1399 862 --
1435 835 1582 889 lapsus
1601 840 1668 875 est
1731 870 1737 876 .

189 980 322 1011 sarem,
347 967 465 1001 scito:
492 965 602 999 habeo
629 965 845 1006 absolutum,
868 967 956 999 was
982 965 1102 998 Deine
1127 965 1377 1009 Ermahnung
1403 964 1566 1005 betrifft‚
1606 964 1670 997 das

188 1018 367 1051 bewusste
395 1014 562 1048 Gedicht
588 1025 633 1046 an
661 1016 774 1047 Cesar
799 1026 842 1048 zu
867 1014 1082 1055 volleuden;
1134 1025 1173 1046 so
1200 1014 1334 1052 wisse,
1378 1024 1416 1045 es
1449 1013 1497 1045 ist
1530 1013 1669 1048 bereits

187 1065 315 1108 fertig.
374 1065 407 1096 S.
434 1075 493 1108 ep.
523 1060 704 1102 CLVIII,
737 1064 769 1096 3.
806 1062 895 1095 iiber
920 1061 1033 1094 habeo
1060 1061 1173 1094 absol.
1202 1061 1353 1094 Ramsh.
1381 1061 1412 1104 §.
1443 1062 1520 1101 171,
1547 1060 1599 1101 II,
1627 1062 1666 1099 Α,

187 1114 220 1148 2.
247 1112 391 1145 Grotef.
420 1114 447 1155 §.
474 1112 556 1145 324.
584 1129 627 1134 —
654 1120 785 1152 quaero
812 1110 940 1152 Iocupl.
966 1110 991 1141 i.
1021 1119 1051 1141 e.
1076 1109 1239 1148 fidelem,
1267 1110 1326 1143 cui
1344 1109 1440 1142 liber
1466 1115 1568 1141 recte
1585 1121 1668 1141 cre-
1725 1135 1732 1142 ,

188 1160 227 1193 di
252 1160 381 1205 possit,
408 1159 471 1191 ich
497 1158 584 1190 sehe
609 1157 712 1189 mich
741 1158 838 1189 nach
865 1157 984 1189 einem
1011 1163 1144 1190 treuen
1163 1159 1284 1190 Boten
1304 1169 1379 1190 um.
1396 1175 1443 1181 —-
1462 1156 1665 1199 Erigonae,

187 1208 222 1241 S.
253 1220 308 1253 ep.
339 1207 502 1245 CXLVI,
542 1207 586 1239 13
614 1204 648 1237 u.
677 1205 803 1245 CLIV,
838 1207 870 1239 7.
923 1206 1032 1237 Diese
1064 1205 1246 1249 Trag‘odie
1284 1205 1349 1238 des
1384 1204 1540 1246 Quintus
1574 1206 1667 1238 wird

187 1256 273 1289 hier
299 1253 564 1300 personificirt.
615 1269 660 1277 --
712 1252 874 1286 Caesare
897 1253 1006 1297 imp.,
1052 1253 1122 1286 seit
1151 1255 1262 1286 Ciisar
1294 1253 1378 1286 don
1404 1254 1665 1287 commandirt.

186 1304 257 1337 Ein
284 1303 402 1336 feines
430 1301 700 1346 Compliment!

283 1367 316 1400 7.
368 1364 467 1400 Quid.
517 1362 713 1397 Excidisse
747 1369 831 1394 aute
863 1375 895 1396 v.
933 1361 1027 1397 Quid
1057 1363 1234 1396 nonnulla
1259 1362 1494 1408 suspicantur
1519 1365 1664 1397 Mauut.
1722 1388 1734 1406 «,

186 1414 317 1448 Lamb.
352 1413 444 1446 Ern.
477 1411 562 1445 Sch.
624 1411 699 1443 Das
735 1411 925 1454 Folgende
962 1410 1116 1443 bezieht
1147 1412 1228 1444 sich
1262 1413 1328 1444 auf
1369 1411 1432 1444 das
1466 1413 1566 1445 Haus
1600 1412 1663 1444 des

187 1461 344 1504 Quintus
370 1461 406 1492 in
433 1462 545 1499 Rom,
575 1470 702 1491 wovon
730 1471 786 1502 ep.
815 1458 972 1495 CXLVI,
1000 1460 1044 1492 14
1071 1459 1134 1491 die
1161 1459 1265 1492 Rede
1301 1471 1387 1493 war.
1421 1477 1469 1483 —-
1501 1470 1660 1492 caemen-

187 1514 259 1543 tum
285 1509 379 1548 bon„
406 1515 521 1552 guten
547 1507 780 1540 Bruchstein.
806 1524 852 1530 —·
877 1505 1038 1539 habeam.
1099 1505 1161 1540 Sic
1187 1508 1261 1540 iam
1287 1509 1420 1541 Lar-nb.
1449 1508 1537 1541 Ern.
1564 1508 1662 1540 coni,

188 1556 280 1591 sch.
315 1557 412 1589 L'un.
447 1554 616 1588 haberem
650 1555 729 1587 Md.
768 1555 892 1587 Oxou.
924 1557 954 1588 1.
985 1556 1015 1589 2.
1055 1556 1152 1587 Crat.
1193 1556 1292 1588 Vict.
1322 1558 1352 1589 1.
1381 1557 1412 1590 2.
1437 1557 1539 1589 Man.
1570 1556 1662 1592 oliv,

186 1623 233 1629 ——
259 1605 409 1645 deluo-b„
433 1604 499 1636 soll
526 1603 590 1636 ich
618 1603 750 1635 darum
777 1603 980 1636 einreissen
1006 1602 1157 1635 lassen‘?
1201 1621 1241 1628 «-
1287 1602 1383 1641 fiunt
1409 1607 1522 1643 recte,
1550 1603 1665 1636 fallen

187 1653 295 1685 recht
322 1652 441 1684 sehon
468 1663 539 1685 aus.
574 1669 619 1675 --
671 1651 726 1683 De
751 1651 911 1688 Arcano,
939 1651 1066 1695 Quinti
1092 1651 1220 1691 fundo,
1248 1651 1294 1683 de
1320 1663 1392 1695 quo
1417 1662 1470 1696 ep.
1499 1652 1663 1689 CXLVI,

190 1703 220 1735 l.
261 1698 407 1742 „Deine
433 1700 543 1741 Idee,
581 1699 651 1731 wie
678 1699 735 1731 Du
763 1699 827 1730 das
852 1698 1041 1731 Arcanum
1067 1711 1114 1732 zu
1141 1699 1267 1731 finden
1297 1698 1527 1741 xviinschest‚
1563 1703 1664 1732 wiire

190 1748 255 1781 das
281 1748 396 1781 Werk
432 1748 533 1780 eines
569 1747 699 1780 Casars
735 1747 826 1778 oder
861 1747 959 1779 eines
992 1747 1092 1779 noch
1119 1746 1500 1791 prachtliebendcren
1527 1749 1662 1780 Kunst—

189 1795 402 1829 freundes.“
453 1796 546 1827 Zum
573 1795 710 1838 Belege
737 1795 803 1826 der
831 1795 1099 1842 kostspieligen
1125 1796 1281 1829 Baulust
1308 1796 1370 1827 des
1396 1795 1527 1828 Casars
1554 1795 1662 1828 dieue

189 1855 242 1889 ep.
271 1844 434 1881 CXLIX,
463 1844 516 1876 111.
575 1844 726 1875 Elarcus
761 1854 835 1875 war
862 1843 974 1874 selbst
1009 1843 1180 1875 desshalb
1215 1843 1382 1885 getadelt
1416 1854 1471 1887 cp.
1502 1843 1601 1882 CVI,
1630 1844 1661 1877 2.

189 1909 235 1917 ...
260 1892 364 1931 istae,
392 1902 480 1935 quas
500 1891 670 1935 postulas.
701 1908 745 1913 ——
774 1890 869 1922 nilus
895 1903 943 1920 z:
970 1890 1117 1930 canalis,
1147 1892 1457 1934 VVassergrnben;
1484 1891 1661 1936 dessglei-

188 1939 286 1972 chen
322 1950 382 1971 am
413 1939 477 1972 Nil
517 1939 555 1971 in
589 1939 782 1982 Aegypton
819 1938 913 1969 viele
947 1937 1036 1969 sind.
1087 1939 1171 1982 Vgl,
1199 1938 1243 1969 de
1270 1940 1374 1983 chg.
1405 1939 1455 1978 ΙΙ,
1485 1941 1513 1972 1.
1565 1940 1663 1980 „Das
1728 1931 1733 1953 ³

188 1988 286 2020 Alles
319 1989 417 2020 ware
451 1987 515 2019 das
545 1986 654 2018 errk
688 1987 801 2017 violer
834 1985 1053 2017 Philotimus
1081 1985 1113 2017 d,
1143 1986 1166 2017 i.
1192 1987 1339 2019 solcher
1366 1987 1561 2026 Ki'instlcr,
1597 1988 1665 2019 wie
1714 2015 1717 2018 .

190 2035 425 2068 Philotimus.
485 2036 519 2067 S.
555 2046 612 2078 ep.
650 2034 810 2072 CXLVI,
851 2035 867 2066 l
897 2045 929 2064 ιι.
960 2034 989 2067 6.
1019 2052 1061 2057 -
1090 2043 1159 2065 non
1186 2034 1346 2077 Diphil.,
1382 2034 1487 2068 nieht
1511 2034 1660 2068 solchot

188 2085 370 2123 Manner,
410 2083 479 2114 wie
507 2081 701 2126 Diphilus,
742 2081 809 2112 den
849 2093 887 2111 αϊ
914 2092 972 2123 ep.
1001 2082 1156 2119 CXLVI,
1187 2084 1202 2115 l
1232 2094 1264 2115 ιι.
1293 2084 1323 2117 2.
1351 2082 1436 2115 sehr
1463 2083 1586 2115 tndelt.
1617 2101 1654 2108 --

186 2132 360 2165 mittemus
388 2135 422 2162 ct
448 2130 692 2163 mundabimus
716 2136 759 2162 st.
798 2129 984 2161 mittemus
1015 2129 1208 2169 mandata,
1261 2131 1334 2162 will
1371 2130 1659 2174 Anmahnuugen

187 2179 259 2212 und
295 2178 572 2223 Auordnungen
616 2177 834 2210 hinsendeu.
909 2178 1001 2209 Eine
1041 2178 1263 2222 Heudiudys.
1330 2178 1373 2210 In
1412 2190 1468 2224 ep.
1509 2179 1658 2215 CXLV!
1721 2171 1728 2185 ⁹

185 2233 301 2261 neunt
327 2238 368 2259 er
393 2228 569 2267 Manner,
597 2226 657 2259 die
684 2237 723 2258 er
751 2237 795 2257 zu
823 2224 1062 2268 dez-gleichen
1088 2226 1292 2273 Auiti-'agen
1318 2227 1557 2272 gebrauchte.

281 2290 313 2323 8.
341 2288 486 2323 Felicis.
537 2287 607 2320 Ein
638 2285 920 2322 Unbekannter.
955 2286 1014 2319 bei
1040 2286 1168 2320 dessen
1193 2287 1397 2322 Erbschaft
1424 2288 1484 2321 die
1510 2288 1659 2322 Cicero-

188 2348 234 2370 ne
260 2336 468 2370 interessirt
495 2346 637 2375 warcm
665 2334 854 2369 vielleiclit
881 2333 1000 2366 durch
1027 2334 1095 2367 den
1122 2347 1197 2368 von
1222 2337 1302 2368 ihm
1329 2331 1567 2382 begangerien
1584 2336 1658 2369 Irr-

185 2385 292 2418 thum
325 2395 368 2417 zu
401 2383 492 2416 kurz
518 2383 663 2416 kainon.
699 2400 745 2408 ——·
772 2383 804 2414 si
828 2382 942 2418 scias,
971 2393 1075 2414 wenn
1110 2384 1171 2415 Du
1205 2395 1242 2416 es
1276 2383 1470 2425 kenntest,
1510 2385 1656 2429 gelesen

185 2433 338 2468 hattest.
372 2449 417 2456 —-
454 2431 548 2465 Quas
574 2431 692 2464 Oxon.
723 2432 754 2465 2.
783 2431 880 2463 Crat.
911 2430 1004 2463 Vict.
1034 2433 1063 2464 l.
1089 2429 1192 2464 Duas
1217 2432 1311 2464 enim
1336 2431 1407 2464 tab.
1441 2450 1487 2455 —
1532 2433 1655 2474 lapsus

185 2485 249 2514 est.
301 2482 424 2513 Locus
450 2485 663 2524 corruptus.
734 2478 793 2510 Sic
831 2479 934 2512 Man.
965 2478 1065 2511 Vict.
1094 2480 1126 2514 2.
1151 2479 1241 2512 Ern.
1271 2481 1364 2512 Item
1389 2480 1542 2521 Larum„
1576 2482 1654 2513 secl:

184 2530 228 2561 (Ie
253 2528 381 2570 unciis,
413 2528 556 2572 (sicque
582 2527 667 2559 Sch.
695 2528 808 2567 Liin.)
834 2531 869 2558 ct
896 2526 1017 2558 omiss.
1044 2531 1094 2558 est
1120 2534 1204 2571 post
1230 2527 1361 2570 lapsus.
1413 2527 1512 2560 Med.
1537 2529 1651 2561 Oxon.

183 2578 215 2611 2.
255 2577 355 2609 Crat.
394 2575 491 2611 vict,
530 2578 561 2608 1.
595 2575 631 2607 in
666 2575 788 2617 quibus
821 2574 857 2606 in
885 2572 1270 2612 unciisfirmissimmn
1295 2579 1393 2607 tenes
1417 2586 1504 2608 vero
1532 2577 1654 2619 lapsus

183 2628 242 2656 est.
278 2623 372 2658 cdd.
411 2622 509 2656 lunii
542 2623 579 2655 in
616 2622 739 2666 quibus
772 2621 848 2654 111.
882 2620 993 2654 unciis
1014 2622 1261 2661 fortissimum
1287 2626 1386 2656 tenes
1420 2634 1505 2656 rero
1532 2624 1653 2667 lapsus

181 2676 245 2708 est.
273 2672 417 2705 Collata
441 2672 507 2716 Ep.
535 2671 585 2704 ad
607 2670 717 2704 Amic.
746 2672 781 2708 7,
809 2671 830 2704 2
856 2676 893 2701 et
918 2669 1011 2703 locis
1038 2670 1089 2703 ibi
1117 2682 1136 2703 a
1164 2671 1354 2714 Grouovio
1381 2671 1511 2712 allatis,
1538 2671 1651 2704 facile
1717 2663 1722 2686 J

179 2720 333 2761 videbis,
361 2719 422 2752 hic
450 2729 593 2763 quoque
618 2718 734 2751 latere
760 2718 883 2749 nescio
911 2717 996 2761 quid
1022 2717 1066 2750 de
1094 2718 1299 2752 hereditate
1327 2718 1570 2752 Ciceronibus
1596 2720 1652 2751 vel

176 2768 354 2801 ainbobus
381 2767 439 2800 vel
466 2767 636 2801 alterutri
662 2777 682 2799 a
702 2765 824 2799 Felice
853 2767 987 2799 frustra
1015 2766 1214 2809 destinata,
1243 2768 1293 2801 ita
1321 2774 1358 2801 ut
1385 2767 1409 2800 ii
1437 2767 1492 2800 vel
1520 2777 1562 2799 ez·
1588 2766 1648 2799 de-

1738 962 1742 1026 ,ι
