1742 3006
567 105 884 151 EPISTOLA
915 105 1090 150 CVIII.
1470 100 1558 149 361

86 221 301 263 tributum
331 232 427 261 esse
458 217 605 269 dixit,
634 215 712 257 sed
743 215 879 258 etiam
910 230 1046 272 grave
1071 214 1375 259 testimonium
1399 214 1562 268 imper-

86 278 222 318 titum
266 276 381 317 clari
421 273 616 315 hominis
654 271 888 327 magnique
943 274 1164 314 videatur.
1239 270 1405 313 Placet
1445 270 1563 333 enini

87 333 262 374 Hector
290 332 372 372 ille
401 329 514 371 mihi
553 328 832 381 Naevianus,
879 329 957 382 qui
996 342 1083 370 non
1122 330 1294 369 tantum
1336 326 1560 366 »laudari«

87 402 135 429 se
166 389 386 436 laetatur,
414 385 494 426 sed
523 384 652 424 addit
682 384 842 436 etiam,
876 397 926 425 »a
955 384 1139 425 laudato
1167 384 1306 425 viro.«
1368 380 1499 431 Quod
1524 381 1565 421 si
1604 376 1630 414 8

89 457 116 485 a
144 448 189 485 te
219 456 305 483 non
333 442 547 495 impetrO,
587 438 676 479 hoc
705 444 797 491 est,
837 440 876 480 si
906 453 1018 493 quae
1048 443 1093 480 te
1124 452 1195 480 res
1224 438 1484 493 impedierit
1511 459 1566 466 -

88 512 229 553 neque
258 497 376 539 enim
405 495 473 537 fas
503 508 599 536 esse
629 495 826 536 arbitror
854 496 1094 550 quidquam
1124 508 1194 535 me
1225 498 1457 548 rogantem
1486 494 1564 534 abs

89 559 133 596 te
162 568 250 596 non
279 554 518 606 impetrare
547 573 601 580 -
631 563 769 605 cogar
798 550 989 594 fortasse
1019 550 1193 603 facere,
1223 550 1341 604 quod
1358 549 1565 590 nonnulli

89 623 220 664 saepe
250 608 602 662 reprehendunt:
633 608 826 647 scribam
856 608 952 662 ipse
991 607 1047 648 de
1086 620 1181 658 me,
1220 606 1460 647 multorum
1499 608 1566 645 ta-

87 679 190 706 men
219 665 426 717 exemplo
466 668 511 704 et
540 663 764 703 clarorum
801 663 1014 704 virorum.
1083 663 1197 714 Sed,
1236 661 1357 716 quod
1397 665 1442 702 te
1480 673 1568 701 non

88 720 232 775 sugit,
263 719 378 761 haec
406 723 509 761 sunt
539 719 586 759 in
616 717 704 759 hoc
733 731 896 772 genere
918 719 1054 761 vitia:
1093 722 1139 759 et
1158 717 1458 759 verecundius
1479 718 1569 771 ipsi

89 777 148 817 de
177 788 273 817 sese
303 776 505 816 scribant
534 787 716 816 necesse
745 779 836 826 est,
883 775 922 815 si
952 775 1062 829 quid
1092 777 1159 815 est
1189 773 1483 824 laudandum,
1524 775 1571 812 et

90 834 396 886 praetereant,
425 831 465 871 si
495 830 605 884 quid
627 829 1040 884 reprehendendum
1066 835 1148 872 est.
1205 829 1399 871 Accedit
1420 830 1571 879 etiam,

90 891 140 928 ut
167 889 315 928 minor
343 887 403 927 sit
432 885 569 938 fides,
607 887 755 926 minor
783 887 1054 936 auctoritas3
1104 884 1237 926 multi
1277 885 1470 939 denique
1501 897 1569 924 re-

92 942 374 998 prehendant
402 945 449 982 et
476 941 633 982 'dicant
660 941 1010 982 verecundiores
1040 954 1138 983 esse
1167 954 1412 995 praecones
1443 939 1570 980 ludou

94 1012 192 1039 rum
222 998 558 1054 gymnicorum,
598 996 676 1050 qui
705 1010 840 1051 quum
870 997 1034 1037 ceteris
1062 1009 1250 1038 coronas
1279 996 1572 1050 imposuerint

91 1055 340 1096 victoribus
370 1066 611 1106 eorumque
639 1053 821 1094 nomina
863 1065 1023 1107 magna
1067 1065 1180 1093 voce
1222 1051 1572 1106 pronuntiarint,

93 1123 228 1164 quum
257 1110 346 1164 ipsi
375 1112 476 1150 ante
507 1108 716 1149 ludorum
744 1108 1001 1150 missionem
1030 1121 1196 1150 corona
1215 1109 1460 1160 donentur,
1491 1106 1574 1147 ali-

90 1179 165 1208 um
195 1178 458 1220 praeconem
488 1163 754 1216 adhibeant,
798 1178 853 1205 ne
894 1177 974 1206 sua
1000 1177 1112 1206 voce
1154 1177 1202 1205 se
1239 1164 1329 1219 ipsi
1373 1165 1577 1206 victores

91 1234 189 1262 esse
219 1220 497 1275 praedicent.
555 1219 682 1261 Haec
710 1233 790 1261 nos
819 1221 966 1262 vitare
997 1221 1198 1276 cupimus
1228 1225 1298 1272 et,
1337 1220 1376 1261 si
1407 1219 1577 1273 recipis·
1617 1224 1642 1263 9

91 1290 270 1319 causam
313 1280 538 1327 nostram,
576 1275 840 1317 vitabimus:
880 1276 1017 1331 idque
1058 1280 1107 1316 ut
1145 1274 1311 1328 facias,
1354 1287 1579 1330 rogamus·

93 1333 160 1374 Ac
188 1345 243 1373 ne
271 1331 390 1373 forte
419 1331 605 1382 mirere,
635 1343 741 1382 cur,
781 1345 916 1385 quum
944 1331 1059 1372 mihi
1088 1344 1220 1385 saepe
1250 1331 1502 1372 ostenderis
1533 1334 1581 1371 te

94 1388 433 1430 accuratissime
462 1389 718 1427 nostrorum
748 1389 996 1441 temporum
1026 1388 1219 1428 consilia
1239 1390 1372 1441 atque
1394 1389 1580 1428 eventus

95 1443 244 1484 literis
287 1442 624 1493 mandaturum,
670 1454 697 1482 a
735 1446 779 1482 te
819 1443 867 1483 id
906 1455 1023 1483 nunc
1065 1447 1189 1483 tanto
1229 1456 1364 1496 opere
1404 1446 1449 1483 et
1486 1447 1578 1484 tam

95 1499 249 1540 multis
278 1498 426 1540 verbis
470 1500 693 1553 petamus:
738 1498 822 1539 illa
865 1511 946 1540 nos
986 1498 1210 1554 cupiditas
1250 1498 1481 1552 incendit,
1523 1497 1580 1538 de

99 1662 161 1696 das
187 1661 377 1695 bekannte
404 1660 567 1708 Vorgeb.
596 1673 666 1697 von
693 1664 818 1697 Troia.
845 1682 888 1689 —-
923 1663 1099 1707 Nwrius,
1128 1663 1186 1697 ein
1212 1664 1434 1699 Romischer
1459 1665 1583 1698 Thea-

96 1710 305 1745 terdichter
327 1712 378 1744 im
402 1713 488 1746 lten
514 1713 607 1745 Pun.
625 1713 773 1757 Kriege‚
800 1712 868 1746 den
897 1724 937 1746 er
956 1713 1140 1757 besungen
1158 1713 1235 1753 hat,
1265 1713 1367 1746 starb
1383 1714 1453 1747 549
1473 1714 1520 1746 ab
1539 1715 1581 1749 U.

99 1770 132 1792 c.
184 1760 305 1792 Unter
342 1760 484 1794 andern
509 1760 676 1794 Stiicken
711 1761 818 1796 hatte
851 1772 892 1793 er
926 1761 1023 1795 euch
1052 1762 1157 1794 einen
1184 1763 1367 1794 Hector
1391 1761 1581 1805 geschrie-

98 1807 172 1840 ben
201 1807 294 1840 oder
321 1807 422 1841 doch
449 1807 507 1841 ein
534 1807 767 1853 Schauspicl‚
796 1809 910 1842 worin
939 1809 1062 1844 dieser
1090 1809 1257 1843 voi-kam.
1320 1812 1358 1847 S.
1392 1811 1496 1844 Brut.
1524 1812 1582 1849 15,

97 1856 155 1891 60.
185 1856 241 1897 19,
268 1856 326 1891 75.
356 1857 412 1891 76.
441 1857 587 1890 Gellius
614 1857 643 1898 Ι,
671 1857 730 1893 24.
758 1857 831 1898 111,
858 1859 892 1892 3.

190 1904 224 1938 8.
250 1904 343 1947 quod
366 1904 533 1938 nonnulli
556 1915 665 1948 saepe
691 1905 970 1950 reprehendunt.
1031 1907 1120 1940 Ern.
1155 1905 1255 1939 coni.
1290 1918 1324 1951 q.
1361 1908 1527 1941 nonnulli
1549 1918 1582 1945 s.

101 1950 432 1994 reprehenderunt3
479 1953 704 1997 Mart.-Lag.
734 1953 832 1986 coni.
861 1953 947 1987 Sch.
975 1955 1066 1988 Liin.
1095 1965 1125 1997 q.
1154 1954 1260 1988 multi
1284 1965 1314 1989 s.
1344 1955 1584 1999 reprehende-

101 2003 198 2036 runt.
247 2018 291 2024 —
341 2000 450 2033 scrib.
493 2000 571 2043 ipse
609 2001 652 2033 ‹le
688 2012 754 2035 me.
804 2002 882 2036 Auf
919 2003 981 2036 das
1015 2003 1183 2036 Gedieht
1221 2003 1266 2035 de
1293 2004 1486 2038 consulatu
1518 2016 1584 2037 suo

100 2048 236 2080 nimmt
261 2059 303 2081 ex·
327 2048 434 2081 keine
459 2049 688 2090 Rueksicht‚
714 2050 804 2083 weil
830 2061 867 2082 es
892 2051 1028 2084 Nichts
1056 2050 1304 2083 historisches
1332 2063 1427 2093 war-3
1454 2054 1582 2085 seineu

100 2095 374 2128 Griechischen
403 2097 701 2130 Commentarius
735 2098 792 2138 (s.
821 2110 880 2144 ep.
912 2099 1046 2140 XXIV)
1076 2099 1247 2131 erwfihnt
1274 2110 1316 2132 er
1341 2101 1466 2143 nicht,
1501 2102 1585 2134 weil

100 2155 138 2179 es
170 2143 250 2176 sich
283 2143 367 2176 hier
400 2155 462 2177 um
488 2145 574 2177 eine
607 2145 825 2179 Lateinisch
853 2146 1122 2190 geschriebene
1150 2147 1381 2181 Geschichte
1408 2149 1583 2190 handelt3

100 2191 172 2224 den
198 2192 314 2234 Plan,
348 2191 457 2225 einen
483 2192 748 2226 Lateinischen
776 2195 1082 2228 Commentarius
1107 2206 1149 2227 zu
1176 2194 1396 2237 schreiben,
1433 2197 1586 2230 scheint

101 2250 141 2273 er
167 2240 401 2285 ausgegeben
436 2241 526 2274 oder
553 2243 779 2289 wenigstens
806 2243 900 2277 ietzt
933 2244 1032 2276 noch
1068 2243 1175 2276 nicht
1200 2245 1421 2288 ausgefiilirt
1447 2258 1490 2278 zu
1517 2246 1583 2278 ha-

103 2288 187 2321 ben.
215 2306 262 2311 —-
312 2289 508 2322 multorum
535 2313 542 2321 .
571 2316 578 2322 .
607 2314 615 2322 .
644 2292 808 2333 exemplo
847 2292 1009 2324 virorum
1036 2304 1067 2324 z.
1094 2292 1133 2324 Β.
1161 2291 1224 2325 des
1250 2293 1367 2333 Sulla,
1418 2295 1584 2327 wclchcr

100 2335 486 2381 Dcnkwiirdigkeiten
514 2348 579 2370 aus
606 2338 727 2371 seiner
753 2339 834 2371 Zeit
860 2340 896 2372 in
922 2341 968 2374 22
994 2340 1181 2381 michem,
1207 2341 1283 2373 und
1311 2342 1372 2375 des
1398 2343 1452 2375 M.
1473 2345 1585 2376 Scau-

102 2395 183 2423 rus,
229 2383 294 2418 der
328 2386 406 2417 sein
443 2385 593 2432 eigcnes
627 2386 752 2420 Leben
786 2387 823 2420 in
853 2389 875 2422 3
901 2388 1075 2420 Biichern
1108 2389 1354 2433 geschrieben
1388 2391 1505 2423 hatte.
1538 2409 1585 2415 —

103 2435 186 2465 ante
211 2432 283 2466 lud.
309 2433 434 2472 miss„
475 2445 540 2466 vor
565 2433 652 2467 dem
678 2434 851 2468 Schlusse
877 2435 942 2468 der
966 2436 1101 2481 Spiele.
1129 2455 1171 2461 --
1205 2448 1243 2471 se
1275 2438 1359 2481 ipsi.
1417 2439 1477 2471 Sic
1505 2440 1583 2473 Md.

34 2512 36 2515 ,
101 2480 204 2512 Vict.
232 2483 264 2514 1.
291 2482 324 2516 2.
350 2481 426 2524 ipsi
449 2490 496 2514 se.
526 2483 623 2519 Cett.

163 2569 172 2573 ᾖ
198 2527 236 2562 9.
280 2529 314 2561 si
341 2539 410 2561 rec.
438 2539 535 2564 cccuS.
562 2539 614 2572 n.‚
651 2542 764 2564 wenn
792 2532 853 2564 Du
887 2532 985 2566 Dich
1020 2543 1173 2567 unserex·
1205 2534 1425 2572 nnnimmst,
1466 2534 1585 2567 moine

107 2574 209 2607 nitte
234 2576 438 2612 uusffihrst.
491 2578 539 2611 So
567 2578 738 2612 nachlner
763 2582 796 2613 si
821 2581 975 2625 suscipis
1001 2593 1157 2615 causam.
1185 2601 1230 2605 —
1263 2583 1416 2618 ‹miro-e.
1447 2594 1510 2616 cur
1537 2598 1583 2614 22⁷

108 2622 219 2666 quod.
272 2622 306 2656 S.
333 2625 484 2658 Ramsh.
513 2626 546 2669 ξ.
576 2627 653 2660 174.
683 2628 759 2673 vgl.
788 2629 833 2660 nd
860 2631 944 2666 Div.
976 2630 1056 2670 vll,
1083 2632 1138 2664 27.
1167 2632 1318 2664 Terent.
1349 2632 1461 2663 Andr.
1489 2632 1520 2669 l,
1552 2634 1583 2666 1.

107 2671 163 2704 76.
193 2669 269 2702 Cic.
296 2671 457 2717 Philipp.
487 2674 538 2714 11,
565 2675 622 2708 20.
651 2676 745 2708 l'lin.
775 2678 842 2722 Ep.
873 2678 943 2716 111,
970 2679 1002 2712 5.
1031 2679 1160 2713 Horat.
1190 2689 1246 2722 ep.
1274 2678 1298 2713 l,
1325 2681 1358 2715 b,
1385 2681 1417 2713 9.
1446 2698 1487 2703 —
1522 2685 1582 2723 pe-

109 2722 235 2755 tamus,
261 2717 453 2753 wohinter
480 2723 705 2766 uiisgelassen
732 2725 780 2758 ist
805 2726 907 2764 scito,
936 2738 974 2759 so
1004 2726 1122 2767 wisse,
1151 2726 1298 2758 worunf
1321 2726 1414 2758 dcun
1442 2728 1583 2770 cigent-

108 2766 187 2799 neh
214 2766 280 2800 der
298 2769 428 2802 Aecus.
458 2780 488 2803 c.
517 2771 623 2805 Insiu.
652 2771 758 2806 hiitte
785 2773 912 2818 solgcn
939 2776 1105 2808 musscu:
1133 2774 1235 2807 illam
1263 2785 1326 2808 nos
1352 2775 1584 2819 cupiditatem
