1742 3006
149 83 238 130 102
431 83 494 125 M.
527 84 584 127 T.
614 79 956 127 CICERONIS
983 81 1353 128 EPISTOLAE.

144 198 294 240 Unum
340 195 645 252 reprehendo,
691 195 809 250 quod
860 197 1000 239 otium
1047 209 1072 238 e
1110 197 1259 239 Gallia
1301 196 1497 238 nuntiari
1544 212 1630 240 non

142 266 301 308 magno
323 266 456 307 opere
484 251 656 307 gaudet.
707 252 854 308 Cupit,
884 253 1036 305 credo,
1065 253 1366 308 triumphare:⁴
1409 252 1511 294 Hoc
1539 256 1630 296 vel-

141 310 232 352 lem
257 308 551 358 mediocrius3
570 312 720 350 cetera
741 309 930 364 egregia.
974 307 1079 350 Auli
1097 307 1218 350 filius
1230 323 1335 351 vero
1355 310 1419 350 ita
1439 322 1486 351 se
1497 312 1628 365 gerit,

144 369 192 407 ut
201 366 293 407 eius
307 365 558 407 consulatus
569 378 655 407 non
666 365 916 406 consulatus
928 364 1002 417 sit,
1025 363 1104 406 sed
1113 364 1268 421 Magni
1278 366 1421 407 nostri
1432 363 1629 409 ὑπώπιον.

144 422 219 463 De
249 422 359 462 meis
389 421 594 475 scriptis,
634 422 737 462 misi
767 421 824 462 ad
852 425 897 463 te
927 421 1102 462 Graece
1142 421 1389 476 perfectum
1427 422 1628 463 consula-

142 481 235 519 tum
264 490 425 518 meum.
484 477 601 518 Eum
633 477 794 518 librum
822 476 876 519 L.
909 477 1114 518 Cossinio
1144 477 1263 520 dedi.
1321 478 1439 520 Puto
1467 481 1513 519 te
1542 476 1629 520 La-

141 533 248 574 tinis
277 533 386 574 meis
411 532 649 584 delectari3
679 533 785 574 huic
810 537 955 574 autem
975 533 1147 575 Graeco
1166 534 1387 575 Graecum
1412 533 1627 576 invidere.

140 589 234 630 Alii
262 589 302 630 si
331 589 619 643 scripserint,
648 590 871 631 mittemus
901 588 958 629 ad
986 592 1055 639 te5
1097 589 1199 642 sed,
1228 589 1339 630 mihi
1377 590 1510 631 crede
1527 621 1541 642 ,
1569 591 1628 632 si-

139 645 231 685 mul
260 648 390 700 atque
417 645 504 686 hoc
531 649 732 687 nostrum
760 647 980 700 legerunt,
1018 645 1170 686 nescio
1200 659 1284 700 quo
1325 650 1456 700 pacto
1486 651 1627 688 retar-

141 700 319 742 dantur.
365 700 498 742 Nunc
533 724 579 731 —
608 705 656 742 ut
685 701 742 743 ad
762 715 856 743 rem
885 713 1028 742 meam
1047 701 1225 742 redeam
1255 725 1307 732 —
1336 701 1390 744 L.
1413 702 1627 757 Papirius

139 757 320 809 Paetus,
349 757 421 799 vir
449 758 588 799 bonus
610 761 867 812 amatorque
894 761 1060 810 noster,
1090 756 1201 798 mihi
1229 757 1366 799 libros
1397 771 1488 808 eos,
1518 772 1627 812 quos

140 812 237 854 Ser.
279 813 493 855 Claudius
531 814 733 868 reliquit,
772 814 966 856 donavit.
1026 813 1175 864 Quum
1213 813 1325 853 mihi
1366 826 1447 867 per
1485 814 1628 867 legem

140 869 344 910 Cinciam
374 870 511 911 licere
542 883 702 925 capere
731 869 912 912 Cincius
950 870 1119 911 amicus
1148 874 1248 910 tuus
1278 869 1462 923 diceret,
1492 869 1628 911 liben-

138 928 210 967 ter
238 925 333 966 dixi
361 939 432 967 me
459 931 765 981 accepturum,
795 927 834 968 si
863 926 1096 968 attulisset.
1153 925 1283 967 Nunc
1311 926 1351 967 si
1379 939 1450 966 me
1488 939 1626 978 amam,

137 981 177 1022 si
206 984 251 1023 te
281 994 308 1022 a
335 995 406 1023 me
436 984 579 1024 amari
606 983 710 1034 scis,
741 983 909 1025 enitere
929 996 1009 1037 per
1037 981 1221 1034 amicos,
1246 981 1447 1033 clientes,
1476 981 1627 1037 hospi-

136 1041 220 1088 tes,
249 1037 434 1080 libertos
463 1038 653 1094 denique
683 1052 736 1080 ac
774 1052 927 1082 servos
956 1043 1072 1090 tuos,
1102 1042 1150 1079 ut
1191 1037 1317 1080 scida
1344 1051 1399 1080 ne
1426 1051 1514 1093 qua
1551 1039 1625 1080 de-

232 1196 267 1232 5.
295 1197 416 1238 otium,
442 1197 563 1232 Ruhe.
619 1197 656 1233 S.
685 1209 743 1245 ep.
771 1197 901 1238 XXIV,
928 1199 961 1234 2.
987 1216 1032 1223 -
1057 1197 1275 1231 mediocrius
1300 1197 1379 1231 scil.
1407 1207 1560 1243 cupere,
1586 1208 1625 1232 es

135 1245 238 1278 wiire
264 1243 346 1278 ihm
372 1244 686 1294 gleichgiiltiger.
714 1265 757 1271 —·
791 1250 910 1280 cetera
937 1246 1093 1288 egregia
1118 1246 1142 1280 i.
1170 1256 1205 1284 e.
1232 1245 1272 1278 in
1307 1245 1444 1279 ceteris
1470 1246 1626 1293 egregie

134 1302 172 1325 se
199 1292 312 1340 gerit.
328 1311 373 1318 —
399 1293 491 1327 Auli
507 1295 626 1337 filius,
651 1294 840 1328 Afranius.
866 1312 910 1319 —
935 1290 1115 1335 ὑπώπιον,
1142 1294 1303 1334 macula,
1329 1294 1413 1326 eine
1431 1293 1626 1327 Brausche

134 1341 187 1372 im
214 1340 372 1375 Gesicht
397 1341 460 1374 des
488 1342 697 1388 Pompeius,
723 1342 792 1376 der
817 1341 884 1374 ibn
904 1341 976 1375 mit
990 1342 1140 1375 Gewalt
1165 1353 1252 1374 zum
1280 1341 1422 1375 Consul
1448 1340 1626 1387 gemacht

133 1386 213 1421 hat.
252 1390 286 1425 S.
314 1400 371 1434 ep.
398 1388 502 1432 XXI,
531 1392 585 1426 11.
643 1383 745 1425 Uber
768 1385 933 1423 ὑπώπιον
957 1402 993 1423 u.
1017 1385 1239 1430 ὑπωπιάζειν
1271 1402 1299 1424 s.
1325 1389 1428 1423 Bosii
1453 1390 1624 1424 exercitt.

133 1435 173 1469 in
198 1446 289 1473 nov.
317 1443 466 1472 testam.
493 1449 550 1484 ep.
578 1441 609 1474 1.
638 1439 685 1472 ad
713 1437 887 1472 Corinth.
917 1438 981 1477 IX,
1007 1439 1064 1473 27.

228 1486 261 1520 6.
288 1484 345 1518 De
368 1486 459 1519 meis
482 1486 643 1531 scriptis,
671 1499 749 1522 was
774 1487 897 1519 meina
924 1485 1123 1520 Schriften
1149 1484 1309 1520 betrifft.
1336 1505 1383 1511 —
1406 1485 1623 1529 perfectum,

133 1532 264 1566 hamb.
299 1545 399 1579 susp.
429 1536 694 1580 perscriptum,
735 1535 837 1580 quod
870 1535 961 1568 Ern.
987 1534 1097 1579 prob.
1137 1534 1221 1568 Vid.
1247 1544 1307 1579 ep.
1332 1534 1466 1575 XXIV,
1495 1535 1550 1571 10.
1577 1553 1624 1559 —

135 1580 317 1614 Cossinio.
345 1582 380 1616 S.
408 1593 464 1628 ep.
490 1584 623 1627 XXIV,
651 1586 706 1618 11.
734 1603 777 1609 -
817 1582 1017 1624 Graecum,
1044 1583 1169 1615 Kiirze
1207 1582 1269 1615 des
1295 1581 1510 1615 Ausdrucks
1535 1587 1625 1615 statt

132 1639 250 1672 quum
277 1630 443 1663 Graecus
468 1631 536 1675 sis,
571 1631 617 1665 da
643 1631 693 1665 du
718 1632 778 1664 ein
811 1641 850 1663 so
885 1635 994 1676 guter
1021 1629 1183 1665 Grieehe
1218 1630 1302 1664 bist.
1331 1647 1374 1654 -
1408 1630 1625 1674 scripserint

128 1677 174 1710 de
211 1678 408 1711 consulatu
433 1690 529 1713 meo.
557 1697 598 1703 —
625 1680 778 1721 retard„
816 1690 855 1712 so
882 1677 1042 1725 vei-geht
1068 1677 1187 1711 ihnen
1213 1677 1271 1711 die
1298 1678 1389 1712 Lust
1413 1677 1485 1711 mit
1519 1676 1625 1712 ihrer

131 1725 292 1774 eigenen
325 1725 457 1760 Arbeit
483 1726 759 1761 fortzusahren.

229 1775 262 1807 7.
289 1772 333 1807 L.
360 1774 488 1818 Papir.
515 1775 663 1817 Paetus,
702 1787 748 1808 an
774 1773 948 1809 welchen
985 1774 1109 1821 einige
1136 1773 1374 1808 scherzhafte
1400 1773 1526 1808 Briefe
1563 1785 1621 1820 ep.

131 1821 272 1857 15—26
298 1822 351 1855 im
378 1823 426 1856 IX
451 1824 490 1857 B.
519 1824 565 1857 ad
590 1824 735 1858 Divers.
772 1823 1022 1870 geschrieben
1047 1822 1144 1865 sind,
1180 1833 1323 1857 woraus
1349 1834 1436 1856 man
1463 1820 1620 1863 ersieht‚

130 1870 211 1903 dass
245 1879 288 1903 er
319 1870 378 1903 ein
405 1872 598 1919 witziger‚
639 1871 833 1919 gelehrter
857 1871 1075 1917 Epikureer
1106 1882 1198 1905 war.
1230 1890 1278 1896 —
1311 1875 1454 1904 amator
1487 1874 1621 1912 noster,

132 1917 215 1950 edd.
242 1917 323 1951 Asc.
353 1921 383 1953 l.
409 1920 512 1953 Vict.
542 1922 573 1954 l.
600 1920 712 1953 Herv.
740 1920 868 1953 nostri.
897 1939 936 1946 —-
980 1919 1129 1953 Servius
1156 1918 1333 1952 Claudius
1358 1918 1503 1960 (hamb.
1534 1917 1622 1951 clo-

131 1966 235 2008 dius)
267 1977 346 1999 war
380 1967 446 2001 der
479 1967 719 2002 Stiesbruder
752 1968 842 2002 oder
868 1968 928 2001 ein
956 1966 1308 2003 Geschwisterkind
1340 1976 1413 2000 von
1439 1967 1481 1999 L.
1507 1965 1622 2011 Papi-

131 2014 210 2047 rius
236 2014 387 2056 Paetus,
422 2027 457 2048 u.
487 2016 547 2049 ein
580 2015 669 2050 sehr
701 2016 895 2050 belesener
928 2015 1112 2050 Kritiker.
1163 2015 1198 2048 S.
1231 2014 1277 2048 ad
1303 2015 1439 2049 Famil.
1465 2014 1531 2054 lX,
1562 2015 1620 2049 16.

131 2079 177 2085 —
212 2062 350 2096 Lucius
379 2063 549 2107 Cincius,
582 2064 650 2098 der
682 2065 905 2098 Procurator
941 2065 1003 2098 des
1037 2062 1199 2097 Attikus.
1244 2062 1279 2096 S.
1313 2063 1359 2096 ad
1384 2062 1496 2096 Attio.
1526 2065 1557 2104 1,
1586 2063 1619 2097 8.

131 2110 165 2144 9.
192 2111 248 2144 22.
275 2128 322 2135 -
352 2122 421 2154 per
454 2112 576 2155 legem
604 2112 780 2146 Cinciam.
830 2113 905 2146 Ein
932 2114 1074 2160 artiger
1099 2111 1259 2153 Scherz,
1292 2110 1355 2144 ein
1381 2110 1619 2156 Wortspiel,

132 2158 185 2190 als
212 2157 258 2190 ob
291 2158 358 2192 der
385 2159 475 2193 Luc.
513 2160 666 2195 Cincius
699 2162 771 2194 wie
798 2161 860 2195 ein
892 2160 1145 2195 Verwandter
1189 2159 1249 2193 die
1287 2160 1352 2192 lex
1394 2158 1525 2192 Cincia
1558 2169 1620 2191 am

131 2204 359 2252 richtigsten
386 2207 560 2242 erkl'ziren
585 2208 737 2242 konnte.
780 2210 888 2244 Denn
909 2209 1043 2245 Cicero
1069 2207 1252 2242 brauchte
1277 2205 1384 2241 wohl
1408 2205 1517 2240 nicht
1543 2211 1622 2240 erst

133 2254 205 2287 den
235 2254 385 2288 Cincius
411 2267 458 2288 zu
483 2258 644 2304 frag-en,
678 2257 723 2291 ob
750 2257 811 2290 das
839 2258 973 2292 Gesetz
1010 2256 1126 2290 seines
1153 2257 1523 2300 Nannensgenossen,
1556 2253 1621 2287 des

132 2302 186 2335 Μ.
217 2302 389 2342 Cincius,
423 2314 461 2336 es
486 2305 652 2347 erlwbe,
680 2306 744 2339 das
770 2304 964 2339 erw‘zihnte
991 2303 1194 2340 Geschenk
1231 2303 1493 2336 anzunehmen
1530 2302 1621 2335 oder

132 2348 250 2383 nicht.
310 2351 422 2385 Diese
455 2353 518 2385 lex
552 2352 683 2386 Cincia
724 2354 769 2387 de
796 2354 902 2387 donis
931 2364 972 2387 ac
1004 2352 1247 2392 muneribus,
1298 2361 1384 2384 vom
1423 2350 1621 2384 Tribunen

131 2398 185 2430 M.
215 2399 364 2432 Cincius
398 2400 468 2434 550
504 2401 698 2448 gegeben,
746 2402 885 2436 lautete
929 2401 1028 2434 nach
1069 2401 1188 2434 Tacit.
1214 2399 1347 2434 Annal.
1373 2399 1475 2440 XIII,
1501 2399 1547 2432 212
1579 2410 1617 2433 u.

130 2445 194 2485 XI,
222 2447 263 2481 5:
300 2458 347 2480 ne
374 2449 456 2492 quis
483 2449 529 2481 ob
556 2460 704 2482 causam
739 2451 915 2483 orandam
943 2450 1039 2482 dona
1066 2455 1102 2481 et
1128 2458 1283 2482 munera
1310 2447 1447 2492 capiat,
1484 2446 1620 2480 verbot

131 2494 209 2528 also
236 2494 308 2527 den
335 2494 595 2529 Saehwaltern
621 2508 656 2529 u.
685 2497 1025 2531 Gerichtsrednern
1052 2497 1271 2531 Geschenke
1297 2507 1345 2528 zu
1370 2493 1546 2528 nehmen.
1581 2493 1618 2527 S.

132 2541 177 2574 de
205 2542 304 2576 Orat.
331 2544 380 2585 ll,
408 2547 462 2579 71.
491 2544 535 2577 de
561 2546 644 2577 Sen.
672 2556 704 2578 c.
731 2546 763 2578 4.
790 2547 874 2580 Liv.
900 2547 958 2587 34,
985 2546 1018 2580 4.
1045 2545 1091 2578 ad
1115 2545 1228 2578 Attio.
1255 2545 1319 2582 IV,
1348 2544 1402 2578 16.
1438 2541 1499 2576 Sie
1525 2553 1619 2575 wur-

131 2589 177 2622 de
203 2600 290 2623 vom
316 2592 461 2639 August
487 2598 661 2625 erneuert
687 2594 781 2625 nach
809 2595 892 2628 Dio.
920 2596 977 2636 54,
1005 2594 1059 2628 18.
1089 2594 1181 2626 Plin.
1212 2604 1270 2637 ep.
1298 2591 1333 2634 5,
1360 2593 1417 2626 21.
1445 2590 1527 2637 vgl.
1555 2589 1619 2622 Sa-

132 2637 251 2684 vigny
270 2638 308 2669 in
327 2640 548 2674 zeitschrift
558 2642 623 2674 fiir
641 2641 821 2687 gerichtl.
845 2642 1086 2675 Rechtswiss.
1106 2640 1173 2681 IV,
1194 2644 1222 2675 1.
1245 2658 1289 2665 —-
1316 2639 1349 2672 si
1364 2639 1555 2673 attulisset.
1582 2635 1617 2670 S.

133 2685 319 2727 Grotef.§.
332 2688 412 2722 421.
427 2709 467 2714 —
499 2690 531 2721 si
543 2699 597 2721 me
607 2699 709 2722 amas
726 2696 811 2733 cet„
831 2691 979 2723 Ascens.
994 2693 1023 2723 l.
1039 2691 1139 2724 Crat.
1152 2690 1301 2722 siamus
1316 2698 1382 2729 me,
1400 2687 1434 2719 si
1444 2691 1477 2719 Ie
1498 2685 1620 2718 amari

134 2745 155 2766 α
172 2743 290 2765 me.-—
307 2740 343 2767 ut
363 2738 466 2769 scida
479 2741 660 2780 ...ρει-θαι.
690 2738 842 2772 Servius
856 2739 1035 2773 claudius
1049 2738 1199 2771 scheint
1217 2736 1411 2769 auseinem
1422 2734 1618 2780 Landguto

135 2781 172 2814 in
191 2781 330 2827 Epirus
354 2784 453 2819 diese
474 2784 623 2820 Buchcr
641 2786 912 2832 nachgelnssen
927 2799 974 2821 zu
992 2785 1129 2825 huben.
1157 2796 1195 2820 so
1211 2785 1292 2819 dass
1312 2784 1446 2820 Cicero
1463 2782 1535 2816 den
1553 2782 1615 2814 At-
