1742 3006
145 77 239 126 310
423 80 490 125 M.
519 80 577 124 T.
607 76 946 124 CICERONIS
975 76 1356 123 EPISTOLAE.

145 191 329 235 Milonis
357 190 560 245 domum,
606 203 731 245 eam,
770 205 881 248 quae
912 193 981 235 est
1008 191 1054 233 in
1083 191 1320 242 Cermalo,
1349 190 1496 247 pridie
1525 192 1627 238 Idus

145 248 383 292 Novembr.
413 259 667 303 expugnare
695 253 742 290 et
769 248 1007 290 incendere
1035 248 1099 290 ita
1126 253 1309 291 conatus
1338 252 1428 302 est,
1477 252 1528 291 ut
1552 263 1629 305 pa-

145 306 236 347 lam
272 305 385 346 hora
420 317 460 346 v.
497 316 597 345 cum
636 305 773 347 scutis
810 304 1035 356 homines,
1082 303 1252 346 eductis
1289 303 1477 360 gladiis,
1518 305 1628 350 alios

146 374 248 403 cum
285 361 485 403 accensis
526 359 698 403 facibus
739 360 988 402 adduxerit.
1058 360 1162 416 Ipse
1191 361 1371 403 domum
1397 361 1454 404 P.
1483 359 1631 405 Sullae
1687 397 1694 407 .

145 431 229 472 pro
266 416 428 458 castris
465 416 551 457 sibi
588 417 646 458 ad
684 430 782 459 eam
818 417 1193 472 impugnationem
1223 419 1454 459 sumserat.
1511 418 1631 460 Tum

145 486 201 514 ex
227 473 430 514 Anniana
459 471 645 515 Milonis
673 474 807 515 domo
837 472 895 522 Q.
924 473 1112 515 Flaccus
1141 473 1293 515 eduxit
1327 474 1450 516 viros
1479 486 1630 526 acres;

145 528 315 570 occidit
350 528 550 571 homines
589 543 644 572 ex
683 529 802 572 omni
840 529 1076 571 latrocinio
1105 529 1324 571 Clodiano
1353 529 1628 573 notissimos:

144 584 289 638 ipsum
317 585 497 640 cupivit,
528 586 609 627 sed
628 585 704 627 ille
730 599 778 628 se
805 585 852 627 in
875 585 1093 626 interiora
1118 585 1293 627 aedium
1316 585 1479 628 Sullae.
1511 586 1631 629 Exin

145 639 335 682 Senatus
363 641 581 696 postridie
610 642 742 684 Idus:
773 640 893 683 domi
923 641 1134 684 Clodius:
1174 643 1377 696 egregius
1407 641 1633 685 Marcelli-

143 709 244 750 nus,
274 710 423 738 omnes
452 710 588 739 acres.
645 698 850 740 Metellus
882 698 1100 739 calumnia
1128 697 1304 739 dicendi
1332 702 1503 753 tempus
1532 713 1634 741 exe-

140 751 238 806 mit,
269 752 506 795 adiuvante
534 753 696 809 Appio,
727 755 860 796 etiam
890 753 1072 798 hercule
1102 753 1316 796 familiari
1343 757 1446 804 tu03
1475 755 1530 797 de
1559 768 1630 797 cu-

142 953 195 998 11,
221 955 301 990 191.
327 956 495 992 Martial.
522 957 588 999 XI,
615 958 672 1000 10,
698 956 735 993 2.
762 956 901 991 Lucan.
929 958 960 992 1.
978 957 1062 1000 538,
1089 957 1241 990 Patron.
1268 955 1334 993 29:
1360 954 1486 989 omnia
1510 954 1636 1001 pictor

143 1002 372 1038 reddiderat.
399 1023 447 1031 —-
494 1005 534 1039 in
561 1005 753 1046 German),
796 1006 864 1040 auf
888 1005 972 1039 dem
998 1005 1122 1049 Hiigel
1149 1004 1367 1044 Germalus‚
1403 1014 1460 1037 wo
1487 1003 1633 1039 Annius

143 1051 239 1085 Milo
266 1051 328 1086 ein
356 1055 455 1088 Hans
483 1054 628 1094 besass3
678 1064 718 1086 er
743 1054 904 1087 wohnte
929 1054 1021 1087 aber
1045 1054 1154 1087 nicht
1178 1055 1245 1095 da,
1270 1052 1431 1086 sondern
1457 1051 1496 1085 in
1524 1052 1635 1087 domo

142 1098 326 1134 Anniana.
375 1101 412 1135 S.
440 1102 526 1135 bald
552 1100 735 1135 nachher.
778 1104 955 1135 Ceterum
980 1113 1098 1147 aeque
1122 1108 1228 1136 recte
1254 1100 1399 1135 scribas
1425 1111 1512 1134 cum
1533 1111 1634 1134 mar.

142 1147 228 1191 gine
266 1149 379 1186 1584:
423 1148 460 1183 in
487 1149 677 1191 Cermal03
716 1148 789 1184 cfr.
818 1151 949 1184 Goller
987 1149 1034 1183 ad
1059 1150 1145 1187 Liv.
1171 1151 1240 1190 33,
1266 1160 1305 1194 p.
1336 1149 1416 1182 114.
1460 1149 1633 1182 Germalo

142 1196 283 1229 servavi
315 1204 474 1243 propter
510 1197 777 1231 auctoritatem
805 1199 935 1233 Codic.
963 1198 1106 1232 decurt.
1135 1196 1332 1232 ORELLI.
1363 1213 1412 1220 —·
1439 1196 1542 1240 prid.
1575 1197 1633 1232 Id.

141 1242 255 1285 Nom,
296 1256 357 1279 am
393 1247 501 1281 12ten
535 1245 762 1281 November.
801 1265 844 1272 —
883 1245 975 1280 hora
1011 1258 1065 1289 v.,
1109 1257 1176 1280 um
1212 1248 1256 1280 11
1283 1244 1378 1279 Uhr.
1405 1262 1450 1270 —
1483 1245 1634 1279 eductis.

140 1292 276 1325 Lamb.
310 1296 344 1327 et
377 1293 527 1328 eductis.
561 1294 642 1328 Md.
669 1294 786 1329 Oxou.
820 1297 852 1330 1.
879 1297 913 1330 2.
940 1294 1048 1328 Amb.
1076 1295 1134 1330 16.
1171 1294 1269 1328 Iens.
1294 1293 1380 1327 Asc.
1409 1295 1441 1328 1.
1474 1293 1574 1327 vict.
1603 1293 1634 1326 1.

141 1340 311 1378 deductis,
339 1361 383 1367 —
411 1342 457 1377 Ρ.
484 1342 622 1377 Sullae.
675 1340 761 1375 Vid.
790 1352 847 1388 ep.
874 1342 1037 1384 CXLIX,
1063 1342 1097 1376 5.
1129 1359 1178 1367 --
1220 1342 1260 1377 Q.
1286 1340 1454 1375 Flaccus.
1503 1340 1633 1385 Vergl.

141 1387 175 1432 §.
200 1390 225 1422 4
249 1399 310 1422 arn
335 1389 450 1426 Ende.
475 1408 525 1415 —-·
569 1389 743 1424 Anniana
769 1391 886 1433 domo,
920 1401 997 1424 was
1022 1390 1121 1425 Milo
1147 1401 1220 1423 von
1246 1388 1386 1422 seinem
1413 1389 1636 1422 Grossvater

139 1437 280 1470 Annius
307 1439 442 1482 geerbt
466 1439 579 1472 hatte.
608 1457 655 1464 -
687 1438 806 1482 ipsum
833 1439 1010 1473 Clodium
1043 1438 1200 1483 cupivit,
1226 1437 1297 1471 mit
1322 1437 1407 1470 dem
1432 1437 1547 1473 bloss.
1572 1447 1637 1471 ac·

144 1497 243 1528 cus„
285 1487 357 1521 wie
385 1487 552 1521 Tuscull.
580 1487 643 1529 IV,
671 1489 727 1522 17.
765 1487 930 1533 Philipp.
957 1486 1061 1529 XIV,
1096 1489 1115 1521 1
1151 1486 1242 1520 oder
1268 1485 1381 1520 Infin.
1407 1486 1636 1529 interficere,

143 1534 319 1567 occidere
346 1536 492 1580 cupivit,
519 1535 589 1569 wie
613 1535 766 1569 Verrin.
793 1537 856 1578 lv,
883 1538 939 1571 12.
976 1553 1019 1559 —
1052 1534 1191 1569 Sullae.
1214 1534 1326 1569 Exin.
1360 1534 1505 1568 Locum
1536 1533 1635 1567 hunc

141 1582 321 1616 constitui
352 1584 527 1630 proxime
560 1583 607 1617 ad
642 1589 720 1629 opt.
749 1584 814 1618 cd.
841 1584 981 1617 decurt.
1011 1584 1108 1617 coni.
1134 1593 1232 1616 mea.
1292 1582 1367 1615 Pro
1401 1582 1485 1615 exin
1517 1583 1636 1627 possis

141 1630 256 1664 etiam
283 1631 385 1674 dein3
413 1633 477 1666 scd
503 1632 597 1665 illud
624 1632 774 1665 facilius
802 1632 1114 1676 corrumpebatur
1138 1631 1178 1664 in
1204 1640 1254 1663 se.
1281 1630 1332 1663 in.
1392 1630 1441 1663 Et
1467 1631 1550 1663 exin
1576 1638 1633 1665 est

140 1680 178 1712 in
205 1679 398 1714 simillimo
424 1682 511 1714 loco
538 1681 582 1714 de
607 1680 771 1714 Divinat.
800 1682 831 1714 1.
859 1682 888 1724 ἓ.
915 1681 973 1714 55.
998 1680 1132 1714 Senatu
1157 1678 1387 1723 scripserunt
1420 1689 1491 1723 pro
1516 1678 1632 1713 Sena-

142 1731 199 1761 tus
232 1727 338 1770 (scil.
377 1728 566 1772 „habitus
593 1729 712 1770 est“)‚
750 1728 865 1761 semel
893 1739 1007 1773 quum
1039 1729 1274 1760 aberrassent
1298 1727 1335 1759 in
1362 1732 1459 1771 part.
1491 1726 1541 1760 in.
1591 1727 1638 1760 In

140 1781 228 1822 post
270 1776 453 1810 interiora
489 1776 657 1810 additum
690 1781 766 1818 est,
811 1782 853 1809 ut
894 1787 1019 1810 sensus
1056 1776 1289 1820 aliquatenus
1324 1774 1396 1807 sibi
1431 1780 1633 1814 constaret,

142 1835 258 1870 quum
292 1825 422 1857 eadem
457 1825 685 1870 praepositio
719 1824 919 1858 excidisset
953 1830 1039 1857 ante
1073 1825 1157 1869 syll.
1189 1823 1239 1856 in.
1294 1823 1350 1856 Ad
1382 1833 1415 1856 v.
1449 1833 1489 1855 se
1520 1823 1635 1857 facile

142 1873 373 1917 cogitatione
392 1873 567 1917 suppleas
585 1872 735 1916 recepit,
755 1873 909 1913 abdidit,
937 1872 1126 1917 μνον-ὁρταὶ
1143 1878 1214 1905 cet.
1241 1870 1372 1905 Lamb.
1401 1871 1502 1906 1566.
1532 1871 1632 1905 aedi-

141 1932 200 1955 um
226 1921 369 1954 abdidit
394 1921 530 1955 Sullae.
580 1921 621 1954 Is
644 1920 683 1954 in
708 1930 737 1953 s.
781 1921 823 1954 In
849 1932 966 1965 marg.
996 1922 1087 1955 1584
1115 1920 1231 1953 delev.
1250 1919 1403 1952 abdidit.
1422 1920 1512 1952 Ern.
1532 1919 1633 1953 coni.

142 1967 286 2003 Schiitz
321 1969 385 2003 sed
414 1969 480 2003 ille
515 1969 556 2002 in
587 1968 655 2002 inl.
691 1968 847 2002 aedium.-
888 1969 995 2003 Sulla
1026 1969 1064 2002 2'11
1100 1972 1225 2001 senatu
1251 1973 1323 2000 cet.
1357 1972 1400 2000 ut
1433 1978 1512 2000 nos.
1564 1967 1636 2002 Sed

141 2016 308 2050 nondum
334 2017 456 2059 video,
486 2016 575 2063 quid
600 2016 799 2050 attinuerit
831 2028 1044 2050 memorare
1078 2017 1199 2050 Sullae
1231 2015 1482 2060 praesentiam
1514 2015 1553 2049 in
1579 2027 1636 2049 se-

142 2072 252 2106 natu,
302 2077 423 2110 neque
459 2076 502 2099 ea
533 2065 675 2098 mentio
709 2076 864 2111 prorsus
900 2076 1175 2110 supervacanea
1199 2064 1331 2109 prodit
1364 2075 1384 2096 e
1411 2065 1635 2110 corruptelis

143 2114 236 2150 Cdd.
269 2112 393 2147 Sullae
424 2124 473 2148 se.
514 2113 554 2147 in
577 2118 725 2156 senatu,
768 2114 873 2148 Sulla
899 2124 947 2147 se.
972 2114 1009 2147 in
1034 2124 1064 2147 s.
1115 2113 1180 2151 Ac,
1207 2112 1239 2145 si
1266 2110 1356 2157 quid
1381 2114 1635 2157 peccavimus,

144 2162 389 2195 coniecturae
423 2162 689 2196 coniecturam
725 2162 996 2195 substituimus.
1049 2160 1250 2195 ORELLI.
1285 2179 1328 2186 ——
1363 2160 1460 2194 domi
1486 2161 1636 2194 clodius

144 2221 185 2243 se
219 2210 423 2250 continuit,
459 2211 607 2244 mansit.
656 2228 704 2234 -
753 2210 929 2253 egregius
954 2224 1003 2242 z
1030 2210 1185 2255 egregie
1219 2209 1342 2242 oravit
1374 2209 1637 2250 Marcellinus,

142 2270 280 2304 quum,
325 2258 425 2303 quod
460 2250 550 2310 ⁶¹*-
577 2258 704 2292 consul
739 2258 975 2303 designatus,
1008 2255 1150 2304 primus
1175 2257 1400 2290 sententiam
1424 2263 1635 2302 rogaretur.

143 2325 188 2331 —
215 2317 321 2341 acres
346 2309 470 2349 fuere,
499 2317 619 2340 waren
647 2307 906 2351 ausgebracht.
943 2325 986 2331 —
1029 2307 1069 2341 Q.
1096 2306 1276 2340 ssffetellus
1303 2305 1489 2339 Caecilius
1514 2307 1637 2351 Nepos

141 2355 210 2388 der
222 2356 356 2390 Consul
372 2354 505 2388 suchte
524 2357 594 2388 mit
617 2355 831 2389 Schikanen
859 2367 895 2390 u.
917 2353 1048 2388 Reden
1067 2354 1126 2388 die
1145 2353 1229 2387 Zeit
1245 2352 1536 2398 hinzubringen.
1582 2354 1637 2387 Er

145 2404 284 2446 wollte,
301 2403 376 2437 wie
390 2404 485 2437 oben
516 2403 685 2437 erw'zihnt
701 2405 761 2443 ist,
790 2404 862 2437 den
888 2403 1040 2439 Clodius
1066 2408 1141 2436 erst
1167 2413 1249 2436 zum
1275 2401 1428 2435 Aedilen
1455 2400 1638 2435 erw'eihlen

148 2452 289 2492 lassen,
317 2451 436 2485 demit
462 2462 501 2484 er
528 2452 581 2484 als
607 2452 806 2497 Magistrat
831 2451 940 2485 nicht
965 2451 1066 2484 auch
1091 2462 1213 2496 wegen
1238 2449 1359 2483 seiner
1383 2450 1522 2482 letzten
1548 2451 1639 2483 Fre-

144 2501 203 2533 vel
228 2501 367 2534 konnte
392 2500 545 2544 belangt
571 2501 732 2534 werden.
763 2499 799 2534 S.
826 2501 902 2535 Dio
927 2501 989 2541 39,
1018 2499 1139 2532 Cicer.
1165 2510 1223 2544 ep.
1250 2497 1363 2532 CXL:
1388 2498 1464 2531 Res
1491 2497 1538 2530 ab
1564 2497 1633 2530 ad·

145 2549 323 2581 versariis
355 2549 493 2582 nostris
528 2554 695 2581 extracta
728 2554 782 2581 cst
819 2549 931 2583 variis
965 2547 1165 2580 calumniis
1191 2558 1227 2579 u.
1254 2557 1314 2591 ep.
1340 2546 1424 2579 XC:
1477 2546 1551 2580 Per
1575 2545 1638 2579 ob·

149 2601 369 2630 trectatores
397 2596 541 2630 Lentuli
568 2608 626 2629 res
652 2596 835 2631 calumnia
862 2600 1028 2632 extracta
1056 2599 1120 2628 esi.
1180 2595 1249 2628 Ein
1274 2606 1337 2628 um
1362 2593 1441 2626 sein
1470 2593 1637 2628 Gutach-

146 2652 213 2678 ten
242 2646 434 2691 befragter
459 2644 616 2678 Senator
642 2645 799 2684 konnte,
827 2656 867 2679 so
892 2644 999 2688 lange
1026 2643 1105 2676 ihm
1132 2643 1307 2684 beliebte‚
1333 2642 1462 2675 reden.
1511 2641 1547 2676 S.
1580 2652 1636 2685 ep.

147 2693 225 2727 XC.
250 2694 337 2729 Lib.
367 2694 423 2727 111
448 2692 494 2724 de
520 2694 634 2738 Legg.
662 2694 802 2726 Gellius
829 2694 897 2734 lV,
928 2694 1034 2726 10.-
1056 2692 1192 2736 Appio,
1220 2691 1344 2726 Clodii
1371 2691 1502 2731 fratre,
1527 2699 1638 2737 prae-

149 2748 245 2775 tore.
282 2761 325 2766 -—
353 2740 547 2784 familiari
573 2747 652 2780 tuo,
688 2742 897 2775 Hortensio.
933 2738 1096 2780 hercule,
1140 2740 1202 2774 bei
1229 2739 1343 2773 Gott!
1382 2749 1514 2784 sogar,
1554 2735 1638 2770 weil
