1742 3006
588 89 903 136 EPISTOLA
931 89 1060 136 xci.
1467 84 1559 135 317

310 201 626 249 EPISTOLA
655 201 782 246 xci.
843 202 932 253 (aa.
963 201 1069 245 niv.
1088 199 1200 245 vn.
1227 200 1316 253 26.)

12 297 14 302 ’
74 281 156 318 Scr.
188 281 231 318 in
262 281 472 317 Tusculano
501 278 543 315 A,
579 280 622 314 U.
648 279 691 314 C.
716 280 798 315 697.
832 278 881 319 (a.
909 277 954 314 G.
978 278 1056 320 57.)
1087 283 1128 312 ut
1160 276 1330 319 videtur,
1368 273 1558 311 incertum

639 333 766 361 tamen
790 337 864 372 quo
887 336 1029 360 mense.

97 398 244 435 Scribit
274 397 345 431 sibi
369 397 409 431 in
446 407 538 430 cena
570 394 740 439 augurali
772 393 918 429 Lentuli
944 389 1136 439 διᾶῤῥοιαν
1173 399 1410 427 contractam
1434 403 1526 438 esse,

198 447 358 492 ideoque
383 455 422 479 se
447 443 673 479 valetudinis
700 454 810 477 causa
834 443 875 478 in
900 442 1155 477 Tusculanum
1179 441 1329 487 fugisse.
1366 444 1411 477 1-
1426 443 1463 478 2.

553 529 737 565 CICERO
764 527 800 563 S.
826 529 874 564 D.
902 528 1083 563 GALLO.

8 629 10 635 ,
184 600 331 650 Quum
369 598 592 640 decimum
629 598 721 639 iam
761 596 883 638 diem
911 596 1115 651 graviter
1144 607 1205 636 ex
1235 595 1464 639 intestinis
1492 597 1559 638 la-

0 652 9 691 ιῖ
75 658 279 698 borarem
308 669 452 711 neque
481 655 564 708 iis,
594 655 673 710 qui
701 666 801 694 mea
829 666 965 707 opera
993 652 1062 694 uti
1091 652 1327 705 volebant,
1356 666 1427 694 me
1456 667 1560 707 pro-

0 710 2 763 ζ
76 714 227 752 barem
265 725 353 753 non
392 712 572 762 valere,
624 710 733 764 quia
770 709 932 750 febrim
972 721 1060 749 non
1091 707 1328 761 haberem,
1375 708 1474 764 fugi
1511 709 1559 748 in

6 784 7 789 ¹
74 768 407 817 Tusculanum3
462 781 597 822 quum
637 765 819 821 quidem
848 765 1032 806 biduum
1061 764 1127 805 ita
1154 765 1329 806 ieiunus
1359 764 1561 817 fuissem,

4 830 9 862 i
74 827 124 864 ut
163 837 218 864 ne
257 837 418 878 aquam
457 822 638 877 quidem
668 826 907 876 gustarem.
993 821 1149 875 Itaque
1191 820 1423 862 confectus
1462 821 1559 862 lan-

79 893 220 933 guore
250 883 295 920 et
324 878 443 920 fame
471 878 615 932 magis
645 880 770 918 tuum
790 876 995 919 officium
1016 876 1290 928 desideravi,
1320 889 1452 931 quam
1472 880 1560 918 ate

76 936 249 989 requiri
279 934 433 989 putavi
460 947 619 975 meum.
697 932 798 987 Ego
835 936 983 975 autem
1023 945 1159 988 quum
1199 946 1353 973 omnes
1381 934 1560 974 morbos

4 1041 5 1045 Ἰ
76 991 350 1042 reformido,
390 989 494 1031 'tum
524 1002 611 1045 quo
639 987 889 1043 Epicurum
918 992 1042 1030 tuum
1071 988 1216 1030 Stoici
1245 989 1363 1029 male
1393 989 1562 1043 accipi-

75 1051 170 1099 unt,
201 1048 308 1101 quia
336 1045 460 1086 dicat
489 1048 698 1094 δυςουρικοὶ
726 1046 793 1084 καὶ
821 1046 1067 1094 δυςεντερικοῖ
1094 1041 1214 1094 πάθη
1252 1044 1341 1086 sibi
1369 1045 1562 1086 molesta

75 1116 193 1144 esse:
222 1115 412 1157 quorum
441 1101 635 1142 alterum
661 1101 866 1142 morbum
895 1100 1137 1143 edacitatis
1166 1112 1263 1141 esse
1292 1104 1465 1155 putant,
1495 1101 1561 1142 al-

2 1169 4 1172 ⁴
75 1162 222 1199 terum
260 1158 398 1199 etiam
439 1156 656 1211 turpioris
701 1157 1088 1212 intemperantiae.
1155 1155 1275 1198 Sane
1317 1159 1564 1207 ὁυςεντεριάν

2 1213 5 1234 ³
74 1214 407 1268 pertimueram.
486 1212 577 1254 Sed
614 1212 716 1254 visa
751 1216 821 1254 est
859 1211 976 1254 mihi
1014 1212 1089 1254 vel
1127 1210 1221 1253 loci
1257 1213 1448 1253 mutatio
1486 1212 1561 1254 vel

75 1270 214 1310 animi
254 1270 390 1310 etiam
432 1268 658 1310 relaxatio
694 1268 769 1311 vel
809 1269 907 1322 ipsa
946 1268 1139 1310 fortasse
1166 1267 1258 1309 iam
1286 1269 1563 1310 senescentis

0 1353 3 1360 ι
74 1325 220 1367 morbi
256 1324 463 1365 remissio
501 1323 740 1378 profuisse.
827 1325 890 1366 At
918 1328 1091 1377 tamen,
1126 1336 1185 1364 ne
1213 1323 1404 1375 mirere,
1442 1323 1562 1366 unde
1598 1334 1628 1374 2

76 1380 166 1422 hoc
203 1380 426 1422 acciderit
467 1379 747 1436 quomodove
775 1380 1100 1422 commiserim:
1148 1379 1228 1421 lex
1270 1380 1564 1445 sumptuaria,

174 1535 356 1571 GALLO.
388 1535 444 1570 Μ.
472 1535 609 1570 Fabius
635 1536 774 1578 Galim,
801 1535 863 1570 ein
889 1536 976 1570 sehr
1002 1534 1158 1580 eifriger
1182 1534 1336 1571 Freund
1362 1535 1426 1570 des
1454 1536 1563 1570 Cice-

75 1597 119 1620 ro
157 1584 235 1618 und
267 1583 417 1618 Attikus
450 1585 492 1627 (s.
519 1584 566 1617 ad
590 1584 708 1622 Attio.
736 1584 839 1626 vm,
866 1586 931 1626 125
972 1584 1021 1617 ad
1046 1585 1191 1618 Divers.
1224 1584 1282 1628 11,
1310 1584 1370 1619 14.
1398 1585 1458 1625 IX,
1486 1585 1562 1627 25),

73 1633 226 1679 geh'drte
251 1644 317 1666 zur
340 1631 456 1666 Sekte
481 1632 546 1666 des
570 1633 755 1678 Epikurus
783 1635 830 1676 (s.
858 1633 905 1666 ad
929 1633 1077 1666 Divers.
1106 1633 1194 1675 VII,
1220 1634 1278 1668 26.
1304 1633 1369 1674 ΙΧ,
1396 1634 1459 1676 25)
1489 1633 1564 1666 und

75 1682 182 1715 hatte
208 1681 269 1714 ein
294 1680 417 1721 Buch,
444 1680 539 1714 Cato
565 1681 726 1722 benten,
757 1680 1030 1727 geschrieben,
1057 1680 1123 1715 das
1148 1680 1233 1716 sich
1261 1680 1396 1716 cicero
1422 1680 1469 1715 ad
1493 1682 1565 1715 Di-

75 1742 170 1764 vers.
199 1730 284 1770 VII,
310 1730 357 1765 24
381 1740 451 1762 von
476 1729 560 1763 ihm
584 1730 781 1766 ausbittet.

171 1794 203 1827 1.
229 1802 274 1825 ez:
297 1791 457 1825 intestin.
484 1791 669 1834 laborare,
695 1803 768 1825 von
793 1791 917 1826 einem
941 1784 1040 1827 Ubel
1065 1792 1119 1826 im
1147 1790 1370 1826 Unterleibe
1406 1792 1563 1838 geplagt

77 1840 241 1874 werden.
277 1858 323 1865 —
349 1843 445 1873 tuum
472 1840 631 1882 offi‘cz'um
657 1839 884 1883 desideravi,
915 1840 983 1874 ich
1009 1841 1106 1874 habe
1133 1841 1278 1874 Deinen
1302 1840 1453 1875 Besueh
1478 1852 1563 1875 ver-

77 1889 192 1925 misst.
220 1887 257 1923 S.
284 1890 313 1932 ξ.
341 1889 364 1923 2
387 1899 447 1921 am
472 1887 590 1923 Ende.
617 1888 783 1922 mittendi
806 1899 953 1922 causam
979 1889 1063 1923 inst.
1090 1888 1171 1923 hab.
1196 1895 1269 1922 cet.
1296 1907 1343 1916 -
1376 1899 1399 1922 a
1424 1893 1460 1923 te
1487 1900 1561 1934 req.

77 1936 140 1971 sic
165 1935 250 1971 Md.
275 1936 375 1969 Vict.
407 1938 437 1970 l.
463 1937 497 1972 2.
523 1937 608 1972 Bos.
633 1936 700 1970 abs
724 1941 761 1971 te
788 1939 886 1974 cett.
914 1937 1111 1972 ORELLI.
1144 1956 1187 1963 --
1240 1948 1342 1980 quum
1368 1961 1376 1969 .
1401 1958 1413 1972 .
1442 1962 1452 1970 .
1477 1941 1564 1980 tum,

75 1984 218 2018 sowohl
245 2006 256 2017 .
284 2006 294 2017 .
323 2007 332 2016 .
369 1984 422 2016 als
454 1984 725 2019 insbesondere
759 1996 842 2029 quo.
908 1985 971 2019 Sic
1013 1987 1148 2020 Graev.
1182 1986 1207 2018 i.
1242 1996 1278 2022 e.
1313 1991 1431 2027 „tum
1474 1997 1563 2020 eum

78 2033 300 2075 (morbum),
328 2033 433 2065 cuius
458 2033 609 2066 nomine
634 2033 942 2078 (wesswegen)'?“
978 2038 1062 2076 tum,
1087 2035 1126 2068 in
1153 2044 1220 2077 quo
1246 2033 1336 2069 Sch.
1371 2045 1415 2066 ex
1441 2034 1564 2068 vario-

75 2092 159 2115 rum
186 2080 285 2114 coni.
311 2080 420 2124 prob.
447 2081 534 2116 Ern.
562 2082 682 2126 Vulgo
708 2086 783 2116 tum
808 2083 912 2128 quod.
941 2081 1137 2117 ORELLI.
1180 2098 1222 2106 —
1263 2082 1360 2115 male
1391 2082 1563 2126 accipere

75 2130 258 2175 aliquem,
294 2129 427 2162 Einem
462 2130 550 2164 iibel
582 2130 809 2176 mitspielen.
861 2130 1006 2176 Epikur
1037 2131 1100 2165 litt
1131 2128 1221 2163 sehr
1251 2141 1299 2162 an
1334 2129 1564 2165 Schmerzen

77 2178 141 2212 des
173 2177 409 2211 Unterleibes
440 2177 519 2211 und
554 2189 600 2211 an
634 2177 978 2224 Harnverhaltung,
1033 2179 1069 2212 S.
1103 2178 1148 2213 de
1180 2178 1329 2212 Finibb.
1355 2178 1405 2221 11,
1430 2180 1488 2216 30.
1514 2198 1562 2204 -

77 2223 349 2272 δυςουρικὰ,
391 2226 564 2260 morbum
597 2237 642 2259 ex
677 2227 900 2262 difficultate
930 2226 1061 2261 urinae
1093 2238 1121 2262 s.
1154 2226 1418 2270 stranguriam.
1469 2226 1561 2260 Vid.

75 2274 228 2307 Tuscul.
256 2274 325 2318 Qq.
354 2274 404 2316 ΙΙ,
433 2275 490 2315 19,
515 2275 573 2310 45.
605 2272 903 2323 ὂυςεντερικά
928 2272 1080 2318 πάθη,
1113 2275 1276 2309 tormina
1301 2275 1562 2309 intestinorum

77 2333 164 2355 cum
197 2322 380 2367 sanguinis
413 2333 481 2365 per
515 2324 640 2357 alvum
683 2324 913 2367 deiectione,
956 2324 1190 2368 rulirartiges
1225 2323 1415 2358 Leibweh.
1472 2323 1562 2356 Vid.

75 2371 174 2403 Plin.
202 2372 247 2404 H.
273 2372 317 2405 N.
344 2371 495 2410 XXXII,
521 2373 553 2406 2.
581 2390 625 2397 -
650 2376 748 2416 turp.
782 2373 990 2416 intemper„
1033 2373 1180 2406 veneris
1213 2371 1460 2410 immodicae,
1503 2370 1563 2404 dic

75 2428 164 2450 man
197 2418 406 2451 ffilscmich
438 2419 492 2451 als
518 2420 578 2454 die
603 2421 774 2455 Ursache
801 2421 866 2454 der
893 2418 1096 2467 δυςεντερία
1123 2420 1279 2461 (Ruhr)
1305 2420 1559 2456 betrachtete‚

74 2465 217 2510 Epikur
241 2466 346 2500 hatte
372 2466 477 2500 noch
503 2467 596 2502 dazu
621 2470 681 2502 ein
706 2467 794 2502 sehr
817 2470 992 2515 massiges
1016 2469 1145 2502 Leben
1171 2467 1340 2513 gefuhrt.

172 2515 207 2548 2.
240 2515 293 2547 At
329 2519 458 2548 tamen.
507 2516 588 2551 Md.
622 2517 729 2555 Vict.
764 2519 797 2552 2.
832 2528 875 2550 ac
910 2521 1042 2551 tamen.
1085 2517 1136 2549 cf.
1173 2526 1282 2562 supra
1318 2515 1385 2557 Ep.
1411 2511 1458 2544 ad
1483 2511 1560 2549 div.

76 2561 133 2598 23,
149 2562 181 2596 1.
211 2561 352 2595 Orator
376 2563 409 2606 ς.
434 2564 465 2598 6.
493 2564 560 2599 Ed.
586 2564 718 2601 minor.
749 2565 944 2600 ORELLI.
964 2584 1013 2591 —
1037 2564 1209 2610 quomodo
1238 2587 1246 2595 .
1274 2586 1282 2594 .
1309 2559 1558 2599 commiserim,

76 2609 214 2641 womit
238 2609 301 2642 ich
328 2611 458 2644 solche
484 2611 710 2647 Schmerzen
738 2614 907 2647 verdient
932 2614 1042 2647 habe.
1069 2629 1116 2636 ·—-
1160 2611 1221 2643 leur
1244 2609 1468 2653 sumptuaria
1495 2609 1557 2642 Li-

79 2655 198 2698 cinia,
240 2657 286 2689 de
319 2670 387 2701 qua
423 2658 566 2694 Gellius
599 2662 646 2695 N.
678 2663 720 2696 A.
754 2662 814 2705 11,
855 2663 911 2696 24.
962 2663 1023 2696 Sie
1050 2659 1157 2692 sollte
1185 2659 1257 2690 den
1283 2656 1558 2701 ’obermsssigen

75 2703 260 2737 Aufwand
293 2704 359 2738 der
389 2708 499 2741 Tafel
528 2709 822 2749 einschra'uken3
860 2710 1048 2743 verfehltc
1074 2707 1164 2738 aber
1190 2706 1290 2738 ihres
1316 2707 1490 2746 Zwecks‚
1516 2716 1556 2737 so

75 2752 160 2785 sehr
184 2752 283 2786 auch
312 2755 423 2788 Ciisar
454 2757 507 2791 als
532 2758 710 2792 Dictator
737 2758 800 2790 auf
825 2758 942 2792 deren
969 2756 1179 2801 Besolgung
1207 2754 1310 2789 hielt.
1376 2755 1557 2800 Augustus
