1742 3006
167 66 263 116 248
444 68 505 111 Μ.
537 68 593 112 Τ.
627 65 967 118 CICERONIS
998 66 1369 113 EPISTOLAE.

401 196 718 240 EPISTOLA
754 199 932 240 LXIII.
1001 198 1077 249 (ad
1106 197 1161 248 Q.
1191 199 1263 240 Fr.
1294 199 1329 240 I.
1360 199 1421 251 3.)

323 274 402 308 Ser.
429 272 714 308 Thessalonicae
740 275 797 311 Id.
825 275 907 308 lun.
934 272 975 307 Α.
1001 274 1054 318 υ.
1073 273 1115 310 c.
1143 275 1224 310 696.
1273 273 1322 316 (a.
1349 274 1391 309 e.
1417 274 1496 317 58.)

171 339 277 383 Quod
301 349 436 384 pueros
461 339 509 373 ad.
539 340 722 385 Quintum
748 341 825 375 sine
851 340 973 374 literis
1002 340 1167 382 miserit,
1200 341 1238 374 id
1271 349 1307 373 se
1340 350 1414 373 non
1451 339 1647 375 iracundia

170 389 374 422 adductum
400 388 532 423 fecisse
557 399 647 431 nec,
683 390 784 434 quod
810 390 968 422 fratrem
994 388 1125 421 videre
1150 387 1325 421 noluerit.
1374 390 1574 430 Hortatur,
1606 395 1646 422 ut

170 447 207 469 so
238 435 361 482 erigat
392 441 429 469 ct
464 436 677 478 confirmet,
712 437 744 470 si
777 447 848 480 qua
883 436 917 468 ei
951 435 1140 470 subeunda
1171 436 1363 470 dimicatio
1397 435 1526 469 fuerit.
1555 436 1645 470 1-6.

169 482 339 526 Denique
367 482 503 530 gratias
529 484 639 518 fratri
664 495 735 530 pro
754 484 886 517 oblatis
901 484 1146 517 facultatibus
1170 484 1248 528 agit
1273 489 1332 527 et,
1360 483 1494 528 quibus
1515 489 1646 529 poten-

169 531 266 565 tium
291 531 482 565 fidendum
509 538 571 566 aut
596 543 671 566 non
697 531 927 565 credendum
955 530 1026 573 sit,
1053 537 1192 566 monet.
1219 533 1308 568 7-9.
1334 541 1493 576 suosque
1519 530 1645 566 fratris

668 579 788 614 amori
814 579 1061 614 commendat.
1089 581 1146 614 10.

632 664 834 702 MARCUS
868 664 911 708 Q.
944 664 1124 700 FRATRI
1157 664 1192 699 S.

282 732 352 774 Mi
381 733 548 786 frater,
589 733 651 774 mi
681 733 845 786 frater,
885 733 947 773 mi
976 734 1144 785 frater,
1183 736 1287 774 tune
1315 732 1362 773 id
1392 733 1555 774 veritus
1583 747 1645 785 es,

171 799 227 828 ne
257 801 338 843 ego
369 789 601 831 iracundia
629 789 775 844 aliqua
804 789 1018 830 adductus
1048 802 1206 842 pueros
1229 789 1285 829 ad
1306 792 1351 830 te
1381 789 1476 828 sine
1503 790 1648 830 literis

170 843 396 886 miserim?
427 849 501 886 aut
530 845 663 886 etiam
683 859 738 886 ne
762 850 805 886 te
824 845 977 886 videre
996 845 1235 886 noluerim?
1264 845 1362 898 Ego
1381 844 1464 884 tibi
1485 844 1648 886 irasce-

171 900 268 941 rer?
305 901 387 941 tibi
417 915 499 956 ego
530 915 701 955 possem
730 901 890 942 irasci?
933 900 1134 954 Scilicet,
1164 905 1212 941 tu
1241 898 1355 941 enim
1383 913 1454 941 me
1482 899 1648 941 afflixi-

171 955 252 995 sti:
282 957 347 996 tui
375 970 446 1004 me
476 958 671 1009 inimici,
701 960 777 997 tua
805 969 875 997 me
903 956 1098 1008 invidia,
1128 969 1181 997 ac
1198 970 1286 997 non
1307 969 1387 1010 ego
1416 947 1460 996 t‘e
1487 956 1649 998 misere

170 1010 360 1065 perdidi.
424 1012 550 1053 Meus
593 1013 666 1053 ille
703 1012 903 1053 laudatus
944 1013 1194 1053 consulatus
1223 1011 1336 1052 mihi
1364 1015 1434 1064 te,
1474 1011 1650 1064 liberos,

171 1067 389 1120 patriam,
427 1068 651 1118 fortunas3
691 1069 774 1109 tibi
810 1067 942 1109 velim
973 1082 1026 1109 ne
1056 1068 1160 1122 quid
1200 1068 1437 1122 eripuerit,
1475 1071 1653 1121 praeter

171 1136 303 1163 unum
331 1136 414 1164 me.
481 1123 569 1164 Sed
609 1128 727 1165 certe
756 1137 782 1165 a
809 1128 852 1164 te
880 1123 989 1164 mihi
1019 1125 1167 1165 omnia
1194 1137 1365 1177 semper
1393 1122 1579 1164 honesta
1607 1127 1651 1164 ct:

171 1179 363 1220 iucunda
403 1179 680 1228 ceciderunt3
728 1193 754 1220 a
791 1193 861 1220 me
900 1180 982 1220 tibi
1023 1180 1166 1220 luctus
1205 1193 1328 1220 meae
1369 1179 1649 1230 calamitatis,

170 1237 312 1274 metus
333 1238 451 1287 tuae,
482 1235 774 1286 desiderium,
804 1249 1006 1287 maeror,
1036 1234 1243 1276 solitudo.
1303 1234 1402 1287 Ego
1426 1238 1470 1274 te
1498 1235 1652 1276 videre

171 1290 414 1331 noluerim?
462 1291 604 1331 Immo
642 1303 750 1332 vero
779 1304 849 1331 me
878 1295 976 1331 ate
1003 1289 1146 1331 videri
1182 1289 1316 1331 nolui.
1391 1289 1492 1330 Non
1537 1291 1652 1331 enim

172 1345 359 1387 vidisses
398 1345 583 1386 fratrem
621 1349 764 1393 tuum3
807 1359 893 1386 non
932 1359 1055 1397 eum,
1096 1359 1223 1400 quem
1263 1345 1527 1397 reliquera53
1566 1359 1667 1391 non¹

127 1401 132 1406 ’
174 1414 297 1452 eum,
337 1415 464 1457 quem
494 1414 646 1452 noras;
685 1414 770 1442 non
801 1415 924 1453 eum,
962 1415 1091 1456 quem
1121 1401 1232 1442 fiens
1262 1400 1464 1452 flentem,
1503 1414 1652 1454 prose-

173 1462 375 1512 quentem
403 1457 690 1512 proficiscens
722 1457 979 1507 dimiseras3
1009 1470 1063 1497 ne
1090 1457 1325 1511 vestigium
1354 1456 1529 1511 quidem
1560 1457 1654 1497 eius

173 1527 256 1554 nec
285 1514 592 1566 simulacrum,
634 1513 712 1555 sed
751 1512 969 1567 quandam
1012 1512 1208 1566 effigiem
1239 1513 1448 1565 spirantis
1477 1513 1651 1553 mortui.

173 1570 318 1623 Atque
355 1570 522 1611 utinam
560 1582 629 1610 me
669 1574 891 1610 mortuum
932 1569 1053 1622 prius
1093 1568 1280 1609 vidisses
1322 1571 1396 1607 aut
1434 1567 1651 1608 audisses!

174 1626 342 1666 utinam
370 1630 414 1667 te
443 1639 531 1665 non
561 1625 701 1665 solum
729 1625 871 1675 vitae,
902 1624 982 1664 sed
1012 1623 1145 1663 etiam
1175 1622 1406 1675 dignitatis
1435 1635 1557 1663 meae
1585 1637 1655 1664 su-

174 1682 404 1735 perstitem
433 1681 731 1735 reliquissem!
770 1679 857 1720 Sed
887 1683 1026 1720 testor
1045 1692 1193 1719 omnes
1220 1678 1351 1728 deos,
1382 1692 1450 1719 me
1469 1677 1552 1719 hac
1572 1692 1656 1720 una

174 1750 285 1779 voce
315 1750 342 1777 a
370 1740 513 1777 morte
544 1749 640 1776 esse
678 1739 956 1787 revocatum,
998 1735 1116 1789 quod
1155 1747 1304 1775 omnes
1345 1734 1391 1773 in
1429 1746 1529 1775 mea
1566 1735 1657 1776 vita

176 1797 348 1848 partem
377 1792 567 1846 aliquam
596 1795 696 1832 tuae
724 1791 840 1833 vitae
860 1791 1098 1845 repositam
1117 1803 1211 1832 esse
1233 1790 1449 1831 dicebant.
1507 1788 1657 1839 Quare

276 1953 308 1985 1.
337 1951 518 1984 adductus.
546 1951 665 1984 Oxon.
693 1951 726 1985 2.
754 1951 957 1984 commotus.
988 1966 1028 1973 ——
1055 1946 1238 1981 noluerim.
1272 1947 1331 1980 Sic
1349 1948 1408 1984 Iul
1432 1950 1529 1981 Crat.
1557 1948 1656 1986 vict,

181 2001 213 2033 1.
240 1999 370 2032 Lamb.
398 1998 568 2031 voluerim
595 1998 674 2032 Md.
703 1998 823 2031 Oxon.
852 1998 883 2032 2.
911 1996 1005 2032 Vict.
1033 1997 1066 2030 2.
1096 1997 1248 2030 Gruter.
1278 1995 1472 2029 ORELLI.
1499 2014 1543 2020 —-
1578 1997 1657 2030 Sci-

179 2047 287 2089 licet,
321 2050 357 2079 tu
383 2047 471 2079 enim
496 2052 591 2089 cet.,
623 2045 674 2078 als
714 2046 760 2079 ob
788 2046 846 2078 Du
872 2055 908 2077 es
936 2046 1090 2083 w'a'rest,
1125 2043 1193 2076 der
1225 2043 1328 2076 mich
1361 2043 1568 2091 gekreinkss
1604 2045 1658 2078 als

179 2095 226 2127 ob
252 2095 369 2128 Deine
396 2094 535 2127 Feinde
561 2106 597 2127 u.
627 2105 654 2128 s.
682 2105 730 2128 w.
783 2092 899 2133 Nem,
927 2102 964 2124 es
990 2091 1141 2137 verhriflilt
1166 2090 1247 2124 sich
1275 2091 1388 2138 grade
1415 2091 1656 2139 umgekehrt.

178 2141 213 2175 S.
241 2152 299 2186 ep.
329 2143 464 2183 LXIII,
491 2143 531 2176 3:
570 2151 636 2174 nos
663 2140 780 2174 invidi
808 2140 1022 2185 perdidere.
1074 2139 1177 2171 Uber
1202 2139 1264 2172 das
1298 2139 1491 2173 ironische
1515 2140 1659 2178 scilicet

179 2201 204 2222 s.
231 2189 382 2223 Ramsh.
411 2190 442 2233 ἕ.
470 2192 549 2224 187.
578 2182 725 2222 Grotef.
756 2188 792 2231 ᾗ.
819 2187 899 2222 334.
927 2188 1068 2231 Zumpt
1094 2188 1124 2227 §.
1150 2187 1231 2221 345.
1258 2186 1365 2220 Anm.
1416 2187 1552 2221 Hinter
1586 2187 1658 2220 ini-

179 2237 265 2270 mici
289 2239 449 2283 erg‘ainze
477 2249 563 2270 man
589 2237 839 2280 perdiderunt,
875 2235 946 2267 wie
977 2234 1135 2278 perdidit
1161 2234 1289 2267 hinter
1321 2234 1470 2273 invidia.
1498 2253 1542 2259 —
1567 2237 1658 2278 for-

181 2290 288 2318 tunas
313 2285 463 2330 eripuit.
491 2303 534 2309 —
570 2285 744 2324 cociam,
778 2283 906 2316 Lamb.
932 2282 970 2315 in
997 2294 1045 2314 m.
1084 2283 1185 2316 1584.
1213 2282 1430 2315 acciderunt.
1464 2302 1512 2308 —
1545 2287 1658 2315 metus

180 2337 281 2371 tuae,
317 2333 376 2366 die
410 2331 571 2370 Fui-ebt,
607 2333 685 2365 dass
719 2332 819 2364 mein
853 2331 935 2364 Fau
968 2330 1037 2363 den
1070 2330 1258 2377 Deinigen
1291 2330 1383 2363 nach
1416 2330 1497 2364 sich
1522 2329 1658 2364 ziehen

179 2381 320 2414 werde.
350 2399 389 2405 —
428 2392 451 2412 a
477 2384 510 2413 ie
535 2380 665 2412 rideri.
701 2381 736 2413 S.
763 2390 819 2423 ep.
847 2378 965 2420 LXII,
995 2380 1024 2410 1.
1050 2378 1125 2416 LX,
1152 2379 1185 2411 3.
1221 2396 1265 2402 —
1303 2378 1525 2421 reliqueras,
1552 2380 1657 2410 na'm-

180 2428 258 2461 lich
286 2438 356 2462 vor
382 2428 462 2461 ‹lrei
489 2427 646 2465 Iahren‚
675 2428 726 2459 als
744 2429 804 2459 Du
832 2425 928 2459 nach
954 2425 1064 2458 Asien
1091 2425 1320 2458 abreisetest.
1344 2444 1387 2450 -
1414 2426 1658 2467 simulacrum,

181 2474 351 2518 εἴδωλον,
386 2481 596 2520 spectrum,
630 2474 744 2507 σκιὰν.
782 2475 864 2520 Vgl.
901 2473 945 2507 ad
978 2473 1110 2505 Famil.
1139 2471 1218 2511 XV.
1250 2475 1307 2509 16.
1348 2474 1407 2507 Sic
1439 2475 1574 2518 Eurip-
1612 2472 1657 2505 de

183 2524 316 2567 Oedip.
346 2525 384 2556 in
405 2522 545 2557 Phoen.
563 2536 600 2556 v.
621 2524 728 2557 1568:
756 2518 888 2564 ἀφανὲς
914 2519 1064 2564 αἰθέρος
1091 2518 1236 2554 εἴδωλον
1254 2516 1305 2554 ’Ίῖ
1317 2520 1419 2554 νέων
1445 2518 1593 2566 ἔνερθεν
1610 2515 1662 2553 ²¹11

181 2570 317 2604 πτανὸν
349 2568 500 2614 ὄνειρον.
531 2588 569 2595 -
599 2570 776 2613 spirantis
789 2569 949 2614 νηιονίιιί.
994 2568 1179 2601 Similiter
1205 2567 1411 2613 Sophocles
1438 2569 1596 2603 Philoct.
1620 2580 1651 2599 v.

185 2622 293 2653 1017:
337 2616 397 2651 ἀπ’
426 2615 534 2660 ἆκτης
557 2615 681 2660 τῆςὸε,
718 2618 756 2649 ἐν
782 2618 802 2661 ¹5)
828 2630 870 2660 με
896 2613 1107 2662 προῦβαλον
1143 2612 1296 2659 ἄφιλον,
1330 2614 1479 2661 ἔρημον,
1516 2615 1656 2656 ἄπολιν,

182 2667 226 2699 ἐν
266 2665 397 2706 ζῶσιν
433 2665 607 2709 νεκρὸν.
645 2684 685 2690 -
720 2665 917 2706 dignitatis
944 2675 1043 2697 meae
1067 2675 1095 2697 ε.
1124 2665 1196 2701 rel:
1220 2664 1243 2696 i.
1272 2674 1301 2697 e.
1329 2666 1473 2699 utinam
1499 2676 1556 2699 me
1581 2673 1655 2697 non

184 2715 303 2748 solum
330 2721 544 2755 mortuum,
570 2713 632 2747 scd
658 2724 743 2747 cum
771 2713 953 2760 dignitate
979 2718 1170 2746 mortuum
1196 2712 1367 2746 vidisses!
