1742 3006
181 96 277 145 290
470 96 529 138 M.
565 97 621 140 Τ.
654 88 998 140 CICERONIS
1026 92 1394 141 EPISTOLAE.

183 208 389 251 secundis
419 208 564 250 literis
591 207 679 249 tuis
710 208 980 252 constituere
1009 210 1280 264 poterimus,
1319 210 1426 265 quid
1454 211 1583 253 nobis
1609 212 1674 255 sa-

185 265 390 307 ciendum
417 266 488 306 sit.
546 263 622 306 Tu
650 264 787 315 mo‘do
816 265 873 307 ad
900 279 973 307 me
1000 265 1135 308 velim
1163 266 1315 307 omnia
1335 266 1675 323 diligentissime

184 321 462 376 perscribas:
501 319 586 362 etsi
613 321 758 375 magis
787 321 876 364 iam
906 334 1027 371 rem,
1064 334 1196 376 quam
1224 322 1401 377 literas,
1431 323 1575 366 debeo
1603 337 1673 367 ex-

185 381 401 433 spectare.
467 376 609 429 Cura,
649 380 715 417 ut-
737 378 886 419 valeas
925 381 970 420 et
997 377 1061 419 ita
1088 377 1170 420 tibi
1199 378 1465 432 persuadeas
1493 378 1604 421 mihi
1631 384 1677 423 te

185 433 331 475 carius
362 431 473 474 nihil
502 445 598 474 esse
627 445 711 474 nec
741 439 931 489 unquam
961 431 1113 476 fuisse.
1182 433 1327 487 Vale,
1366 447 1466 478 mea
1502 435 1675 478 Teren-

182 490 270 540 tia,
308 500 439 545 quam
477 500 562 544 ego
598 487 755 532 videre
792 489 970 540 videor:
1020 488 1166 545 itaque
1210 489 1423 534 debilitor
1461 491 1672 535 lacrimis.

182 545 306 586 Vale.
366 543 525 587 Pridie
554 542 782 588 Kalendas
811 545 1098 588 Decembres.

770 664 892 673 ,μῆ-.-

422 745 743 790 EPISTOLA
773 745 1026 791 LXXXII.
1085 747 1199 799 (Λα.
1229 746 1314 789 111.
1347 748 1434 797 24.)

307 824 388 858 Ser.
415 821 657 869 Dyrrhachii
683 823 754 860 lv,
782 822 836 857 m.
862 823 955 857 Dec.
979 822 1021 858 A.
1047 823 1096 859 U.
1125 823 1166 857 c.
1192 822 1277 859 696.
1326 821 1377 864 (a.
1406 822 1446 858 c.
1474 824 1548 867 58.)

179 890 323 925 Scribit
355 889 426 923 sibi
459 899 535 923 non
566 890 719 936 placere
761 889 976 925 amicorum
1011 900 1195 924 consensu
1226 889 1447 936 provincias
1479 894 1675 928 consulum

180 939 466 988 designatorum
499 944 649 973 ornatas
675 948 772 977 esse,
807 938 910 982 quod
934 943 1134 982 vereatur,
1166 948 1213 973 ne
1238 948 1283 972 ea
1308 947 1369 973 res
1394 949 1582 976 novorum
1607 942 1676 977 tri-

576 987 765 1021 bunorum
789 986 915 1031 plebis
951 986 1099 1021 animos
1131 986 1282 1021 alienet.

691 1072 879 1109 CICERO
910 1072 1096 1109 ATTICO
1130 1071 1168 1107 S.

288 1143 456 1196 Antea,
506 1154 639 1197 quum
686 1139 745 1183 ad
781 1154 854 1183 me
892 1140 1215 1197 scripsissetiS,
1263 1145 1413 1185 vestro
1460 1157 1709 1187 consensu·

179 1199 405 1240 consulum
433 1197 688 1253 provincias
717 1200 896 1239 ornatas
925 1211 1047 1248 esse;
1094 1196 1181 1240 etsi
1209 1200 1424 1253 verebar,
1464 1213 1677 1254 quorsum

178 1254 226 1294 id
255 1267 463 1296 casurum
491 1256 635 1307 esset,
681 1256 830 1294 tamen
859 1255 1091 1309 sperabam
1119 1266 1199 1296 vos
1238 1253 1408 1310 aliquid
1437 1256 1674 1312 aliquando

178 1310 344 1352 vidisse
381 1310 664 1365 prudentius:
714 1313 870 1365 postea
907 1323 1039 1365 quam
1076 1308 1190 1350 mihi
1235 1313 1280 1352 et
1317 1311 1485 1353 dictum
1523 1316 1591 1355 est
1632 1316 1676 1354 et

181 1367 394 1422 scriptum
423 1366 707 1408 vehementer
734 1365 968 1408 consilium
996 1368 1196 1409 vestrum
1236 1366 1531 1422 reprehendi,
1578 1381 1675 1410 sum

182 1423 381 1477 graviter
410 1426 680 1472 commotus3
709 1421 828 1477 quod
856 1423 934 1465 illa
961 1421 1060 1478 ipsa
1087 1434 1187 1476 spes
1210 1421 1391 1477 exigua,
1420 1437 1533 1479 quae
1562 1427 1673 1476 erat,

179 1479 360 1523 videtur
387 1492 483 1522 esse
511 1479 696 1522 sublata.
755 1478 899 1532 Nam,
943 1480 983 1520 si
1019 1476 1188 1520 tribuni
1226 1478 1369 1533 plebis
1406 1480 1534 1525 nobis
1574 1491 1672 1522 suc-

180 1639 231 1671 nd
253 1647 432 1671 summum.
482 1637 543 1672 Ex
569 1636 692 1684 suppl.
728 1654 773 1661 —
824 1646 923 1678 rem,
957 1635 1019 1670 die
1056 1633 1176 1670 Sache
1210 1634 1333 1669 selbst.
1357 1639 1580 1680 exspectare.
1612 1634 1672 1669 Ex

180 1685 337 1730 antiqua
372 1685 643 1721 emendatione.
675 1685 791 1730 Neap.
823 1684 908 1718 Asc.
948 1687 982 1718 l.
1020 1684 1120 1718 Crat.
1151 1683 1248 1717 Vict.
1276 1685 1308 1718 l.
1335 1683 1374 1722 2.
1413 1683 1542 1717 hamb.
1576 1683 1672 1718 Em.

181 1734 271 1767 Sch.
305 1735 402 1769 Liin.
439 1737 608 1777 spectare
641 1732 720 1767 Md.
756 1732 895 1767 Graev.
929 1731 1069 1769 Bened.
1111 1750 1156 1757 --
1198 1730 1371 1765 debilitor
1403 1745 1453 1764 z
1486 1729 1673 1766 conficior

180 1782 369 1822 lacrimis,
403 1781 466 1816 ich
490 1781 680 1816 zerfliesse
713 1780 754 1814 in
779 1780 978 1820 Thriinen.
1013 1798 1054 1809 ν-
1090 1779 1193 1815 Prid.
1223 1779 1313 1814 Kal.
1340 1777 1446 1823 Dec„
1473 1791 1534 1814 am
1559 1781 1673 1816 30ten

181 1830 412 1865 November.

280 1900 311 1933 l.
338 1898 523 1931 consulum
548 1895 847 1943 designatorum,
884 1894 1038 1930 Lentuli
1063 1901 1101 1929 et
1125 1894 1284 1929 Metelli.
1321 1913 1364 1920 —
1399 1899 1550 1929 ornatas
1583 1905 1673 1937 esse,

183 1951 427 1994 ausgestattet
461 1945 573 1979 seien.
607 1954 743 1977 ornare
772 1944 1006 1989 provincias,
1051 1943 1111 1977 die
1144 1942 1354 1978 besondern
1388 1943 1562 1988 Vorziige
1595 1943 1673 1976 und

183 1994 385 2029 Vortheile
424 1993 672 2035 bestimmen,
709 1992 842 2026 womit
878 1991 941 2026 die
982 1989 1460 2025 Oberbefehlshaberstelle
1492 1991 1533 2025 in
1565 1990 1674 2026 einer

185 2042 345 2077 Provinz
370 2042 477 2076 sollte
501 2040 718 2075 verbunden
742 2040 842 2084 sein3
875 2041 922 2074 ob
947 2039 1019 2073 mit
1043 2039 1169 2073 einem
1194 2038 1471 2086 Kriegsheere,
1504 2039 1576 2072 mit
1600 2039 1673 2073 wie

184 2091 301 2125 vieler
333 2090 727 2133 Geldunterstiitzung
761 2099 826 2122 aus
857 2088 926 2122 der
957 2086 1294 2127 Schatzkammer,
1329 2086 1402 2122 mit
1433 2087 1508 2122 wie
1545 2086 1672 2122 vielen

184 2140 376 2186 Legum,
409 2138 523 2172 selbst
549 2135 717 2185 gewiihlt
743 2136 803 2171 od.
831 2147 919 2171 vom
954 2135 1088 2170 Senate
1118 2136 1288 2184 gegeben
1322 2147 1359 2169 u.
1395 2147 1421 2169 ο.
1455 2135 1513 2172 fs?
1562 2134 1674 2170 Nach

185 2187 253 2221 der
279 2188 342 2221 lex
368 2185 590 2232 Sempronia
617 2185 662 2219 de
688 2184 891 2230 provinciis
915 2183 1004 2217 kam
1029 2194 1067 2218 es
1092 2183 1178 2218 dem
1193 2183 1329 2218 Senato
1354 2195 1417 2223 zu,
1443 2193 1513 2218 vor
1537 2182 1671 2217 Abhal-

185 2241 281 2282 tung
316 2235 385 2269 der
415 2232 725 2269 consularischen
756 2231 1068 2269 Wahlcomitien
1100 2231 1225 2266 durch
1256 2231 1318 2265 ein
1343 2231 1499 2265 Senatus
1525 2231 1672 2265 consul«

185 2290 267 2316 tum
293 2295 342 2316 zu
365 2282 608 2322 bestimmen‚
639 2281 787 2315 welche
818 2281 978 2315 Provinz
1011 2279 1080 2314 der
1111 2284 1229 2321 erste,
1259 2280 1407 2314 welche
1434 2279 1503 2313 der
1536 2279 1673 2312 zweite

186 2331 361 2377 kiinftige
387 2330 528 2364 Consul
558 2329 733 2364 erhalten
768 2329 888 2363 sollte.
938 2327 1043 2363 Diess
1077 2327 1176 2362 hiess
1207 2327 1410 2362 decernere
1441 2326 1671 2372 provincias.

186 2379 258 2412 Das
284 2389 419 2413 ornare
444 2377 656 2422 provincias
682 2377 822 2425 pssegte
849 2381 925 2410 erst
949 2375 1049 2409 nach
1076 2376 1148 2409 den
1166 2376 1355 2411 Comitien
1371 2387 1420 2410 zu
1439 2373 1670 2420 geschehen,

186 2426 308 2460 wobei
332 2426 394 2460 die
418 2425 616 2460 Tribunen
641 2425 919 2459 concurrirten.
969 2424 1183 2458 Diessmahl
1213 2423 1318 2458 hatte
1343 2423 1412 2458 der
1436 2421 1550 2456 senat
1575 2420 1672 2454 diess

188 2474 370 2508 Gesch'aift
401 2473 519 2509 sehon
555 2485 616 2506 am
648 2473 756 2507 Ende
789 2472 972 2507 Octobers
1005 2472 1098 2506 oder
1130 2472 1184 2506 im
1216 2471 1297 2505 Anf
1346 2471 1409 2506 dea
1441 2469 1671 2504 Novembers

188 2521 418 2561 verrichtet3
450 2522 512 2557 die
536 2531 660 2555 neuen
683 2520 899 2563 Tribunen,
941 2520 1002 2554 die
1028 2519 1137 2554 nicht
1163 2519 1256 2554 eher
1280 2498 1334 2557 ai:
1358 2530 1419 2553 ani
1444 2524 1570 2552 ersten
1594 2517 1671 2550 De-

188 2570 340 2603 cember
363 2569 441 2603 Sitz
466 2582 502 2604 u.
528 2569 685 2604 Stimme
711 2569 763 2603 im
794 2568 908 2603 Senat
940 2568 1148 2611 erhielten,
1183 2567 1419 2602 hatten‘also
1446 2565 1563 2600 daran
1588 2564 1670 2599 kei-

188 2627 262 2650 nen
285 2617 440 2652 Antheil
464 2617 627 2652 nehmen
651 2616 801 2651 konnen
825 2628 862 2650 u.
887 2627 1017 2650 waren
1042 2615 1161 2649 daher
1183 2616 1255 2650 mit
1272 2615 1393 2650 dieser
1406 2611 1671 2660 Eilfertigkeit

188 2665 450 2700 unzusrieden.
483 2684 526 2691 -—
560 2665 754 2699 consulum.
789 2665 893 2699 Man.
928 2664 1056 2698 Lamb.
1095 2665 1329 2705 consulares,
1363 2669 1408 2697 ut
1439 2667 1495 2696 est
1527 2661 1608 2694 bib.
1633 2660 1668 2693 4.

189 2712 258 2758 Ep,
287 2715 344 2755 18,
372 2714 405 2747 2.
435 2713 629 2749 ORELLI.
656 2731 698 2738 —
727 2723 889 2758 quorsum
913 2713 953 2745 id
977 2723 1050 2746 cas.
1083 2722 1171 2754 esa,
1199 2724 1275 2746 was
1301 2711 1362 2745 die
1382 2711 1530 2757 Folgen
1547 2708 1669 2742 davon

188 2761 268 2794 sein
283 2761 477 2800 miichten.
507 2783 548 2789 --
575 2763 731 2796 videtur.
757 2761 890 2799 Lamb.
915 2761 1116 2805 videretur,
1142 2762 1233 2797 Ern.
1257 2756 1452 2796 vermuth.
1468 2755 1666 2791 videbatur.
