1742 3006
193 75 287 123 530
469 76 531 121 M.
563 78 618 120 Τ.
649 75 990 119 CICERONIS
1021 75 1395 119 EPISTOLAE.

196 189 557 246 perpetuitatem,
586 202 717 244 quam
747 188 1066 243 promissorum
1095 188 1268 229 exitum
1297 189 1525 241 exspecto.
1585 186 1667 228 Vi-

193 260 251 288 vo
281 251 428 288 tamen
457 245 503 286 in
533 258 585 286 ea
615 244 858 286 ambitione
887 249 932 285 et
961 244 1139 296 labore,
1182 247 1407 298 tamquam
1438 242 1510 295 id,
1549 243 1669 297 quod

195 316 282 344 non
310 301 501 356 postulo,
530 304 798 356 exspectem.
868 299 1002 349 Quod
1031 312 1101 340 me
1129 299 1185 339 de
1214 299 1417 340 versibus
1446 297 1668 340 faciendis

193 370 348 412 rogas,
378 356 648 398 incredibile
677 360 770 408 est,
798 355 861 395 mi
891 354 1056 407 frater,
1100 368 1233 408 quam
1262 367 1416 409 egeam
1445 359 1670 408 tempore3

190 427 273 455 nec
301 426 407 453 sane
437 413 546 454 satis
576 423 859 453 commoveor
888 412 1035 451 animo
1066 410 1123 450 ad
1154 423 1220 461 ea,
1249 423 1361 465 quae
1392 409 1477 462 vis,
1507 423 1668 451 canen-

189 469 259 509 da.
315 465 539 510 Ὑποθέσεις
577 482 684 509 vero
724 466 781 508 ad
812 478 887 518 ea,
936 479 1049 521 quae
1089 466 1185 520 ipse
1227 480 1310 520 ego
1340 478 1395 506 ne
1426 464 1668 518 cogitando

187 523 370 579 quidem
399 536 675 577 consequor,
716 526 788 574 tu,
836 521 913 576 qui
942 535 1091 563 omnes
1120 522 1209 562 isto
1239 521 1481 574 eloquendi
1513 525 1558 562 et
1586 534 1666 562 ex-

188 577 412 634 primendi
440 593 602 633 genere
632 577 866 632 superasti,
895 591 922 618 a
950 591 1020 617 me
1058 577 1202 631 petis?
1258 578 1474 618 Facerem
1504 580 1666 627 tamen,

188 639 237 676 ut
267 648 466 689 possem:
495 634 575 675 sed
603 657 656 662 —
685 633 805 688 quod
835 636 878 672 te
907 633 1088 673 minime
1119 631 1238 685 sugit
1266 655 1318 660 —
1348 646 1456 687 opus
1498 636 1567 673 est
1607 632 1666 673 ad

187 691 346 745 poema
373 689 564 744 quadam
594 690 731 729 animi
761 689 1023 740 alacritate,
1071 700 1203 741 quam
1241 687 1372 741 plane
1412 687 1526 728 mihi
1556 692 1666 728 tem-

187 759 299 800 pora
328 746 538 800 eripiunt.
596 745 782 785 Abduco
812 757 882 784 me
913 743 1118 798 equidem
1150 743 1204 783 ab
1226 743 1346 784 omni
1371 743 1435 783 rei
1459 744 1665 796 publicae

187 814 298 842 cura
327 801 531 855 dedoque
561 801 731 841 literis:
761 799 841 840 sed
870 803 1017 840 tamen
1047 798 1257 840 indicabo
1289 799 1398 850 tibi,
1427 799 1547 852 quod
1576 813 1665 840 me-

186 855 371 899 hercule
401 858 446 897 in
477 856 633 910 primis
664 859 708 896 te
739 855 933 895 celatum
962 855 1180 896 volebam.
1267 854 1444 907 Angor,
1474 855 1536 894 mi
1565 867 1665 896 sua-

185 913 369 953 vissime
398 911 564 963 frater,
611 924 752 965 angor
789 910 959 950 nullam
997 924 1092 951 esse
1123 923 1215 950 rem
1245 909 1491 964 publicam,
1542 910 1668 951 nulla
1733 915 1735 918 '

184 968 357 1009 iudicia
385 973 672 1020 nostrumque
703 966 791 1006 hoc
819 969 991 1019 tempus
1021 966 1210 1018 aetatis,
1249 965 1369 1019 quod
1398 966 1443 1004 in
1474 965 1558 1007 illa
1588 978 1665 1006 au-

185 1024 398 1064 ctoritate
428 1023 654 1063 senatoria
682 1021 846 1062 florere
876 1020 1081 1072 debebat,
1111 1025 1188 1061 aut
1216 1020 1386 1061 sorensi
1416 1021 1569 1062 labore
1599 1022 1664 1062 ia·
1726 1035 1728 1038 ’

184 1080 300 1120 ctari
330 1082 408 1119 aut
437 1078 696 1118 domesticis
727 1076 875 1117 literis
904 1078 1175 1126 sustentari3
1226 1076 1344 1117 illud
1372 1090 1507 1128 vero,
1546 1076 1664 1131 quod

183 1147 211 1176 a
238 1147 378 1189 puero
408 1133 679 1184 adamaram,
790 1182 791 1185 Ἴ

406 1189 499 1227 Αἱὲν
526 1186 746 1236 ἀριστεύειν
773 1188 839 1241 astaci
865 1183 1078 1236 ὑπείροχον
1106 1189 1269 1236 ἔμμεναι
1297 1185 1436 1233 ἄλλων,

182 1245 326 1285 totum
355 1242 607 1284 occidisse:
656 1243 865 1283 inimicos
905 1255 932 1282 a
959 1256 1029 1282 me
1059 1243 1223 1296 partim
1253 1256 1339 1283 non
1370 1247 1663 1297 oppugnatos,

181 1299 346 1354 partim
387 1299 523 1339 etiam
562 1312 658 1340 esse
698 1297 932 1339 defensos:
980 1311 1125 1338 meum
1164 1310 1252 1338 non
1290 1298 1423 1339 modo
1452 1300 1663 1353 animum,

181 1354 262 1395 sed
291 1368 346 1395 ne
376 1354 530 1396 odium
559 1354 742 1409 quidem
771 1366 868 1394 esse
900 1353 1114 1393 liberum:
1163 1367 1382 1407 unumque
1421 1367 1480 1394 ex
1519 1356 1661 1396 omni-

180 1411 261 1451 bus
302 1410 540 1451 Caesarem
580 1423 676 1450 esse
707 1410 956 1460 inventum,
1008 1409 1083 1463 qui
1114 1422 1184 1449 me
1213 1413 1409 1462 tantum,
1454 1415 1662 1464 quantum
1727 1417 1729 1421 ⁴

180 1479 263 1520 ego
293 1466 483 1518 vellem,
524 1469 721 1517 amaret,
761 1468 840 1506 aut
869 1465 1021 1513 etiam,
1051 1465 1170 1506 sicut
1198 1465 1281 1506 alii
1309 1469 1494 1520 putant,
1541 1464 1662 1508 hunc

178 1621 209 1643 c.
237 1620 359 1643 accus.
388 1621 414 1642 s.
441 1608 596 1643 Ramsh.
625 1607 656 1651 §.
687 1609 766 1650 132,
792 1609 825 1644 3.
854 1608 1003 1641 Grotef.
1030 1607 1067 1652 5.
1087 1609 1167 1643 215.
1188 1607 1295 1642 Anm.
1321 1627 1369 1634 —
1393 1609 1431 1643 in
1458 1639 1465 1647 .
1484 1635 1491 1642 .
1510 1610 1598 1646 amb.
1627 1615 1662 1645 et

179 1658 264 1697 Iab.,
293 1658 331 1690 111
361 1657 464 1691 einer
489 1655 796 1701 Geschaftigkeit
822 1656 1048 1690 ledermann
1074 1655 1186 1691 recht
1210 1668 1253 1690 zu
1279 1655 1390 1701 thun,
1418 1669 1461 1692 zu
1487 1659 1659 1704 gesallen.

177 1705 274 1739 Eine
299 1705 516 1750 Hendiadys
544 1710 587 1738 st.
612 1704 651 1737 111
677 1704 878 1738 ambitioso
905 1705 1046 1739 labore.

273 1771 307 1806 4.
336 1771 378 1804 de
402 1782 495 1804 rere.
514 1772 601 1813 sac.
651 1770 685 1804 S.
713 1770 750 1803 d.
779 1771 899 1819 vorig,
927 1772 987 1806 ΒΓ.
1015 1773 1044 1816 §.
1071 1772 1104 1806 4.
1129 1790 1174 1798 -
1198 1766 1486 1815 ίῬοιοθέσεις,
1516 1776 1660 1818 poema-

178 1819 226 1852 tis
250 1823 488 1861 argumenta.
528 1817 786 1851 dichterisehe
808 1820 1097 1864 Darstellnngen
1130 1820 1195 1853 fiir
1219 1821 1293 1854 Das
1319 1831 1353 1855 11.
1380 1832 1405 1854 s.
1435 1833 1476 1853 w.
1534 1822 1570 1856 S.
1597 1833 1657 1868 ep.

175 1865 344 1906 CXLIV,
370 1867 403 1901 4.
455 1866 588 1899 Cicero
613 1873 713 1910 sagt:
739 1878 779 1899 er
804 1868 921 1900 konne
947 1868 1026 1900 sich
1053 1879 1097 1900 zu
1114 1868 1244 1900 Ciisars
1268 1868 1371 1900 Lobe
1396 1869 1504 1901 nicht
1528 1879 1659 1915 genug

177 1916 402 1957 begeistern,
429 1914 514 1946 weil
539 1924 579 1946 er
605 1913 664 1946 bei
691 1914 820 1947 dessen
846 1915 989 1947 Theren
1015 1916 1052 1947 in
1072 1914 1287 1947 Britannien
1313 1915 1418 1949 nicht
1442 1917 1494 1949 sei
1520 1927 1657 1962 gegen-

176 1964 310 2006 wiirtig
334 1972 515 2008 gewesen.
541 1980 587 1985 —
612 1972 758 2003 genere.
813 1962 895 2006 Vgl.
924 1963 1078 2006 vorigen
1104 1963 1211 1997 Brief
1238 1963 1272 2005 ἕ.
1304 1964 1337 1997 4.
1374 1964 1478 1997 istius
1504 1967 1655 2010 generis

173 2011 211 2043 in
237 2011 348 2044 scrib.
376 2028 423 2034 —-
448 2013 485 2042 ul
509 2019 661 2052 possem.
689 2021 729 2042 so
756 2016 821 2052 gut
847 2010 938 2042 ich's
959 2011 1107 2046 konnte.
1139 2028 1185 2034 -—
1220 2010 1425 2051 alacritate,
1452 2012 1653 2047 ἐνθουσια-

174 2056 273 2102 σμῷ,
310 2059 378 2091 wie
404 2069 444 2089 er
470 2058 522 2090 im
556 2057 708 2101 vorigen
734 2058 859 2091 Briese
885 2058 966 2091 sich
993 2057 1209 2092 ausdriickt.
1243 2077 1288 2083 —-
1339 2060 1433 2103 quod
1456 2083 1466 2093 .
1493 2086 1503 2096 .
1529 2065 1564 2094 te
1589 2063 1654 2097 cel.

175 2107 261 2151 ¹3⁰&
287 2117 363 2140 was
389 2105 455 2138 ich
482 2105 540 2138 bei
569 2105 682 2139 Gott!
708 2105 929 2150 vorziiglich
954 2117 1026 2139 vor
1045 2106 1113 2139 Dir
1138 2107 1245 2140 hatte
1270 2107 1475 2151 verbex-gen
1502 2110 1652 2153 mogen.

174 2148 279 2187 Uber
311 2154 469 2187 celatum
500 2154 568 2187 mit
601 2153 766 2199 doppelt.
800 2165 924 2186 accnS.
967 2166 994 2188 s,
1022 2154 1170 2188 Ramsh.
1207 2156 1239 2199 §.
1268 2156 1347 2189 131.
1387 2156 1534 2190 Grotef.
1562 2159 1653 2202 2213

173 2202 265 2235 iiber
299 2201 362 2234 das
396 2202 530 2234 partic.
564 2208 682 2245 praet.
717 2201 775 2234 bei
802 2202 915 2235 veleb.
942 2201 1091 2236 Ramsh.
1117 2203 1144 2246 §.
1169 2204 1255 2245 171,
1283 2205 1346 2241 11,
1380 2214 1413 2238 a.
1440 2205 1475 2239 2.
1504 2204 1651 2239 Grotef.

173 2249 207 2292 §.
234 2249 315 2284 324.
355 2266 402 2272 ——
451 2248 587 2291 Angor
613 2249 684 2283 mit
710 2249 800 2293 folg.
827 2248 959 2283 Aecus.
987 2261 1019 2285 c.
1046 2249 1150 2284 insin.
1200 2252 1237 2284 S.
1265 2250 1419 2284 Ramsh.
1448 2254 1476 2295 ᾗ.
1502 2254 1580 2294 168,
1607 2253 1649 2295 Β,

170 2298 207 2333 3.
235 2296 383 2330 Grotef.
412 2296 444 2339 ἕ.
471 2297 553 2339 308,
580 2298 611 2331 2.
640 2315 682 2319 -
716 2297 879 2333 debebat.
930 2299 1083 2331 lVarum
1109 2298 1175 2331 der
1200 2298 1385 2332 Indicat.?
1433 2299 1468 2332 S.
1493 2301 1648 2335 Ramsh.

172 2347 201 2388 §.
232 2346 312 2385 166,
337 2344 373 2385 2,
400 2355 430 2376 c.
458 2345 540 2377 Not.
570 2344 718 2379 Grotef.
747 2346 777 2388 ᾗ.
812 2347 888 2380 184.
916 2348 996 2379 411.
1031 2364 1076 2370 --
1120 2346 1212 2379 illud
1233 2357 1317 2379 vero
1343 2370 1350 2378 .
1379 2371 1386 2380 .
1416 2372 1423 2379 .
1451 2351 1562 2381 totum
1587 2360 1648 2382 oc-

171 2392 324 2432 cidisse,
367 2391 449 2424 dass
475 2392 566 2423 aber
592 2392 676 2425 iene
702 2393 786 2425 Idee
813 2418 823 2428 .
852 2419 859 2427 .
888 2417 896 2426 .
923 2393 1101 2436 ςέίηιΙίοΙι
1137 2393 1252 2427 dahin
1286 2395 1561 2438 geschwunden
1586 2397 1647 2430 ist.

172 2459 214 2464 —-
248 2437 358 2473 Λὶὲν
385 2464 392 2471 .
419 2465 426 2471 .
455 2464 463 2471 .
490 2435 655 2479 ἄλλων,
707 2452 855 2485 semper
893 2442 1044 2474 fortiter
1079 2452 1191 2487 agere
1227 2448 1261 2474 et
1298 2442 1379 2474 aliis
1414 2444 1646 2487 superiorem

170 2498 261 2529 esse,
288 2498 325 2520 es
353 2486 497 2520 Andern
524 2498 640 2520 zuvor
665 2499 708 2521 zu
733 2488 837 2521 thun.
893 2490 963 2522 Ein
992 2487 1106 2530 Vcrs,
1140 2491 1212 2523 den
1240 2489 1400 2523 Glaukus
1425 2491 1463 2523 in
1487 2493 1646 2526 Homers

170 2535 257 2567 Ilias
284 2535 347 2576 VI,
372 2534 544 2576 208(X1,
571 2535 667 2575 784.)
693 2536 915 2581 ausspricht.
951 2555 996 2560 —
1030 2538 1203 2579 animum,
1245 2538 1469 2583 Gesinnung.
1506 2558 1552 2564 —
1587 2540 1645 2583 qui

169 2582 291 2625 vellet,
317 2583 423 2628 quasi
450 2594 540 2615 unns
568 2584 700 2616 Caesar
725 2594 799 2617 11011
826 2585 984 2618 alicuius
1010 2586 1200 2619 commodi
1226 2597 1301 2631 spe,
1329 2587 1392 2619 sed
1419 2598 1505 2620 vere
1530 2594 1644 2633 atque

169 2641 213 2663 ex
241 2631 368 2663 animo
395 2631 581 2675 planeque
606 2642 671 2664 sua
696 2639 826 2676 sponte
853 2644 934 2666 eum
962 2640 1125 2676 amaret3
1161 2634 1225 2668 alii
1251 2634 1423 2668 simulate
1448 2642 1485 2668 et
1509 2642 1642 2675 astute,

167 2677 269 2722 quod
296 2678 340 2710 de
366 2678 541 2723 Pompeio
568 2678 753 2712 creditum
780 2688 853 2724 est,
894 2681 994 2722 (ideo
1021 2682 1134 2715 dixit:
1175 2682 1269 2715 sicut
1294 2682 1363 2715 alii
1386 2685 1550 2726 putantz)
1576 2684 1642 2729 qui

165 2726 406 2767 Ciceronem,
434 2737 542 2771 quem
568 2734 699 2761 contra
723 2728 847 2762 datam
873 2727 985 2764 fidem
1012 2730 1100 2776 pelli
1138 2741 1263 2776 passus
1288 2737 1387 2772 erat,
1422 2731 1509 2765 ideo
1534 2742 1639 2766 revo-
