1742 3006
122 70 187 118 90
408 72 471 114 M.
503 72 559 115 T.
592 71 936 115 CICERONIS
973 73 1345 117 EPISTOLAE.

123 199 236 241 quos
268 184 424 227 habuit
447 183 776 226 amantissimos
807 185 890 237 sui,
920 185 1104 227 tertium
1131 188 1220 228 iam
1251 198 1448 227 mensem
1469 187 1605 228 vexat

125 255 269 297 neque
299 243 356 282 iis
386 253 414 280 a
441 245 598 280 senatu
639 254 895 295 responsum
925 242 1026 282 dari
1056 244 1238 297 patitur.
1297 242 1370 282 Ita
1407 255 1486 282 nos
1528 255 1602 282 co-

124 299 274 352 gimur
317 296 506 349 reliquis
537 295 592 336 de
634 298 761 338 rebus
792 296 911 337 nihil
943 297 1186 340 decernere
1217 302 1333 349 ante,
1363 311 1494 351 quam
1524 311 1603 351 pu-

125 353 316 395 blicanis
348 364 606 404 responsum
635 353 707 393 sit.
761 352 910 402 Quare
940 355 1077 394 etiam
1107 355 1354 409 legationes
1385 355 1603 394 reiectum

126 410 187 450 iri
218 413 337 462 puto.
399 406 530 448 Nunc
557 407 710 460 vides,
751 410 909 463 quibus
938 408 1150 452 fluctibus
1180 412 1424 452 iactemur:
1453 413 1523 460 et,
1561 409 1601 449 si

124 479 183 506 ex
221 464 294 516 iis,
334 476 446 518 quae
490 465 772 518 scripsimus,
818 486 869 493 -
908 467 1033 507 tanta
1068 479 1114 507 es
1155 466 1518 521 perspicacitate,
1546 485 1602 493 --

123 522 261 562 etiam
291 532 318 560 a
346 533 415 560 me
446 532 532 560 non
563 521 733 573 scripta
761 520 995 574 perspicis,
1036 523 1182 564 revise
1210 536 1293 564 nos
1332 519 1599 576 aliquando:

121 581 168 617 et
206 588 473 630 quamquam
511 580 615 616 sunt
653 575 765 616 haec
805 575 1040 630 fugienda,
1079 591 1165 632 quo
1195 581 1240 619 te
1277 591 1416 628 voce,
1454 581 1600 617 tamen

120 631 208 685 sac,
239 635 287 672 ut
316 644 511 672 amorem
551 636 749 673 nostrum
788 633 903 673 tanti
933 634 1166 686 aestimes,
1211 638 1260 674 ut
1297 648 1349 675 eo
1388 633 1462 674 vel
1502 645 1601 672 cum

120 686 194 728 his
223 687 445 728 molestiis
486 687 659 740 perfrui
698 689 827 729 velis.
895 688 1036 742 Nam,
1083 703 1139 730 ne
1177 691 1334 730 absens
1375 701 1599 737 censeare,

118 745 286 784 curabo
316 742 583 783 edicendum
624 748 670 785 et
699 745 1034 798 proponendum
1063 745 1178 786 locis
1223 745 1439 786 omnibus.
1508 744 1599 785 Sub

120 800 308 840 lustrum
339 803 487 839 autem
527 801 700 840 censeri
730 802 930 854 germani
968 801 1264 854 negotiatoris
1294 804 1376 842 est.
1446 799 1598 848 Quare

119 868 250 907 cura,
280 859 329 895 ut
356 858 402 896 te
441 856 766 909 quamprimum
800 857 1043 898 videamus.
1101 857 1187 899 XI.
1226 856 1330 898 Kal.
1370 856 1502 898 Febr.
1537 854 1595 905 Q.

116 911 307 953 Metello
337 914 383 952 et
411 909 462 951 L.
492 910 680 953 Afranio
710 925 822 953 coss.

115 1040 175 1064 sse
199 1028 412 1063 Verfahren
438 1028 676 1078 einschliige.
698 1049 745 1056 —
771 1032 816 1064 M.
849 1030 941 1064 Calo
967 1030 1170 1064 Uticensis.
1198 1049 1245 1055 —
1267 1034 1349 1064 tert.
1375 1030 1400 1065 i.
1429 1039 1594 1065 mensem.

115 1077 151 1112 S.
179 1076 332 1111 Ramsh.
359 1077 388 1120 §.
416 1079 495 1120 135,
522 1079 554 1112 3.
581 1077 728 1113 Grotef.
757 1078 786 1122 §.
811 1080 892 1114 382.
918 1078 1029 1114 Anm.
1056 1079 1089 1113 4.
1117 1097 1160 1102 -
1188 1089 1402 1123 responsum
1426 1078 1471 1111 de
1498 1079 1596 1111 loca-

114 1127 217 1160 tione
242 1126 465 1159 Asianorum
497 1127 755 1171 vectigalium.
807 1126 845 1160 S.
872 1139 920 1160 zu
946 1138 1005 1172 ep.
1030 1127 1148 1168 XXII,
1174 1129 1209 1162 9.
1248 1145 1288 1151 —
1323 1126 1476 1170 patitur.
1510 1125 1598 1159 Dies

114 1174 216 1208 enim
241 1173 401 1207 (licendo
427 1174 582 1214 eximin
617 1175 671 1208 ita
696 1186 753 1208 res
779 1186 854 1209 non
875 1175 1085 1219 perficitur.
1137 1175 1203 1208 Als
1239 1186 1281 1209 er
1307 1175 1378 1208 Das
1411 1175 1464 1207 im
1503 1174 1595 1217 solg.

113 1222 228 1256 Iahre
253 1221 402 1256 wieder
426 1235 473 1256 zu
498 1221 595 1256 thun
620 1223 838 1264 versuchte,
866 1223 955 1257 liess
980 1223 1050 1256 ihn
1074 1223 1143 1257 der
1156 1222 1297 1257 Consul
1315 1222 1427 1255 C'aisar
1450 1222 1596 1266 greisen

114 1270 192 1304 und
216 1270 286 1303 in's
304 1270 529 1314 Gesa’ngniss
553 1270 704 1304 ffihren.
756 1271 794 1305 S.
821 1270 983 1314 Gellius,
1009 1271 1160 1305 sueton.
1186 1284 1222 1306 u.
1242 1271 1361 1304 Cicer.
1387 1281 1457 1315 pro
1484 1269 1596 1302 Plan-

113 1319 194 1352 cio:
223 1317 376 1360 „Quum
403 1324 548 1351 senatus
575 1318 851 1364 impediretur,
884 1329 958 1362 quo
985 1318 1108 1352 minus
1141 1337 1188 1344 —
1223 1319 1262 1351 id
1296 1318 1395 1363 quod
1426 1317 1595 1351 hostibus

111 1377 264 1411 semper
298 1372 377 1400 erat
408 1366 595 1400 tributum
629 1387 671 1392 -—
707 1378 931 1411 responsum
969 1366 1156 1410 equitibus
1181 1366 1344 1400 daretur.
1397 1366 1593 1399 MANUT.

111 1414 316 1456 legationes
340 1414 513 1448 reiectum
535 1414 597 1448 iri.
648 1415 740 1449 Puto
767 1416 867 1457 fore,
901 1421 945 1448 ut
969 1414 1175 1459 legationes
1201 1414 1324 1447 audiri
1348 1425 1423 1448 non
1448 1414 1596 1459 possint

111 1473 239 1496 mense
266 1462 484 1505 Februario,
510 1462 575 1496 sed
600 1463 641 1496 in
666 1463 772 1496 aliud
807 1469 957 1508 tempus
986 1462 1211 1496 reiiciantur
1241 1463 1322 1504 (auf
1344 1463 1428 1495 eine
1454 1462 1594 1496 andere

113 1511 198 1544 zeit
224 1511 430 1544 verti-&stet
454 1510 611 1544 werden
637 1512 817 1554 iniissen).
866 1511 1090 1544 Februarius
1123 1517 1247 1545 autem
1272 1511 1411 1544 mensis
1437 1510 1594 1555 legatio-

110 1558 217 1592 nibus
244 1558 435 1592 audiendis
466 1558 634 1594 dabatur.
685 1559 767 1593 Vid.
803 1558 848 1593 ad
884 1558 924 1601 Q.
950 1558 1074 1593 Fratr.
1099 1559 1151 1601 ΙΙ,
1176 1560 1199 1594 3
1233 1565 1273 1593 et
1297 1559 1408 1605 epist.
1435 1558 1482 1592 ad
1507 1559 1592 1594 Div.

112 1609 148 1649 1,
170 1607 204 1641 4.
233 1607 355 1640 MAN
361 1607 437 1641 UT.

207 1674 240 1709 8.
266 1677 347 1707 sunt
373 1673 461 1707 haec
483 1672 567 1706 loca
588 1672 613 1706 i.
632 1683 663 1707 e.
691 1674 806 1707 Roma
823 1673 1022 1716 fugienda,
1049 1684 1162 1707 wenn
1189 1672 1285 1706 auch
1311 1672 1379 1707 der
1405 1674 1486 1714 Ort,
1512 1685 1593 1709 wo-

110 1721 180 1756 hin
205 1721 270 1755 ich
297 1721 395 1756 Dich
428 1721 592 1763 einlade‚
624 1731 662 1755 so
694 1720 913 1756 boschaffen
938 1722 1002 1764 ist,
1028 1721 1129 1764 dass,
1154 1721 1255 1756 Wer
1288 1721 1334 1754 da
1366 1722 1437 1762 ist,
1473 1722 1593 1756 lieber

110 1770 228 1804 selbst
250 1770 373 1803 davon
398 1769 500 1803 liese.
527 1787 574 1794 -
596 1770 757 1813 perfrui.
794 1770 876 1811 „Ex
903 1769 1013 1802 libris
1040 1769 1247 1813 antiquis.“
1277 1771 1356 1803 Bos.
1385 1769 1478 1814 Sqq.
1504 1782 1591 1814 per-

107 1818 231 1852 venire
256 1818 408 1865 (glossa)
427 1817 574 1851 Priores
601 1828 686 1851 cum
704 1820 825 1852 oxon.
853 1820 884 1852 1.
911 1818 1025 1851 etiam
1041 1818 1170 1851 Lamb.
1196 1819 1296 1853 1566.
1324 1818 1442 1851 venire
1460 1819 1589 1855 hamb.

108 1866 149 1899 in
174 1877 295 1911 marg.
324 1866 425 1901 1584.
477 1865 675 1899 ORELLI.
709 1886 752 1891 —
786 1877 830 1899 ne
856 1866 981 1899 absens
1008 1876 1184 1906 censeare,
1213 1866 1292 1898 dass
1318 1868 1379 1898 Du
1406 1866 1523 1905 nicht,
1551 1879 1591 1902 so

107 1915 220 1962 lange
246 1915 306 1947 Du
331 1914 527 1947 abwesend
552 1913 635 1955 bist,
658 1914 695 1946 in
722 1914 784 1948 das
809 1913 1122 1962 Biirgerregister
1146 1913 1392 1961 eingetragen
1418 1915 1589 1949 werdest.

106 1961 356 1996 Scherzhafte
382 1962 583 2006 Drohung,
607 1963 754 1996 wofern
782 1973 825 1996 er
849 1962 957 1996 nicht
983 1961 1069 1995 bald
1094 1960 1216 1997 kiime.
1246 1981 1290 1986 -—
1318 1962 1474 2003 edicere,
1500 1974 1590 2005 pro-

104 2021 255 2054 ponere,
281 2009 643 2055 Zettelanschlagen
671 2023 706 2045 u.
735 2009 902 2044 dadurch
930 2010 1093 2043 bekannt
1118 2009 1276 2042 macheu
1300 2011 1430 2043 lassen.
1457 2029 1500 2035 —
1525 2013 1591 2044 snb

107 2060 277 2094 lustrum.
321 2058 425 2091 Diess
449 2068 573 2102 grosse
600 2057 719 2092 Siihn-
746 2071 780 2091 u.
807 2057 1153 2104 Reinigungsopfer
1176 2057 1247 2090 mit
1272 2057 1396 2091 ciuem
1419 2057 1590 2092 Schwei-

106 2117 168 2146 ne,
195 2105 356 2139 seha-ase
381 2119 416 2139 u.
444 2107 590 2140 Stieren
615 2106 917 2148 (suovetaurilia)
941 2107 1010 2140 auf
1032 2105 1115 2138 dem
1132 2105 1339 2138 Marsfelde
1364 2107 1470 2140 ward
1492 2107 1591 2141 nach

107 2153 380 2202 abgehaltener
412 2155 558 2188 Censur·
592 2154 652 2188 od.
679 2155 905 2202 Musteruug
930 2167 968 2190 u.
994 2153 1240 2200 Eintragung·
1274 2154 1342 2186 der
1377 2155 1524 2202 Bur-ger
1550 2156 1589 2189 in

107 2202 171 2235 die
196 2201 372 2247 Register
397 2201 650 2248 dargebracht
675 2203 883 2243 (conditum
911 2203 981 2245 est)
1016 2201 1091 2234 und
1117 2212 1221 2234 zwar
1245 2200 1366 2234 durch
1393 2202 1464 2235 den
1492 2204 1589 2237 Ceu-

106 2261 182 2290 εον,
208 2248 394 2282 welchem
415 2249 476 2282 das
503 2250 597 2284 hoos
613 2251 825 2294 zugefallen
858 2262 947 2284 war.
973 2269 1017 2274 -—
1039 2249 1212 2290 germani
1235 2250 1496 2293 negotiatoris,
1523 2251 1590 2285 der

106 2298 188 2331 sicli
221 2307 291 2330 von
327 2297 467 2330 seinem
495 2298 833 2346 Handelsgewerbe
867 2298 905 2330 in
941 2298 1009 2331 der
1039 2297 1199 2330 Fremde
1231 2296 1341 2330 nicht
1373 2299 1587 2332 lossreissen

107 2345 208 2379 kann
246 2344 321 2378 und
363 2344 536 2378 desshalb
571 2347 628 2379 ost
662 2353 736 2380 erst
773 2344 871 2379 nach
904 2344 1171 2392 abgehaltener
1198 2347 1340 2378 Censur
1369 2356 1491 2392 gegen
1527 2347 1588 2379 die

107 2394 192 2427 Zeit
220 2393 283 2427 des
309 2392 502 2426 Lustrums
529 2393 566 2425 in
594 2394 653 2426 die
671 2395 881 2440 Haupstadt
906 2393 1180 2428 zuriickkehrt.
1207 2412 1251 2417 —
1276 2393 1346 2426 XI.
1364 2393 1453 2426 Kal.
1481 2394 1582 2427 Febr.

107 2453 166 2474 am
208 2443 259 2476 19.
297 2441 372 2473 [an.
406 2440 467 2474 Sic
494 2441 585 2474 Cod.
613 2442 728 2475 oxon.
767 2445 799 2478 l,
833 2442 915 2475 edd.
948 2442 1029 2475 Asc.
1059 2444 1089 2475 l.
1137 2443 1237 2474 Crat.
1275 2440 1375 2474 Vict.
1405 2443 1435 2475 l.
1471 2442 1584 2475 Herv.

108 2490 210 2524 Man.
238 2489 365 2523 Lamb.
390 2489 460 2523 lx.
487 2489 576 2523 Ital.
606 2489 706 2524 Vict.
736 2492 768 2525 2.
798 2490 882 2524 Ιιάί.
908 2490 1043 2524 omisso
1070 2500 1228 2524 numero
1254 2491 1337 2523 Bos.
1365 2500 1443 2534 sqq.
1473 2490 1550 2524 OR.

1715 2224 1717 2233 ι

1713 2247 1717 2272 ἆ
